5059 6059
810 306 937 372 619

821 493 1035 577 gratia
1094 509 1298 573 quum
1342 486 1669 552 Davidem
1718 487 1783 551 in
1835 487 2069 570 capitis
2116 487 2465 552 discrimen
2512 488 2774 553 venisse

816 577 1133 653 videmus,
1188 583 1256 640 et
1311 574 1411 638 illi
1469 572 1776 656 deinceps
1834 572 2124 637 oblatum
2185 591 2224 634 a
2280 571 2427 635 Dec
2481 571 2772 637 laetitiae

817 668 1304 746 argumentum,
1351 658 1660 724 docemur
1698 678 1857 724 vera
1891 657 2019 722 fide
2042 657 2261 721 Deum
2305 655 2770 738 invocandum,

814 759 881 812 et
939 745 1020 811 ad
1080 747 1288 829 ipsius
1347 743 1703 809 bonitatem
1753 742 2282 826 confugiendum,
2328 742 2600 807 minime
2646 740 2764 806 du-

812 831 1100 897 bitantes
1157 831 1316 913 quin
1372 850 1492 912 pro
1547 827 1807 894 infinita
1863 838 1932 893 et
1973 826 2364 892 immutabili
2408 828 2615 910 ipsius
2662 848 2775 911 po-

814 917 1024 982 tentia
1097 938 1216 981 nos
1277 937 1315 979 e
1368 914 1548 979 mille
1610 915 1841 981 mortis
1898 913 2202 996 periculis
2259 932 2487 977 eruere
2548 914 2774 996 possit,

817 1012 886 1069 et
959 1011 1255 1068 mortuos
1322 1001 1518 1066 etiam
1582 1000 1755 1063 vitae
1817 1000 2185 1063 restituere.
2288 999 2591 1081 Denique
2648 997 2774 1064 hoc

824 1110 1030 1154 unum
1056 1094 1374 1171 superest,
1413 1094 1488 1150 ut
1524 1104 1949 1169 quaecunque
1987 1085 2275 1150 conditio
2312 1096 2538 1149 nostra
2573 1084 2777 1148 fuerit

819 1176 1027 1240 vitam
1087 1182 1380 1237 nostram
1440 1172 1507 1235 in
1568 1171 1777 1251 ipsius
1834 1190 2071 1235 manus
2117 1169 2542 1252 deponamus,
2601 1167 2772 1251 quod

819 1262 935 1326 fiet
991 1279 1193 1342 quum
1240 1259 1455 1340 ipsum
1501 1256 1907 1320 defensorem
1954 1265 2253 1320 nostrum
2296 1275 2440 1319 esse
2483 1274 2769 1339 agnove-

809 1346 1047 1421 rimus,
1097 1352 1164 1408 et
1199 1363 1351 1407 eum
1387 1363 1469 1406 ex
1513 1341 1732 1405 animo
1777 1342 2024 1423 precati
2070 1342 2400 1420 fuerimus,
2446 1350 2519 1403 ut
2565 1339 2773 1404 nostri

821 1431 1235 1509 misereatur,
1280 1436 1347 1492 et
1369 1427 1833 1511 promissiones
1859 1426 2064 1510 ipsius
2098 1425 2388 1509 amplexi
2433 1425 2770 1503 fuerimus,

823 1537 935 1583 eas
959 1515 1249 1598 persuasi
1286 1511 1369 1577 ad
1409 1534 1527 1578 nos
1564 1511 1894 1595 pertinere
1940 1532 2103 1595 quos
2148 1533 2234 1576 ex
2278 1510 2559 1593 inimicis
2604 1510 2773 1574 filios

822 1602 995 1680 fecit,
1042 1610 1107 1665 et
1130 1621 1248 1683 per
1286 1597 1482 1664 fidem
1519 1618 1686 1662 evan
1736 1596 1847 1662 elii
1883 1596 2176 1662 membra
2222 1596 2341 1661 filii
2377 1597 2479 1661 sui
2502 1596 2771 1660 Domini

821 1689 1027 1753 nostri
1094 1684 1247 1749 Iesu
1314 1684 1599 1749 Christi:
1726 1682 1960 1765 enique
2026 1691 2101 1747 ut
2170 1682 2339 1747 hanc
2407 1681 2769 1746 doctrinam

822 1772 1068 1839 certius
1123 1768 1665 1852 complectamur,
1727 1769 2012 1833 sciamus
2067 1765 2395 1832 Davidem
2456 1778 2769 1849 tanquam

819 1859 1102 1943 figuram
1146 1856 1415 1920 Domini
1475 1854 1683 1918 nostri
1729 1852 1882 1918 Iesu
1929 1852 2179 1918 Christi
2243 1851 2430 1917 nobis
2475 1851 2770 1935 proponi,

822 1957 888 2010 et
964 1951 1277 2025 tanquam
1357 1938 1693 2022 exemplar
1765 1937 1935 2021 quod
1999 1939 2247 2003 imitari
2313 1958 2432 2001 nos
2495 1949 2768 2020 oportet,

822 2026 1346 2113 quandoquidem
1404 2046 1751 2091 commune
1811 2025 1933 2106 ipsi
1989 2033 2054 2088 et
2102 2024 2286 2088 nobis
2331 2034 2430 2088 est
2474 2023 2646 2104 quod
2689 2020 2769 2086 de

822 2115 962 2197 ipso
1000 2115 1331 2178 recitatur.
1377 2111 1549 2179 Nam
1586 2110 1643 2173 si
1680 2109 1980 2192 specialis
2024 2110 2165 2175 eius
2209 2107 2494 2174 conditio
2542 2109 2770 2172 fuisset

822 2211 889 2263 et
932 2220 971 2262 a
1013 2209 1245 2263 nostra
1290 2197 1529 2280 dispar,
1589 2193 2016 2259 obiiceremus
2059 2214 2135 2258 ea
2179 2214 2343 2277 quae
2390 2194 2509 2275 ipsi
2557 2194 2768 2259 conti·

821 2293 1081 2368 gerunt,
1129 2305 1256 2347 non
1281 2304 1470 2366 posse
1507 2280 1692 2346 nobis
1736 2300 1877 2344 esse
1925 2278 2127 2362 utilia,
2173 2300 2381 2361 neque
2427 2280 2495 2342 in
2543 2300 2766 2342 exem·

822 2370 1006 2452 plum
1068 2369 1369 2451 proponi:
1431 2366 1543 2433 sed
1603 2386 1806 2449 quum
1862 2364 2068 2429 oculis
2114 2366 2356 2429 nostris
2401 2363 2766 2440 exhibetur,

825 2467 1138 2537 tauquam
1205 2456 1418 2536 figura
1480 2450 1750 2517 Domini
1818 2451 2020 2515 nostri
2085 2448 2233 2515 Iesu
2297 2450 2583 2515 Christi.
2655 2449 2768 2531 qui

824 2550 1023 2622 caput
1089 2549 1385 2602 nostrum
1446 2549 1562 2617 est,
1621 2544 1800 2601 certo
1850 2537 2091 2599 inferre
2134 2554 2482 2617 possumus
2531 2535 2765 2599 libera·

822 2625 1034 2690 tiones
1071 2645 1232 2707 quas
1268 2632 1575 2706 expertus
1611 2631 1712 2686 est
1749 2621 1932 2686 nobis
1977 2622 2173 2685 etiam
2221 2620 2411 2684 hodie
2455 2621 2769 2703 promitti,

825 2720 894 2775 et
950 2709 1032 2775 ad
1092 2730 1210 2775 nos
1271 2718 1594 2791 spectare,
1654 2713 1730 2771 ut
1780 2706 2053 2770 minime
2111 2705 2487 2770 dubitemus
2549 2707 2766 2769 Deum

825 2817 946 2862 nos
971 2815 1171 2860 manu
1210 2802 1541 2859 tenentem
1579 2814 1658 2858 ex
1703 2791 2005 2857 omuibus
2047 2791 2353 2874 periculis
2399 2802 2766 2873 opportuno

822 2890 1115 2964 tempore
1172 2888 1543 2945 eruturum:
1615 2877 1767 2941 licet
1826 2876 2111 2959 undique
2171 2877 2402 2941 mortis
2462 2876 2770 2960 periculis

821 2988 1194 3052 urgeamur.

992 3053 1343 3118 Caeterum
1390 3048 1515 3113 ista
1559 3049 1699 3113 fieri
1746 3068 1874 3112 non
1924 3068 2110 3130 posse
2160 3046 2301 3113 sine
2345 3047 2605 3131 magnis
2651 3068 2770 3110 an·

823 3139 1057 3224 gustiis
1118 3148 1185 3201 et
1240 3134 1735 3200 difficultatibus
1788 3134 2224 3198 certissimum
2283 3143 2399 3211 est,
2458 3132 2772 3214 quemad·

820 3225 1086 3289 modum
1149 3232 1215 3287 et
1267 3217 1595 3285 Davidem
1657 3216 1955 3283 videmus
2013 3219 2198 3302 gravi
2252 3221 2614 3283 tentatione
2673 3218 2769 3283 af·

823 3312 1062 3376 fectum
1125 3328 1322 3390 quum
1386 3307 1478 3369 ait
1530 3305 1750 3370 animo
1794 3305 2202 3386 perturbato:
2262 3302 2631 3385 Aliquando
2673 3305 2771 3367 in-

822 3396 1026 3462 cidam
1085 3396 1155 3458 in
1213 3411 1444 3457 manus
1482 3390 1718 3469 Saulis,
1776 3409 1977 3454 nonne
2017 3390 2241 3454 melius
2284 3393 2376 3455 est
2413 3394 2483 3452 ut
2521 3389 2770 3472 fuyiam

826 3485 883 3546 et
914 3480 1123 3545 salver
1157 3479 1226 3542 in
1270 3483 1441 3541 terra
1487 3475 2025 3541 Philistinorum?
2064 3473 2365 3539 Profecto
2412 3475 2531 3539 has
2578 3494 2769 3539 voces

827 3563 1186 3639 effundens,
1246 3574 1312 3627 et
1364 3561 1609 3626 nullam
1673 3560 1868 3625 aliam
1917 3561 2236 3625 rationem
2284 3580 2627 3644 superesse
2671 3569 2771 3623 tu·

829 3649 1069 3715 tandae
1117 3650 1287 3712 vitae
1334 3647 1722 3712 existimaus
1769 3665 1964 3729 quam
2012 3644 2094 3708 ad
2142 3645 2363 3709 hostes
2398 3644 2769 3728 confugere,

829 3736 993 3800 satis
1052 3733 1365 3798 indicavit
1419 3731 1869 3815 perturbatum
1933 3731 2131 3795 fuisse
2187 3731 2394 3813 ipsius
2452 3731 2770 3809 animum,

830 3841 1026 3903 quem
1086 3820 1149 3882 in
1215 3818 1383 3882 hauc
1438 3832 1501 3880 et
1559 3817 1738 3880 illam
1789 3827 2037 3898 partem
2085 3816 2434 3881 fluctuasse
2479 3816 2770 3892 dubium,

829 3914 896 3973 et
926 3902 1098 3988 apud
1136 3924 1207 3968 se
1251 3902 1673 3968 vehementer
1717 3902 2034 3967 luctatum
2084 3900 2355 3983 ideoque
2401 3901 2578 3965 istud
2623 3923 2772 3966 cou-

830 3992 1051 4058 silium
1118 3987 1198 4055 ad
1259 3986 1647 4053 Philistaeos
1701 3986 2118 4072 confugiendi
2179 3987 2445 4051 tandem
2504 3989 2770 4067 cepisse.

831 4076 1008 4158 Quid
1046 4074 1182 4139 ita?
1230 4073 1512 4149 obsecro,
1560 4073 1813 4137 tantine
1849 4075 2051 4138 vitam
2098 4093 2283 4139 suam
2311 4072 2528 4136 David
2577 4073 2739 4137 facie

828 4162 939 4227 bat
967 4172 1040 4225 ut
1061 4182 1208 4226 cum
1248 4157 1603 4224 incredulis
1637 4160 2011 4224 conversari
2052 4158 2239 4223 malit
2281 4178 2475 4239 quam
2523 4157 2773 4222 diutius

829 4248 899 4312 in
923 4246 1168 4313 Iudaea
1202 4244 1767 4329 persequutionem
1805 4243 1979 4325 pati?
2028 4247 2139 4309 vix
2185 4246 2360 4308 enim
2404 4265 2474 4307 se
2518 4252 2777 4326 poterat

832 4333 914 4398 ab
991 4332 1172 4397 omui
1249 4329 1685 4410 corruptionis
1749 4328 1895 4393 labe
1956 4328 2317 4394 immunem
2383 4331 2592 4394 tueri:
2658 4327 2771 4394 sed

831 4428 1052 4483 tamen
1107 4417 1377 4481 minime
1436 4415 1703 4479 dubium
1758 4421 1860 4479 est
1903 4413 2057 4494 quin
2103 4415 2389 4496 sigillum
2436 4414 2770 4499 integrum

831 4505 1160 4585 fidemque
1185 4501 1528 4566 retinuerit
1550 4501 1756 4564 factae
1780 4497 1899 4564 sibi
1927 4500 2369 4581 promissionis
2400 4521 2437 4563 a
2462 4502 2767 4578 Domino,

832 4602 900 4656 et
922 4590 1078 4673 quin
1102 4589 1182 4653 ab
1218 4588 1394 4651 omni
1442 4586 1795 4650 ambitione
1835 4595 1903 4648 et
1947 4585 2222 4648 avaritia
2269 4585 2464 4648 fuerit
2506 4587 2766 4649 alicnis-

834 4678 1057 4740 simus.
1107 4674 1294 4749 Nam,
1343 4685 1411 4736 ut
1448 4673 1725 4755 ipsemet
1770 4672 1834 4733 in
1884 4669 2149 4751 psalmis
2191 4681 2485 4745 testatur,
2531 4671 2602 4733 in
2647 4672 2768 4734 Dei

834 4781 1069 4825 manus
1092 4760 1297 4822 vitam
1337 4779 1515 4823 suam
1560 4756 1871 4838 reposuit,
1917 4768 1983 4819 et
2028 4756 2128 4819 ius
2173 4755 2390 4839 regiae
2431 4755 2769 4838 dignitatis

835 4846 955 4912 sibi
1017 4844 1268 4908 debitae
1322 4865 1456 4906 non
1512 4843 1770 4920 abiecit,
1830 4841 2000 4925 quod
2067 4841 2133 4904 iu
2194 4863 2273 4906 ea
2328 4841 2541 4923 posita
2599 4854 2770 4905 esset

835 4931 1066 4997 salutis
1094 4929 1300 5011 ipsius
1322 4940 1625 4992 aeternae
1648 4948 1814 5010 spes,
1860 4926 2177 5008 siquidem
2216 4948 2347 4991 uon
2383 4927 2462 4990 de
2508 4938 2769 4992 terreno

835 5034 902 5083 et
946 5017 1187 5081 caduco
1236 5016 1401 5079 bono
1446 5014 1690 5095 aliquo,
1745 5013 1857 5078 sed
1901 5012 1980 5076 de
2026 5028 2203 5079 certo
2249 5015 2520 5096 pignore
2565 5014 2767 5078 futuri

836 5103 995 5167 olim
1061 5101 1247 5184 regni
1304 5100 1572 5163 Domini
1645 5100 1848 5163 nostri
1908 5097 2059 5163 Iesu
2120 5098 2369 5164 Christi
2428 5098 2765 5182 agebatur.

835 5189 1058 5271 Quare
1102 5186 1283 5249 illum
1330 5185 1617 5267 oportuit
1662 5186 1861 5249 variis
1905 5186 2075 5249 affici
2118 5186 2295 5250 curis
2340 5194 2406 5247 et
2448 5185 2767 5249 molestiis

2443 299 2856 367 HOMILIA
2901 301 3191 369 XCVII.
3361 360 3368 367 .
4633 313 4715 381 620

2875 498 2942 551 et
2999 508 3149 553 cum
3210 488 3434 553 multis
3491 489 3985 557 difficultatibus
4043 492 4311 558 luctari:
4361 492 4504 558 licet
4547 495 4720 564 dulcior

2874 574 2997 656 ipsi
3059 595 3235 638 mors
3292 574 3513 639 futura
3571 576 3818 652 fuisset,
3878 597 4076 659 quam
4133 578 4306 642 inter
4347 578 4720 650 sollicitudines

2875 672 2939 722 ct
2976 658 3395 724 difficultates
3439 661 3614 724 vitae
3658 662 4013 744 productio.
4062 662 4238 744 Quin
4271 673 4338 726 et
4371 666 4561 746 ipsum
4581 667 4728 735 Abn-

2874 742 3142 809 hamum
3203 765 3280 809 eo
3336 745 3676 810 redactum
3732 745 4061 826 videmus,
4120 756 4195 812 ut
4251 747 4483 814 Sar-am
4533 773 4729 819 uxorem

2875 842 3254 914 exponeret,
3311 833 3498 896 cuius
3555 832 3845 914 profecto
3903 831 4186 897 dedecus
4240 845 4453 898 morte
4490 837 4731 904 redimere

2875 914 3246 980 maluisset:
3315 915 3427 979 sed
3475 918 3779 999 quoniam
3826 917 4016 983 Deus
4060 919 4186 1002 ipsi
4231 921 4605 1002 promiserat,
4639 924 4733 988 fore

2877 1013 2950 1063 ut
2994 1021 3074 1064 ex
3122 1021 3240 1065 suo
3284 1001 3534 1066 semine
3578 1005 4007 1068 suscitaretur
4048 1006 4108 1067 is
4150 1005 4219 1067 in
4264 1025 4393 1087 quo
4436 1025 4626 1070 omnes
4659 1007 4734 1073 be·

2875 1083 3373 1163 nedicerentur,
3453 1086 3695 1153 idcirco
3764 1090 3966 1152 vitam
4033 1110 4220 1153 suam
4285 1091 4456 1154 tueri
4515 1101 4735 1171 conatur,

2876 1170 3045 1253 quod
3114 1169 3194 1233 ab
3261 1193 3338 1235 ea
3404 1173 3615 1237 salute
3680 1182 3748 1237 et
3811 1194 4002 1238 suam
4061 1183 4127 1239 et
4181 1176 4472 1239 omnium
4527 1176 4737 1258 pendere

2876 1255 3348 1338 quodammodo
3397 1255 3676 1332 videbat,
3735 1270 3804 1322 et
3860 1269 4176 1342 tauquam
4228 1260 4490 1326 vinculo
4528 1261 4740 1344 quodam

2876 1341 3200 1425 coniungi.
3253 1341 3336 1407 Ni
3363 1343 3568 1426 igitur
3613 1344 3900 1424 vixisset,
3938 1346 4150 1427 perire
4192 1344 4505 1410 mundum
4547 1349 4742 1411 univer-

2875 1447 3020 1492 sum
3067 1428 3494 1509 oportuisset:
3548 1449 3696 1512 spes
3732 1431 3908 1494 enim
3952 1431 4188 1495 salutis
4232 1431 4418 1495 nulla
4460 1432 4744 1514 apparebat

2876 1513 3023 1591 alia,
3093 1513 3218 1578 nisi
3287 1515 3354 1576 in
3419 1514 3671 1578 semine
3731 1514 3845 1578 illo
3906 1515 4262 1594 benedicto,
4320 1518 4490 1599 quod
4542 1537 4612 1582 ex
4647 1519 4743 1601 ipso

2878 1597 3060 1661 Deus
3082 1608 3223 1661 erat
3257 1599 3714 1666 suscitaturus.
3760 1599 4006 1666 Idcirco
4032 1601 4244 1685 igitur
4279 1603 4476 1666 vitam
4515 1610 4577 1665 ιιι
4613 1612 4743 1667 tues·

2876 1694 2985 1747 tur
3029 1682 3192 1747 nulli
3244 1683 3338 1747 rei
3383 1685 3611 1766 parcit,
3669 1685 3872 1750 donec
3918 1706 3959 1750 a
4000 1686 4144 1750 Deo
4189 1686 4356 1768 quod
4407 1688 4746 1770 exspectabat

2873 1768 3184 1834 obtineat.
3267 1768 3514 1833 Eadem
3576 1782 3676 1834 est
3722 1769 4000 1837 Davidis
4057 1773 4241 1847 ratio,
4302 1774 4416 1853 qui
4459 1772 4678 1851 millies,
4707 1772 4748 1837 si

2874 1855 3014 1918 fieri
3075 1854 3424 1937 potuisset,
3480 1857 3645 1919 mori
3707 1856 4036 1939 elegisset,
4096 1878 4290 1939 quam
4353 1858 4526 1941 apud
4565 1858 4750 1922 alienos

2871 1939 3396 2004 commemorari:
3448 1940 3563 2005 sed
3588 1942 3846 2007 interim
3884 1942 4088 2006 fretus
4126 1941 4351 2007 divina
4397 1944 4751 2024 promissione

2871 2046 2941 2090 se
2986 2025 3058 2088 in
3105 2026 3356 2109 regiam
3406 2024 3790 2107 dignitatem
3838 2037 4138 2092 evectum
4185 2029 4284 2108 iri,
4343 2028 4754 2110 tantisperdum

2869 2110 3077 2194 ipsius
3103 2121 3415 2194 appareat
3437 2110 3813 2194 redemptor
3848 2113 4042 2177 saluti
4083 2133 4241 2177 suae
4274 2114 4595 2179 consuluit
4629 2112 4754 2195 apud

2870 2195 3266 2267 idololatras,
3311 2194 3479 2278 quod
3528 2196 3684 2260 alibi
3729 2218 3860 2261 non
3906 2208 4144 2280 posset.

3043 2282 3252 2345 Porro
3295 2301 3494 2364 quum
3542 2279 3785 2347 dicitur
3809 2282 4026 2347 David
4073 2283 4484 2349 habitavisse
4525 2283 4589 2347 in
4624 2283 4757 2348 Geth

2870 2387 3017 2431 cum
3078 2387 3234 2450 roge
3280 2366 3484 2431 Achis
3547 2366 3687 2448 ipse
3742 2375 3809 2432 et
3867 2368 3991 2431 viri
4047 2370 4191 2432 eius
4249 2380 4316 2433 et
4379 2369 4602 2433 domus
4643 2370 4758 2449 eius,

2875 2464 2939 2515 et
2992 2449 3158 2515 duae
3216 2472 3455 2516 uxores
3509 2453 3749 2533 ipsius,
3808 2474 3888 2517 ex
3950 2474 4028 2518 eo
4096 2462 4372 2537 apparet
4437 2453 4758 2519 admirande

2873 2538 3124 2601 ratione
3171 2536 3386 2602 Deum
3449 2538 3645 2601 corda
3687 2539 4195 2603 Philistinorum
4243 2540 4525 2616 flexisse,
4571 2552 4636 2602 ut
4669 2538 4760 2601 De-

2874 2620 3088 2687 videm
3132 2644 3281 2688 cum
3328 2621 3577 2686 familia
3622 2636 3756 2688 tam
3803 2625 4180 2689 humaniter
4223 2626 4620 2708 exciperent.
4675 2623 4765 2687 Ne·

2873 2728 2998 2789 que
3056 2708 3234 2772 enim
3294 2708 3652 2772 verisimile
3706 2718 3809 2774 est
3867 2732 3951 2774 ex
4008 2712 4297 2793 ipsorum
4364 2712 4660 2776 memoria
4703 2709 4763 2771 ef·

2875 2793 3143 2858 fluxisse
3221 2790 3547 2857 canticum
3633 2794 3792 2858 illud
3874 2814 3916 2859 a
3998 2796 4391 2861 mulieribus
4459 2806 4527 2860 ει
4587 2793 4766 2877 puellis

2876 2876 3330 2959 decantatum,
3390 2877 3570 2943 mille
3606 2879 3899 2963 Saulem,
3944 2880 4165 2946 decem
4214 2901 4376 2945 vero
4421 2881 4619 2946 millia
4651 2878 4768 2944 Phi-

2877 2963 3242 3029 listincrum
3294 2962 3614 3028 Davidem
3662 2966 3986 3039 cecidisse.
4040 2967 4333 3048 satisque
4379 2974 4616 3031 norant
4651 2983 4771 3048 quae

2875 3046 3116 3113 damna
3174 3050 3332 3132 ipsis
3379 3049 3596 3113 David
3642 3051 4004 3117 intulisset:
4064 3071 4139 3117 ac
4182 3051 4469 3133 proinde
4506 3052 4638 3117 fieri
4676 3069 4767 3112 noe

2877 3146 3134 3216 poterat
3186 3136 3345 3218 quin
3393 3135 3685 3218 graviter
3725 3137 3847 3219 ipsi
3894 3148 4386 3215 succenserent,
4447 3138 4698 3219 ideoque
4728 3144 4772 3197 et

2872 3221 3098 3304 iugulo
3141 3222 3349 3303 ipsius
3391 3219 3572 3285 mille
3615 3220 3870 3304 gladios
3912 3223 4340 3288 intentarent.
4385 3221 4772 3303 Quamobrem

2873 3307 3060 3370 fateri
3129 3327 3395 3371 necesse
3462 3316 3560 3369 est
3629 3306 3855 3372 divina
3920 3306 4342 3388 providentia.
4411 3308 4676 3381 factum,
4723 3310 4772 3367 ut

2875 3389 3092 3454 David
3147 3393 3426 3474 gratiam
3483 3391 3654 3472 apud
3713 3393 3871 3457 istos
3930 3392 4231 3458 homiues
4289 3394 4652 3467 invenerit,
4699 3388 4773 3471 qui

2872 3475 3114 3559 alioqui
3186 3477 3252 3541 in
3326 3476 3539 3559 ipsum
3613 3478 3972 3543 crudeliter
4029 3479 4350 3543 saevituri
4415 3478 4772 3542 videbantur.

2873 3561 3021 3628 Hoc
3079 3582 3272 3643 saepe
3329 3584 3515 3628 sacra
3573 3563 3901 3646 scriptura
3944 3572 4248 3641 testatur,
4307 3565 4535 3629 Deum
4577 3565 4776 3628 flectam

2873 3648 3211 3711 hominum
3278 3647 3477 3713 corda
3540 3647 3625 3711 ad
3689 3669 3884 3713 suum
3948 3649 4336 3728 arbitrium,
4419 3658 4488 3714 et
4569 3646 4774 3730 quidem

2873 3734 3214 3799 homiuum
3259 3733 3727 3816 improborum,
3772 3754 3847 3798 ac
3892 3733 4149 3798 leonum
4197 3734 4338 3798 iras
4399 3735 4498 3799 ita
4537 3735 4778 3814 frangam

2875 3829 2950 3883 ut
3012 3820 3082 3883 in
3143 3840 3346 3903 agnos
3416 3831 3750 3884 mutentur
3815 3820 4068 3901 quoties
4134 3819 4262 3899 ipsi
4331 3819 4629 3899 videtur,
4685 3834 4774 3878 non

2874 3904 3136 3987 quidem
3195 3907 3288 3968 sic
3348 3916 3420 3967 ut
3463 3914 3763 3969 naturam
3814 3915 4076 3968 mutent
4115 3924 4409 3986 semper,
4458 3903 4570 3970 sed
4611 3916 4777 3967 tamen

2876 3999 2949 4054 ut
3007 3991 3294 4073 ipsorum
3355 3988 3642 4054 furorem
3690 4001 3756 4054 et
3799 3990 4046 4054 rabiem
4092 3988 4425 4055 adversus
4473 4011 4617 4055 suos
4652 4006 4778 4052 com·

2875 4087 3097 4156 pescat
3141 4086 3207 4139 et
3249 4088 3565 4140 coerceat.
3653 4075 3767 4140 Sic
3815 4074 4112 4140 videmus
4156 4074 4513 4141 Israelitas
4555 4074 4774 4158 gratiam
4891 4090 4892 4095 ¹

2876 4161 3205 4225 invenisse
3271 4160 3441 4243 apud
3503 4161 3887 4247 Aegyptios,
3955 4182 3992 4222 a
4059 4160 4296 4241 quibus
4363 4162 4775 4244 pretiosissime
4891 4160 4892 4193 l

2874 4265 3033 4310 vasa
3054 4267 3251 4312 aurea
3287 4257 3353 4309 et
3397 4260 3707 4329 argentea
3750 4253 4173 4328 acceperuut:
4217 4245 4318 4311 sic
4363 4248 4570 4312 etiam
4609 4252 4776 4311 centn

2873 4332 2940 4395 in
3004 4332 3287 4396 Psalmis
3347 4332 3560 4395 Deum
3633 4331 3934 4396 audimus
3993 4331 4519 4397 Philistaeorum
4585 4331 4776 4394 animos

2874 4418 3273 4494 immutasse,
3330 4430 3404 4480 ut
3449 4416 3782 4482 Israelitas
3837 4426 4406 4499 persequerentur
4461 4418 4572 4501 qui
4611 4415 4774 4481 Deum

2873 4503 3012 4567 suis
3057 4505 3334 4585 peccatis
3390 4500 3742 4567 adversum
3787 4523 3856 4567 se
3902 4512 4368 4584 provocarant.
4463 4505 4772 4581 Utrumque

2873 4589 3078 4671 igitur
3099 4589 3276 4653 istud
3314 4590 3380 4652 in
3422 4609 3618 4652 mauu
3643 4589 3765 4653 Dei
3814 4589 4095 4671 positum
4139 4609 4292 4652 esse
4342 4585 4768 4653 observandum

2872 4687 3002 4749 est,
3072 4675 3408 4753 nimirum,
3477 4684 3550 4737 ut
3615 4674 3865 4757 quoties
3926 4673 4051 4754 ipsi
4109 4672 4424 4753 videtur,
4483 4672 4588 4757 qui
4643 4670 4772 4754 prim

2871 4760 3060 4823 amici
3122 4762 3399 4836 fuerant,
3459 4760 3696 4825 efficiat
3742 4759 3929 4825 nobis
3975 4759 4295 4835 inimicos,
4363 4774 4438 4823 et
4482 4759 4767 4823 adversum

2871 4866 2988 4908 nos
3015 4847 3272 4922 excitet,
3318 4856 3385 4911 et
3429 4844 3587 4927 ipsis
3632 4854 3854 4908 utatur
3898 4854 4207 4925 tanquam
4253 4845 4552 4929 flagellis
4590 4840 4770 4926 quibus

2871 4949 2989 4992 nos
3054 4943 3317 5013 propter
3380 4940 3643 5012 peccata
3708 4930 4014 5013 castiget,
4081 4940 4153 4993 ut
4218 4929 4374 5012 ipsa
4439 4932 4563 4995 Dei
4623 4942 4768 4991 manu

2868 5015 3180 5079 feriamur
3219 5016 3530 5099 improbis
3570 5015 3941 5079 hominibus
3975 5035 4095 5079 nos
4138 5015 4612 5099 affligentibus,
4649 5004 4770 5094 quod

2868 5120 3090 5165 eorum
3158 5122 3354 5185 opera
3422 5100 3577 5165 velit
3644 5101 3744 5165 uti
3810 5100 3892 5164 ad
3959 5109 4256 5165 nostram
4333 5103 4770 5167 eorrectionem.

2867 5184 2992 5250 Vel
3062 5197 3290 5252 contra
3352 5208 3469 5270 pro
3537 5186 3827 5251 bonitate
3890 5204 4009 5249 sua
4074 5185 4418 5252 immensa
4475 5186 4588 5269 qui
4637 5182 4768 5266 prius
