5059 6059
889 303 1010 368 167

887 492 1204 576 aspiciunt
1263 490 1549 555 virtutem
1601 510 1761 573 quae
1818 496 1912 558 est
1969 492 2040 557 in
2103 492 2475 559 hominibus.
2565 490 2823 575 Quibus

888 577 1105 644 verbis
1143 575 1425 641 ostendit
1459 597 1499 641 a
1524 574 1666 642 Deo
1702 598 1823 644 nos
1859 579 2087 659 amari,
2136 600 2263 644 non
2312 587 2577 662 propter
2620 576 2820 642 ullam

885 667 1196 730 virtutem
1234 681 1363 746 qua
1399 661 1788 745 polleamus3
1825 684 1976 729 nam
2015 666 2163 731 lieet
2200 672 2472 730 externa
2507 662 2823 748 quaedam

886 749 1135 833 speeies
1179 748 1594 831 perfeetionis
1639 760 1969 832 appareat,
2038 763 2253 817 tamen
2302 748 2458 833 quid
2503 748 2678 814 aliud
2726 757 2826 816 est

885 837 951 901 in
997 833 1127 899 Dei
1171 842 1523 916 conspeetu
1568 854 1759 917 quam
1806 835 2092 901 vitium?
2180 835 2351 902 Nam
2407 845 2523 899 aut
2581 834 2825 918 duplici

883 918 1075 988 corde
1132 919 1527 996 laboramus,
1577 932 1693 984 aut
1749 920 2027 1005 gloriam
2073 920 2155 988 ab
2201 921 2577 988 hominibus
2622 940 2821 986 vena-

885 1027 1054 1084 mur,
1100 1016 1216 1071 aut
1259 1004 1590 1088 obliquum
1637 1006 1854 1072 nescio
1899 1027 2096 1089 quem
2140 1007 2341 1074 alium
2378 1008 2579 1072 finem
2624 1027 2730 1072 res
2777 1006 2827 1071 i-

883 1094 1108 1172 cimus,
1169 1102 1284 1156 aut
1343 1110 1473 1155 non
1533 1091 1812 1176 simplex
1871 1094 1997 1159 erit
2041 1093 2183 1159 Deo
2227 1092 2526 1177 placendi
2573 1091 2709 1158 desi
2755 1113 2826 1157 e-

885 1180 1077 1244 rium.
1165 1175 1388 1260 Quare
1445 1176 1500 1243 si
1546 1175 1691 1243 Dec
1748 1179 1922 1262 grati
1980 1189 2047 1244 st
2104 1180 2347 1263 accepti
2408 1198 2568 1257 esse,
2638 1178 2825 1262 sique

886 1264 1136 1332 cultum
1203 1269 1496 1329 nostrum
1564 1263 1827 1345 probari
1893 1266 2226 1348 volumus,
2290 1264 2444 1330 hine
2507 1264 2824 1331 faciamus

886 1351 1168 1426 initium,
1230 1355 1304 1414 ut
1359 1369 1593 1432 nempe
1649 1348 1864 1416 cordis
1923 1351 2130 1416 nostri
2174 1350 2539 1436 penetralia
2583 1358 2825 1415 scrute-

884 1456 1050 1515 mur,
1096 1442 1165 1501 et
1203 1433 1286 1498 ad
1323 1434 1541 1518 ipsum
1585 1435 1727 1501 sine
1769 1435 1917 1502 fuco
1952 1446 2018 1502 et
2054 1436 2392 1504 mendacio
2415 1435 2820 1503 accedamus.

886 1522 1081 1588 Hane
1124 1521 1205 1586 ob
1248 1540 1513 1587 eausam
1572 1520 1963 1605 scripturam
2022 1524 2344 1598 videmus,
2407 1531 2822 1588 ostensuram

885 1630 1012 1692 qna
1056 1608 1120 1672 in
1171 1626 1242 1671 re
1276 1606 1487 1690 posita
1524 1607 1606 1670 sit
1643 1605 1906 1674 divinae
1942 1608 2106 1693 legis
2143 1609 2473 1692 perfectio,
2519 1626 2825 1673 revocare

882 1693 1179 1760 homines
1221 1693 1305 1757 ad
1348 1692 1621 1758 affectus
1682 1702 1750 1758 et
1810 1694 2258 1780 cogitationen,
2316 1694 2824 1780 praecipientem

883 1780 1097 1846 Deum
1144 1779 1352 1844 amari
1399 1800 1479 1842 ex
1526 1787 1664 1844 toto
1707 1778 1918 1854 eorde,
1965 1789 2099 1845 tota
2134 1781 2532 1865 cogitatione
2568 1788 2634 1844 et
2670 1779 2825 1845 totis

883 1865 1135 1930 viribus
1183 1874 1250 1928 et
1291 1863 1651 1930 intellectu.
1747 1865 1915 1948 Quid
1973 1868 2158 1949 enim,
2218 1867 2430 1951 inquit
2476 1866 2660 1930 Deus
2708 1885 2824 1947 per

883 1952 1151 2018 Mosen:
1197 1948 1715 2016 DominusDeus
1747 1955 1895 2017 tuus
1917 1953 2076 2032 petit
2116 1973 2159 2017 α
2202 1959 2275 2032 te,
2319 1952 2452 2018 nisi
2492 1955 2563 2016 ut
2603 1952 2825 2017 timeas

878 2037 1223 2104 Dominum
1279 2032 1489 2101 Deum
1532 2041 1726 2115 tuum,
1793 2042 1851 2103 et
1905 2037 2181 2104 ambules
2233 2039 2303 2102 in
2364 2038 2493 2103 viis
2549 2037 2702 2113 eius,
2768 2039 2827 2101 et

879 2120 2428 2198 serviasDominoDeotuointotooordetuo,
2492 2125 2826 2188 etintota

881 2210 1101 2274 anima
1141 2206 1303 2272 tuo?
1387 2206 1490 2272 Ex
1538 2207 1773 2291 quibus
1817 2216 2090 2291 apparet
2132 2229 2368 2274 verum
2407 2209 2527 2274 Dei
2575 2206 2823 2274 cultum

880 2295 948 2359 in
1011 2293 1249 2359 affectu
1306 2292 1618 2358 interiore
1677 2293 1886 2359 cordis
1943 2316 2084 2361 esse
2149 2295 2451 2377 positum.
2552 2293 2646 2358 Et
2701 2292 2824 2359 hoc

881 2381 1099 2463 ipsum
1144 2376 1333 2443 docet
1353 2377 1706 2444 Psalmista
1740 2377 1820 2444 de
1856 2381 2106 2445 sincero
2129 2380 2256 2444 Dei
2299 2379 2477 2446 cultu
2523 2379 2816 2463 loquens.

889 2465 1066 2548 Quis,
1132 2463 1354 2547 inquit
1370 2514 1386 2544 ,
1450 2484 1702 2530 sacrum
1763 2471 2025 2531 montem
2088 2465 2360 2533 Domini
2421 2465 2769 2531 conscendet
2783 2464 2820 2529 ἓ

892 2550 1049 2631 Quis
1090 2549 1161 2614 in
1197 2569 1265 2615 eo
1306 2547 1624 2625 habitabit,
1693 2551 1839 2632 quie
1891 2552 2273 2636 inyredietur
2314 2550 2582 2618 Domini
2637 2570 2819 2616 sane-

880 2638 1162 2702 marium
1175 2634 1212 2700 ‚2
1298 2633 1499 2700 Homo
1541 2654 1756 2716 pum
1807 2643 2126 2721 rectusque
2187 2639 2366 2703 eorde
2406 2644 2463 2702 et
2504 2635 2817 2703 manibus.

880 2723 1125 2789 Manus
1180 2719 1440 2804 quidem
1497 2720 1603 2785 hie
1661 2741 1810 2787 cum
1868 2722 2062 2789 corde
2126 2724 2432 2807 coniungi
2500 2723 2818 2801 videmus,

880 2807 1051 2893 quod
1095 2806 1405 2870 nimirum
1451 2806 1741 2890 singulas
1786 2808 1972 2873 vitae
2007 2820 2265 2875 nostrae
2302 2810 2591 2875 actiones
2628 2828 2816 2891 opor-

881 2901 1019 2959 teat
1074 2912 1221 2957 cum
1283 2891 1475 2957 eorde
1529 2894 1912 2959 consentire.
2003 2893 2136 2960 Sed
2196 2895 2251 2961 si
2293 2893 2567 2978 pedibus
2610 2893 2819 2958 mani-

881 2981 1129 3062 busque
1171 2984 1240 3042 et
1281 2977 1581 3043 omnibus
1624 2981 1910 3044 externis
1953 2980 2315 3046 actionibus
2381 2982 2473 3047 sie
2526 2981 2820 3045 feramur

879 3069 950 3132 in
996 3064 1123 3130 Dei
1167 3062 1436 3140 cultum,
1501 3071 1572 3128 ut
1631 3064 1798 3129 nihil
1857 3067 2098 3150 requiri
2160 3088 2346 3151 posse
2391 3066 2693 3131 videatur
2736 3064 2817 3129 ad

877 3151 1363 3237 perfectionem,
1421 3157 1638 3214 tamen
1703 3150 1827 3215 nisi
1886 3173 1967 3216 ex
2028 3152 2281 3218 sincero
2329 3152 2520 3217 eorde
2566 3172 2817 3234 proma·

879 3249 1057 3316 nent,
1103 3235 1268 3302 nihil
1314 3236 1444 3300 nisi
1490 3256 1699 3320 nugae
1758 3248 1823 3301 et
1877 3237 2141 3303 inutiles
2203 3238 2648 3303 caeremoniae
2692 3236 2818 3302 diei

888 3323 1143 3391 debent.

1054 3407 1523 3494 Expendamus
1570 3408 1873 3491 deinceps
1919 3407 2187 3493 reliqua,
2232 3410 2471 3493 quibus
2519 3409 2824 3474 dicuntur

879 3496 997 3561 filii
1055 3494 1189 3560 Isa1
1244 3513 1471 3559 omnes
1530 3491 1823 3560 Samueli
1885 3492 2107 3570 oblati,
2166 3496 2278 3561 sed
2340 3496 2818 3579 primogenitus

883 3584 1161 3646 reiectus
1205 3589 1271 3646 et
1327 3579 1711 3661 reprobatus
1758 3599 1796 3643 a
1845 3580 2149 3662 Domino,
2211 3581 2576 3666 caeterique
2637 3580 2816 3645 dein·

884 3687 1036 3749 ceps
1099 3687 1230 3731 non
1289 3664 1494 3731 electi.
1587 3666 1814 3750 Neque
1877 3685 2037 3732 vero
2099 3667 2259 3733 haee
2309 3666 2673 3750 reprobatio
2718 3675 2820 3730 est

884 3750 1312 3836 intelligenda
1367 3761 1680 3835 tanquam
1732 3751 2127 3818 universalis
2190 3752 2509 3837 quaedam
2570 3774 2609 3818 a
2672 3750 2815 3817 Deo

882 3837 1181 3903 reiectio:
1240 3837 1353 3903 sed
1412 3857 1451 3901 a
1494 3838 1673 3922 regia
1715 3837 2031 3922 dignitate
2088 3838 2356 3905 deiectio
2416 3852 2482 3903 et
2535 3837 2813 3921 repulsa.

883 3922 1153 4008 Duplex
1200 3923 1372 3988 enim
1419 3937 1517 3988 est
1563 3924 1686 3988 Dei
1732 3923 1996 3989 electio:
2035 3945 2307 4006 quorum
2355 3924 2562 3989 altera
2605 3923 2814 3987 fideli-

883 4010 1006 4075 bus
1050 4008 1353 4073 omnibus
1398 4017 1495 4073 est
1539 4009 1924 4087 communis,
2029 4029 2112 4074 ua
2168 4011 2237 4073 in
2296 4023 2600 4075 aeternae
2646 4010 2816 4075 vitae

882 4093 1351 4161 haereditatem
1409 4092 1835 4178 adoptantur:
1896 4095 1960 4160 fo
2046 4117 2120 4160 us
2179 4095 2352 4160 enim
2412 4097 2677 4162 Domini
2734 4094 2813 4159 ad

881 4179 1145 4265 singula
1212 4179 1520 4245 ecelesiae
1598 4179 1922 4261 membra,
1999 4183 2444 4265 cuiuscunque
2504 4182 2621 4246 illa
2683 4181 2818 4246 sint

881 4267 1133 4344 aetatis,
1180 4286 1397 4334 sexus.
1457 4266 1843 4331 conditionis
1886 4268 2026 4332 sine
2084 4270 2468 4352 exceptione
2512 4268 2811 4351 pertinet.

881 4354 1112 4419 Altera
1156 4373 1312 4417 vero
1356 4351 1713 4435 singularis
1758 4362 1874 4428 est,
1921 4372 2126 4434 quum
2171 4353 2355 4420 Deus
2399 4352 2684 4436 aliquem
2733 4352 2815 4418 ad

880 4439 1280 4506 functionem
1327 4437 1609 4520 aliquam
1656 4438 1979 4522 privatam
2042 4450 2276 4522 vocat,·
2314 4459 2520 4523 eoque
2567 4437 2649 4502 ad
2695 4439 2816 4504 hoc

882 4525 984 4590 vel
1030 4524 1188 4589 illud
1252 4522 1687 4588 ministerium
1745 4524 1972 4588 utitur.
2061 4523 2174 4589 Sic
2230 4526 2445 4609 inquit
2490 4523 2815 4589 Dominus

882 4620 1103 4676 noster
1145 4608 1332 4675 Iesus
1378 4607 1720 4675 Christus:
1784 4608 1921 4674 Vos
1981 4631 2112 4674 non
2168 4632 2275 4676 me
2331 4611 2642 4694 elegistis,
2701 4608 2813 4675 sed

882 4717 1004 4779 ego
1073 4716 1184 4761 vos
1239 4694 1424 4779 elegi,
1494 4715 1727 4778 nempe
1777 4694 1855 4758 ad
1912 4696 2305 4777 apostolatus
2357 4695 2814 4761 ministerium.

886 4782 1032 4847 Etsi
1093 4781 1268 4846 enim
1330 4803 1411 4846 ex
1472 4780 1815 4864 adoptione
1882 4782 2091 4846 voeati
2146 4793 2300 4846 sunt
2357 4783 2438 4848 ad
2479 4786 2816 4847 aeternam

888 4868 1160 4933 salutem
1224 4867 1514 4950 apostoli,
1571 4865 1684 4931 illa
1743 4877 1961 4931 tamen
2020 4866 2247 4932 electio
2304 4865 2668 4951 pertinebat
2733 4866 2814 4931 ad

886 4953 1214 5037 singulare
1258 4952 1421 5018 illud
1458 4952 1852 5036 apostolatus
1877 4973 2115 5017 munus
2150 4964 2219 5018 et
2251 4955 2560 5020 officium.
2628 4951 2813 5017 Elec·

887 5039 1125 5103 tionem
1181 5046 1398 5103 autem
1458 5038 1537 5104 ad
1598 5038 1872 5105 salutem
1939 5058 1977 5101 o
2063 5047 2190 5104 rtet
2239 5061 2382 5106 esse
2437 5041 2691 5104 firmam
2751 5046 2818 5103 et

887 5123 1375 5201 immutabilem,
1420 5144 1568 5190 cum
1613 5145 1741 5210 qua
1785 5122 1954 5189 nihil
2032 5123 2181 5190 abet
2214 5146 2555 5192 commune
2590 5124 2816 5189 electio

891 5208 1007 5275 illa
1051 5209 1130 5275 ad
1174 5209 1531 5294 quamlibet
1572 5209 1979 5295 dignitatem.
2069 5210 2296 5294 Neque
2353 5212 2527 5277 enim
2576 5210 2815 5275 disere-

2524 301 2936 370 HOMILIA
2979 299 3237 368 LVIII.
4680 306 4755 370 163

2924 500 3086 575 pant
3128 491 3299 557 inter
3343 511 3415 557 se
3456 488 3536 555 ad
3582 509 3857 573 magnos
3899 487 4184 554 honores
4229 487 4440 561 evehi.
4484 497 4546 553 et
4572 510 4760 574 pravum

2926 596 3087 654 esse,
3146 574 3259 643 sed
3317 575 3397 640 ad
3460 575 3662 641 vitam
3722 584 4060 641 aeternam
4116 573 4399 640 electum
4443 595 4590 656 esse,
4620 587 4671 642 st
4696 601 4764 645 re-

2926 663 3198 746 probum
3243 682 3386 727 esse
3429 673 3604 727 stare
3647 660 3841 726 simul
3884 659 4071 725 nullo
4114 659 4308 725 modo
4351 671 4619 743 possunt.
4682 664 4764 732 Hie

2926 751 2946 812 i
2998 748 3131 814 ‘tur
3186 768 3387 832 quum
3447 746 3832 832 reprobatus
3901 745 4143 822 dicitur
4207 746 4650 830 primogenitus
4694 750 4765 816 ille

3116 855 3262 984 ιιι
3291 832 3779 985 isaim.
3794 832 4768 1002 θιειιεᾱεειωιτιᾱιςῑᾛ

2926 1013 3044 1071 aut
3084 1003 3458 1071 rebellionis
3502 1003 3877 1084 damnatur,
3918 1003 4033 1069 sed
4076 1002 4160 1069 ab
4192 1002 4309 1068 illa
4341 1004 4636 1088 singulari
4661 1006 4772 1072 01oe-

2926 1093 3106 1157 tione
3173 1093 3243 1156 in
3303 1090 3557 1175 regiam
3631 1089 4018 1175 dignitatem
4082 1090 4387 1172 repulsus
4451 1091 4769 1175 intelligitur,

2924 1199 3093 1261 quae
3142 1177 3382 1244 Davidi
3429 1176 3555 1241 Dei
3600 1175 3941 1241 voluntate
3985 1175 4389 1241 servabatur.
4477 1176 4574 1240 Ex
4611 1178 4774 1258 quibus

2924 1262 3424 1340 observandum,
3481 1262 3698 1328 Deum
3744 1272 4237 1345 promoventem
4281 1260 4592 1327 Davidem
4627 1262 4775 1329 adhue

2924 1371 3197 1433 puerum
3243 1360 3311 1413 et
3350 1348 3699 1433 opilionem
3735 1346 3818 1413 ad
3853 1348 4103 1431 regiam
4138 1347 4548 1433 dignitatem,
4577 1350 4777 1414 caeteris

2926 1435 3239 1502 fratribus
3282 1435 3554 1514 reiectis,
3601 1452 3718 1499 nos
3753 1432 3987 1499 docere
4018 1433 4164 1498 fieri
4202 1456 4288 1500 ex
4322 1434 4528 1516 ipsius
4565 1437 4777 1516 gratuiti

2926 1522 3212 1587 bonitate
3278 1519 3449 1604 quod
3516 1540 3634 1586 nos
3697 1527 3922 1603 gratos
3985 1528 4052 1584 et
4105 1527 4403 1603 acceptos
4464 1518 4699 1583 habeat:
4736 1533 4780 1583 et

2925 1606 3088 1672 nihil
3137 1606 3356 1673 deberi
3402 1607 3632 1670 merito
3678 1615 3905 1671 nostro
3962 1605 4132 1688 quod
4189 1604 4344 1670 huic
4384 1605 4495 1669 vel
4537 1604 4618 1669 illi
4655 1625 4779 1687 pns-

2923 1692 3248 1768 feramur,
3331 1689 3852 1792 quandoquidem
3919 1690 4006 1791 ab
4064 1691 4273 1775 ipsius
4350 1691 4493 1791 sola
4562 1691 4779 1756 bonitate

2923 1786 3322 1948 fu‘ssmississ‘.
3365 1776 4782 1947 {iffiffldiffiu3¹235am1323‘1'11u20dnffl

2923 1949 3111 2016 Iesus
3164 1948 3472 2016 Christus
3532 1958 3674 2014 erat
3729 1969 3846 2015 suo
3904 1959 4202 2031 tempore
4258 1958 4650 2032 accepturus.
4726 1948 4785 2011 Et

2923 2057 3088 2121 quae
3142 2036 3222 2101 de
3298 2036 3604 2101 unctione
3670 2034 4011 2112 dicuntur,
4077 2034 4160 2098 ad
4225 2034 4490 2120 singula
4549 2033 4785 2099 eeclesiae

2924 2123 3218 2188 membra
3294 2122 3643 2206 pertinent.
3754 2120 3913 2186 Fuit
3975 2121 4181 2270 igitur
4244 2119 4468 2185 David
4544 2136 4787 2202 tanquam

2926 2209 3080 2272 viva
3135 2210 3225 2272 im
3412 2207 3683 2273 Domini
3740 2208 3949 2272 nostri
4038 2226 4150 2271 esu
4206 2205 4481 2272 Christi.
4576 2203 4687 2272 Sed
4731 2224 4786 2268 an

2924 2294 3199 2379 insignis
3242 2314 3281 2359 a
3307 2294 3461 2376 iqua
3496 2291 3782 2378 dignitas
3815 2303 3885 2358 et
3918 2293 4134 2358 virtus
4168 2313 4320 2357 eum
4355 2290 4789 2367 commendavit,

2923 2380 3190 2463 eiusque
3267 2378 3648 2444 electionem
3719 2376 4089 2462 promovit?
4197 2378 4477 2443 Minime
4541 2379 4791 2462 gentium.

2925 2465 3118 2546 Nam,
3162 2474 3236 2529 ιιι
3278 2463 3586 2545 vidimus,
3630 2464 3924 2531 abiectus
3967 2473 4111 2530 erat
4153 2463 4372 2529 David
4413 2475 4487 2527 et
4526 2475 4788 2543 contemp·

2927 2560 3034 2617 tus
3093 2553 3267 2616 inter
3325 2552 3590 2616 fratres:
3659 2571 3934 2634 quorum
3994 2561 4217 2614 tamen
4272 2551 4346 2614 fit
4390 2563 4590 2632 caput
4626 2561 4684 2613 et
4714 2548 4793 2611 do-

2923 2638 3163 2702 minus.
3256 2635 3331 2704 Si
3389 2637 3536 2718 quis
3590 2637 3875 2719 excipiat
3919 2635 4242 2700 Davidem
4288 2653 4509 2700 coram
4554 2634 4682 2699 Deo
4716 2654 4791 2697 cur

2925 2724 3254 2807 integrum
3313 2720 3650 2798 habuisse,
3706 2733 3772 2787 et
3829 2721 4092 2805 quidem
4152 2722 4356 2803 ipsius
4398 2719 4663 2786 Domini
4697 2740 4797 2782 ssu·

2926 2810 3163 2873 tentia:
3220 2829 3463 2892 quaero
3509 2808 3832 2873 vicissim:
3891 2806 3954 2872 A
3999 2826 4129 2890 quo
4172 2808 4500 2889 acceperit
4542 2828 4644 2872 cor
4680 2803 4793 2901 illud

2924 2893 3210 2977 purum?
3300 2894 3529 2976 Neque
3573 2897 3744 2958 enim
3792 2915 3833 2958 a
3875 2914 3946 2958 se
3989 2893 4133 2978 ipso
4179 2892 4439 2957 habuit:
4487 2911 4682 2974 neque
4717 2889 4797 2952 ah·
4890 2949 4891 2954 ,

2923 3000 3050 3062 qua
3094 2981 3338 3045 virtute
3399 2981 3523 3045 fuit
3581 3002 3735 3062 prae
3795 2979 4104 3045 fratribus
4161 2979 4464 3062 insignis.
4553 2976 4717 3057 Quod
4760 2996 4795 3036 a

2923 3068 3066 3149 quis
3124 3087 3273 3131 eum
3334 3066 3520 3131 liberi
3577 3065 3833 3130 arbitrii
3895 3067 4147 3131 viribus
4198 3065 4621 3148 acquisivisse
4657 3062 4799 3136 diat,

2921 3173 3079 3217 sane
3145 3152 3429 3217 fateatur
3495 3163 3747 3235 oportet
3825 3174 3907 3216 ex
3985 3162 4289 3233 corrupto
4367 3161 4440 3215 et
4519 3149 4799 3214 maledicto

2922 3238 3160 3303 Adami
3195 3238 3443 3304 semine
3493 3238 3941 3322 progenitum:
3992 3256 4068 3303 ac
4106 3236 4375 3319 proinde
4410 3257 4548 3302 non
4572 3237 4795 3319 potuisse

2920 3324 3042 3389 sibi
3090 3335 3335 3389 rectum
3383 3325 3686 3389 affectum
3733 3323 3907 3401 dare,
3950 3342 4079 3405 quo
4121 3323 4203 3386 ad
4240 3322 4461 3388 Deum
4509 3321 4799 3392 accedent.

2920 3410 3031 3475 sed
3078 3432 3117 3474 a
3154 3408 3298 3474 Deo
3341 3411 3465 3493 ipsi
3513 3409 3735 3474 datum
3780 3423 3847 3473 et
3888 3410 3956 3473 in
4003 3409 4146 3491 ipso
4189 3408 4568 3473 formatum.
4629 3405 4799 3486 Quare

2922 3517 3076 3561 vero
3132 3494 3318 3561 Deus
3376 3517 3505 3560 non
3565 3494 3717 3560 fecit
3782 3514 3931 3560 eum
3991 3496 4278 3577 primum
4339 3492 4571 3561 nasci?
4653 3509 4802 3574 qum
4890 3511 4893 3544 ³

2920 3584 3422 3666 primogenitum
3461 3581 3811 3646 liberorum
3836 3579 3972 3645 Isa1
4006 3601 4134 3644 non
4172 3582 4439 3644 ornavit
4477 3581 4558 3645 iis
4590 3577 4801 3661 spiritus

2921 3668 3104 3733 donis
3191 3667 3427 3751 quibus
3512 3678 3759 3732 tantam
3848 3666 4232 3751 dignitatem
4320 3658 4799 3748 promereretur?

2918 3749 3171 3837 Nempe
3229 3753 3350 3820 hac
3410 3754 3662 3818 ratione
3717 3773 3976 3818 omnem
4020 3752 4392 3834 superbiam
4441 3759 4512 3818 et

2918 3841 3076 3905 tiam
3148 3837 3326 3905 Deus
3395 3840 3537 3904 vult
3603 3838 3879 3905 deiicere
3944 3848 4010 3902 et
4071 3850 4511 3919 prosternere,
4577 3847 4648 3901 ut

2915 3925 3229 4010 quosdam
3294 3926 3375 3990 ad
3441 3946 3731 3990 summos
3798 3925 4077 3990 honores
4140 3923 4505 4007 evehente,
4584 3922 4801 4006 gloriam

2916 4032 3175 4077 omnem
3221 4011 3335 4076 soli
3383 4010 3476 4075 illi
3522 4011 3813 4076 tribuere
3858 4009 4200 4076 discamus.
4276 4008 4529 4090 Quare,
4572 4009 4803 4080 obsum,

4786 3782 4802 3794 ·
4890 3733 4893 3808 l

2921 4098 3101 4163 Deus
3145 4096 3451 4163 Iacobum
3498 4098 3713 4180 potius
3756 4117 3949 4179 quam
3993 4096 4286 4161 Esavum
4332 4094 4580 4181 elegit?
4625 4093 4803 4159 Nonne
4890 4165 4891 4168 Ἴ

2918 4193 3171 4267 poterat
3231 4182 3489 4250 efficere
3548 4192 3625 4248 ιιι
3668 4182 3944 4249 Iacobus
4002 4193 4171 4248 esset-
4231 4182 4716 4267 primogenitus,
4758 4187 4801 4239 et
4888 4189 4891 4204 ⁴

2918 4272 3009 4334 ita
3072 4280 3345 4335 naturae
3397 4268 3554 4336 ordo
3615 4285 3682 4333 et
3740 4268 4027 4353 dignitas
4091 4267 4517 4333 servaretur?
4606 4266 4801 4329 Verum
4890 4289 4891 4296 ¹

2917 4358 3037 4421 etsi
3098 4356 3321 4421 fratris
3378 4355 3582 4422 talum
3642 4353 4096 4438 prehenderet,
4161 4354 4680 4438 primogenitura
4728 4369 4801 4412 re·

2921 4442 3145 4524 pulsus
3188 4453 3320 4507 est:
3380 4462 3572 4524 quam
3633 4440 3868 4506 deinde
3913 4451 4141 4506 contra
4184 4451 4496 4505 naturam
4540 4451 4609 4504 et
4646 4436 4799 4504 admi·

2917 4526 3106 4591 rabili
3150 4528 3398 4592 ratione
3444 4532 3868 4611 recuperavit.
3956 4526 4194 4607 Quare,
4257 4527 4555 4609 inquam,
4598 4527 4705 4589 ists
4735 4539 4799 4584 ne

2917 4612 3372 4696 contigerunt?
3459 4612 3709 4695 Nempe
3768 4624 3843 4679 ut
3900 4611 3981 4677 de
4038 4611 4225 4679 donis
4266 4633 4439 4694 quae
4484 4610 4609 4677 Dei
4648 4629 4798 4675 manu

2917 4697 3267 4780 accipimus
3313 4696 3644 4781 loquentes
3680 4698 4001 4764 discamus
4045 4717 4246 4780 supra
4280 4698 4601 4764 mnndum
4636 4698 4795 4780 ipsum

2915 4783 3155 4864 efferri,
3198 4796 3263 4848 et
3306 4783 3388 4848 ad
3433 4785 3644 4867 ipsum
3684 4805 3885 4848 unum
3924 4784 4235 4850 bonorum
4273 4785 4575 4850 omnium
4608 4783 4799 4847 fontem

2917 4890 3273 4952 assurgere.
3365 4868 3609 4935 Eadem
3659 4871 3824 4935 ratio
3866 4881 3967 4936 est
4008 4871 4292 4935 filiorum
4339 4869 4635 4953 Iosepbi:
4683 4886 4797 4949 quo-

2916 4976 3062 5021 rum
3110 4955 3579 5039 primogenitus
3623 4956 3856 5022 minori
3902 4956 4342 5040 postponitur:
4390 4955 4629 5021 Nonne
4666 4951 4797 5020 enim

2916 5040 3098 5106 Dens
3155 5052 3411 5125 poterat
3464 5043 3737 5117 efficere,
3799 5053 3871 5106 ut
3928 5043 4178 5126 primus
4232 5055 4616 5109 nasceretur
4651 5057 4796 5124 quem

2917 5127 3107 5191 alteri
3163 5147 3561 5211 praeponere
3614 5127 3897 5194 volebat.
3986 5126 4119 5195 Sed
4175 5129 4391 5195 voluit
4451 5127 4671 5194 ordine
4714 5143 4795 5189 ns-

2918 5222 3104 5278 turae
3146 5212 3517 5279 inferiorem
3563 5234 3725 5295 esse,
3791 5234 3983 5297 quem
4040 5222 4259 5280 tamen
4308 5213 4715 5281 nihilominus
4747 5212 4793 5270 in
