5059 6059
835 288 966 357 355

844 479 1224 564 accipimus,
1280 487 1348 548 et
1399 479 1481 546 ad
1526 501 1605 548 ea
1641 481 1782 547 sine
1826 479 2200 547 discrimine
2244 480 2643 547 accedimus:

846 587 1051 649 quum
1110 568 1391 634 infantes
1454 567 1826 651 baptisandi
1893 567 2277 643 offeruntur,
2343 587 2417 632 ac
2483 567 2789 649 baptismi

844 652 1132 718 formula
1167 653 1585 737 praelegitur,
1632 653 1714 719 ad
1762 664 2017 718 tantum
2063 653 2452 737 mysterium
2497 665 2783 718 mentem

849 759 983 804 non
1038 737 1464 817 advertimus,
1527 738 1639 806 sed
1702 750 1815 805 aut
1857 740 1926 804 in
1980 740 2119 822 ipso
2174 739 2418 823 templo
2479 738 2788 804 deambu-

839 822 1056 889 lamus
1098 833 1215 889 aut
1257 824 1539 890 invicem
1600 824 1962 909 garrimus:
2020 825 2299 907 deniqne
2343 825 2401 889 si
2448 824 2612 889 nihil
2660 826 2788 890 nisi

841 909 1215 974 inordinate
1275 910 1566 989 facimus,
1625 932 1846 976 nonne
1888 910 2162 994 perinde
2205 919 2307 976 est
2349 930 2425 976 ac
2468 911 2522 975 si
2567 909 2785 976 Deum

844 1004 914 1061 et
970 995 1220 1061 cultum
1262 996 1472 1081 ipsius
1515 996 1787 1079 pedibus
1830 995 2273 1063 calcaremus?
2364 996 2616 1079 Ecquid
2664 998 2784 1081 igi-

845 1091 957 1146 tur
1013 1103 1131 1146 nos
1189 1081 1389 1158 aliud,
1455 1103 1648 1166 quam
1704 1082 1834 1147 Dei
1899 1080 2192 1148 vindicta
2258 1098 2500 1162 manet,
2569 1103 2783 1147 coram

838 1167 1027 1234 cuius
1077 1166 1390 1233 tribunali
1432 1189 1692 1234 causam
1740 1169 2046 1249 dicentes,
2104 1169 2553 1234 obmutescere
2593 1188 2784 1252 coga-

840 1272 1013 1332 mur,
1058 1263 1124 1319 et
1147 1255 1309 1320 tanti
1351 1254 1631 1333 sceleris,
1677 1266 1836 1338 puta
1878 1254 2087 1320 divini
2113 1254 2405 1319 numinis
2448 1262 2780 1336 contemp-

844 1347 973 1419 tus,
1017 1360 1135 1424 pro
1181 1335 1471 1406 eiusdem
1518 1339 1894 1406 adoratione
1939 1338 2240 1426 religiosa
2264 1342 2356 1405 rei
2385 1351 2453 1404 et
2496 1340 2782 1406 convicti

845 1426 1113 1492 meritas
1157 1446 1402 1510 poenas
1459 1425 1765 1492 luamus?
1852 1424 2091 1492 Videte
2135 1427 2338 1509 igitur
2378 1437 2782 1508 quantopere

841 1521 1067 1580 nostra
1130 1513 1390 1578 intersit
1471 1510 1821 1596 diligenter
1899 1533 2089 1577 voces
2155 1512 2298 1576 illas
2381 1512 2779 1595 expendere:

843 1597 996 1663 Heli
1031 1597 1198 1678 filios
1236 1618 1389 1664 suos
1428 1601 1641 1682 mayis·
1678 1618 1869 1680 quam
1908 1598 2119 1664 Ποκπι
2161 1599 2372 1678 ipsum
2423 1598 2781 1664 honorasse.

842 1686 942 1749 Ac
1008 1685 1326 1768 potuisset
1392 1685 1654 1767 quidem
1719 1683 1877 1749 Heli
1942 1686 2260 1766 excipere,
2325 1682 2521 1768 longe
2587 1685 2778 1749 aliam

839 1767 1045 1835 fuisse
1101 1792 1289 1836 suam
1344 1780 1651 1850 mentem,
1705 1785 1918 1853 neque
1976 1791 2048 1834 se
2100 1789 2388 1851 unquam
2444 1773 2509 1833 in
2560 1770 2780 1836 istius-

840 1855 1021 1922 modi
1079 1855 1273 1934 furta,
1336 1856 1618 1938 rapinas,
1684 1856 2110 1922 scortationes
2169 1855 2447 1937 denique
2498 1856 2780 1921 filiorum

841 1942 1266 2019 consensisse,
1333 1940 1449 2007 sed
1512 1949 1743 2009 contra
1808 1943 2101 2026 graviter
2145 1951 2211 2006 et
2266 1941 2492 2023 iniquo
2562 1945 2781 2006 animo

836 2027 1090 2107 tulisse,
1134 2037 1204 2092 et
1247 2026 1327 2093 de
1371 2026 1603 2092 iisdem
1646 2027 1819 2093 filios
1861 2029 2123 2112 saepius
2164 2048 2203 2091 a
2239 2047 2308 2093 se
2352 2028 2781 2110 reprehensos

837 2124 907 2178 et
950 2112 1345 2197 obiurgatus,
1387 2134 1520 2178 non
1564 2111 2009 2179 dissimulasse
2050 2112 2224 2196 apud
2250 2114 2421 2196 ipsos
2456 2115 2779 2179 scelerum

840 2199 1119 2265 istorum
1200 2200 1627 2282 gravitatem,
1710 2200 1961 2265 nullum
2034 2200 2263 2264 veniae
2331 2198 2541 2264 locum
2608 2198 2780 2282 apud

838 2285 1056 2351 Deum
1117 2285 1402 2368 amplius
1455 2305 1794 2368 superesse
1839 2286 2281 2360 denunciasse‚
2342 2287 2646 2365 graviora
2687 2288 2780 2367 ip·

842 2391 1068 2436 sorum
1125 2391 1268 2436 esse
1323 2382 1604 2454 peccata,
1663 2392 1858 2454 quam
1908 2373 1965 2436 si
2031 2370 2459 2436 atrocissimis
2521 2372 2783 2436 iniuriis

839 2456 1127 2538 reliquas
1182 2455 1252 2520 in
1312 2466 1449 2521 toto
1504 2470 1826 2522 terrarum
1872 2456 2029 2523 orbe
2072 2477 2178 2522 res
2237 2468 2490 2522 creatas
2532 2457 2782 2522 affecis-

842 2552 995 2608 sent
1056 2540 1229 2628 (Deo
1293 2543 1469 2608 enim
1537 2542 1664 2627 ipsi
1728 2543 1809 2608 ab
1874 2544 2035 2627 ipsis
2105 2543 2355 2608 illatam
2423 2540 2780 2629 iniuriam),

842 2647 1064 2693 annon
1117 2628 1331 2693 officio
1386 2649 1505 2694 suo
1536 2642 1604 2693 et
1647 2631 1993 2694 autoritate
2035 2641 2312 2711 paterna
2355 2628 2628 2712 pulchre
2672 2629 2779 2692 de-

841 2712 1113 2779 functus
1169 2713 1326 2779 Heli
1387 2712 1690 2780 videtur?
1750 2734 1971 2780 annon
2031 2716 2200 2781 acris
2256 2713 2371 2779 illa
2431 2725 2498 2779 et
2557 2734 2784 2779 severa

842 2799 1314 2884 reprehensio?
1360 2799 1504 2865 Nae
1546 2800 1970 2883 reprehensio
2015 2801 2127 2865 illa
2170 2798 2428 2882 quidem
2453 2812 2520 2865 et
2562 2799 2781 2866 obiur-

933 2887 1045 2970 tio,
1102 2884 1219 2951 sed
1277 2884 1557 2951 imbellis
1616 2887 1762 2964 fuit,
1822 2899 2051 2970 utpote
2108 2888 2545 2969 perfunctorie
2591 2887 2781 2951 facta.

896 2974 1068 3056 erpit
1111 2974 1287 3037 enim
1332 2972 1601 3052 malum,
1645 2981 1712 3036 ct
1744 2973 1817 3037 fit
1837 2974 1907 3038 in
1937 2971 2074 3038 dies
2119 2974 2422 3052 atrocius,
2469 2982 2542 3036 ut
2583 2992 2782 3054 quae·

841 3057 990 3124 dam
1061 3059 1281 3124 illusio
1345 3058 1560 3141 potius
1617 3056 1881 3124 divinae
1945 3058 2304 3124 maiestatis
2360 3078 2552 3141 quam
2613 3057 2785 3123 seria

840 3143 1209 3228 obiurgatio
1253 3143 1530 3211 dicenda
1568 3144 1672 3209 sit.
1741 3144 1848 3208 En
1888 3165 2007 3210 cur
2050 3143 2233 3208 Deus
2278 3164 2422 3212 sese
2467 3142 2783 3208 dedecore

837 3243 909 3296 et
980 3230 1343 3314 ignominia
1410 3230 1704 3298 minatur
1781 3244 2162 3312 operturum
2244 3250 2355 3295 eos
2431 3249 2470 3293 a
2547 3230 2783 3313 quibus

838 3317 1294 3383 contemnitur.
1404 3315 1585 3380 Hinc
1648 3315 1871 3398 itaque
1928 3313 2304 3381 discendum
2372 3335 2513 3393 nos,
2579 3317 2635 3381 si
2712 3316 2781 3380 in

832 3403 1119 3487 proximi
1170 3411 1285 3467 aut
1341 3401 1533 3468 amici
1583 3404 1862 3486 gratiam
1921 3402 2026 3468 cui
2093 3422 2358 3485 parcere
2423 3401 2783 3482 studemus,

838 3501 961 3555 sut
1028 3488 1109 3553 ad
1194 3487 1386 3554 huius
1465 3488 1572 3552 vel
1670 3487 1845 3553 illius
1920 3487 2346 3553 offensionem
2429 3487 2783 3571 vitandam,

843 3571 976 3638 Dei
1020 3572 1295 3657 gloriam
1342 3573 1511 3638 laedi
1550 3573 1857 3656 patimur,
1902 3594 2031 3638 non
2057 3579 2276 3638 minus
2297 3593 2565 3656 peccare
2587 3594 2781 3655 quam

846 3661 903 3727 si
956 3658 1173 3724 Deum
1235 3658 1314 3723 ds
1378 3660 1539 3724 solio
1607 3659 2042 3737 detrahentes,
2111 3659 2422 3724 mortales
2487 3660 2555 3722 in
2623 3658 2783 3724 illud

846 3758 1239 3829 regnaturos
1274 3745 1721 3810 eveberemus.
1792 3744 2024 3828 Neque
2068 3765 2223 3810 vero
2266 3743 2622 3827 quidquam
2668 3765 2784 3810 ne-

845 3851 1005 3916 gare
1071 3850 1190 3900 nos
1254 3831 1536 3900 iuvabit:
1602 3829 1787 3896 sedet
1851 3833 2024 3896 enim
2084 3829 2412 3895 Dominus
2470 3830 2668 3895 iudex
2717 3841 2786 3896 et

845 3917 1110 3982 arbiter.
1190 3915 1412 3996 Quare
1456 3914 1672 3981 danda
1715 3918 1929 3981 omnis
1971 3938 2169 4000 opera
2213 3930 2331 3993 est,
2375 3932 2445 3980 ut
2492 3914 2622 3980 Dei
2666 3937 2785 3979 no-

844 4024 1001 4068 men
1046 4001 1118 4066 in
1179 4003 1386 4084 pretio
1443 4002 1530 4067 sit
1583 4000 1756 4086 apud
1811 4022 2059 4080 omnes,
2118 4013 2190 4066 ut
2248 4003 2474 4083 quanti
2530 4023 2648 4083 par
2686 4015 2783 4066 est

844 4088 1163 4153 iustitiam
1222 4089 1362 4151 eins
1418 4088 1750 4161 faciamus,
1807 4088 1973 4152 nulli
2033 4089 2405 4153 mortalium
2468 4086 2785 4153 adversus

843 4173 1066 4239 Deum
1092 4173 1458 4256 insurgenti
1506 4194 1869 4256 parcamus,
1912 4175 2025 4238 sed
2073 4185 2328 4238 mature
2372 4174 2528 4237 mali
2560 4195 2778 4255 quam-

845 4260 950 4327 vis
1007 4280 1235 4323 ansam
1297 4259 1766 4341 praecidamus,
1824 4258 1957 4324 Dei
2014 4280 2246 4326 causae
2290 4260 2516 4324 sedulo
2562 4275 2782 4343 patro·

840 4346 1155 4420 cinomur,
1215 4366 1426 4426 neque
1483 4344 1621 4409 ullo
1681 4344 1872 4409 modo
1929 4343 2240 4409 mandata
2304 4346 2508 4426 ipsius
2555 4345 2781 4410 violari

845 4432 1192 4515 patiamur.
1282 4430 1445 4495 Sese
1507 4451 1661 4494 vero
1713 4430 2049 4513 sigillatim
2112 4433 2190 4496 ad
2257 4432 2424 4497 hanc
2469 4433 2780 4495 amussim

839 4519 1299 4598 cuiuscumque
1342 4515 1589 4580 ordinis
1636 4515 1934 4580 homines
1977 4515 2415 4599 expendunto.
2490 4518 2627 4581 Vos
2669 4539 2780 4600 pa-

839 4612 994 4678 tres,
1039 4601 1274 4685 quibus
1314 4601 1501 4666 liberi
1548 4600 1674 4665 Dei
1724 4601 2033 4668 beneficio
2069 4604 2511 4685 contigerunt,
2555 4616 2783 4668 cavete

840 4710 929 4755 ne
985 4689 1169 4753 laxas
1222 4687 1354 4752 illis
1414 4688 1700 4752 habenas
1758 4689 2175 4772 permittatis,
2244 4710 2325 4752 no
2383 4689 2781 4773 petulantius

843 4775 1144 4840 viventes
1188 4774 1430 4849 feratis,
1476 4785 1544 4837 et
1587 4774 1651 4836 in
1699 4772 1876 4838 idola
1917 4775 2410 4839 transformatis.
2505 4775 2783 4839 Metuite

840 4882 929 4925 ne
968 4859 1099 4924 Dei
1156 4859 1466 4924 maiestas
1525 4873 1745 4923 vestra
1804 4860 2211 4943 indulgentia
2256 4862 2475 4925 veniat
2518 4860 2587 4924 in
2628 4882 2779 4925 con-

842 4956 1187 5027 temptum,
1250 4958 1316 5009 et
1356 4944 1563 5009 veluti
1610 4943 1887 5026 pedibus
1927 4948 2360 5011 conculcetur.
2454 4946 2777 5011 Futurum

840 5031 1019 5096 enim
1063 5043 1181 5108 est,
1234 5046 1307 5095 nt
1351 5030 1578 5095 divina
1637 5030 1925 5096 vindicta
1972 5032 2233 5096 tandem
2282 5045 2585 5114 parentes
2630 5053 2777 5097 cum

838 5114 1068 5182 liberis
1126 5117 1485 5194 absorbeat,
1546 5135 1711 5198 quos
1768 5116 2177 5202 indulgentia
2237 5135 2492 5200 patrum
2539 5118 2607 5182 in
2657 5119 2776 5183 hos

842 5202 1115 5285 laqueos
1177 5202 1483 5268 induerit.
1569 5201 1754 5267 Idem
1833 5204 1915 5268 de
1982 5203 2492 5288 magistratibus,
2563 5216 2629 5269 et
2689 5203 2776 5268 iis

2556 288 2973 359 HOMILIA
3007 290 3137 358 XI.

4663 297 4761 366 356

2732 483 2788 547 si
2893 479 3199 547 omnibus
3242 501 3402 565 quos
3445 481 3630 548 Deus
3672 480 3818 548 aliis
3861 481 4191 565 praefecit,
4235 480 4476 547 dictum
4518 495 4655 550 esto.
4701 489 4768 554 Et

2890 567 3180 633 vicissim
3239 588 3359 633 vos
3418 567 3680 652 populi,
3739 567 3973 651 quibus
4016 567 4199 633 Deus
4257 568 4608 634 libertatem
4658 594 4764 638 ma·

2891 654 3209 738 gistratus
3273 666 3526 720 vestros
3582 653 3863 737 eligendi
3928 654 4210 737 largitus
4274 671 4392 732 est,
4456 669 4657 722 cavete
4704 682 4767 725 ns

2890 740 3127 805 vestris
3169 740 3505 824 suffragiis
3537 741 3608 804 in
3632 749 3888 804 tantum
3927 738 4269 824 dignitatis
4305 740 4623 824 fastigium
4653 765 4765 825 pro·

2888 826 3076 890 fanos
3135 827 3449 905 homines,
3506 827 3741 909 impios
3777 836 3892 890 ant
3934 826 4294 892 nebulones
4339 827 4452 908 qui
4496 826 4769 910 depudue-

2887 925 3049 976 runt
3106 912 3424 990 evehens,
3482 933 3565 978 ne
3625 914 3695 977 in
3752 910 3878 976 Dei
3938 913 4342 978 maiestatem
4413 915 4680 994 peccetis,
4721 927 4770 981 et

2890 997 3138 1062 honore
3204 998 3414 1081 ipsam
3481 997 3697 1063 debito
3762 996 4073 1080 spolietis.
4162 997 4482 1081 Denique,
4544 1011 4611 1063 ut
4663 1022 4768 1067 rem

2887 1082 3059 1148 hanc
3101 1083 3170 1147 in
3217 1103 3419 1166 pauca
3478 1083 3831 1167 conferam,
3892 1084 4121 1149 sedulo
4164 1084 4528 1150 cavendum
4570 1099 4672 1163 est,
4710 1110 4770 1152 ne

2887 1171 2953 1233 in
3000 1168 3340 1233 hominnm
3385 1169 3665 1253 gratiam
3713 1181 3780 1235 et
3824 1172 4110 1235 favorem
4157 1166 4240 1234 ad
4286 1183 4549 1252 peccata
4586 1173 4770 1254 quibus

2886 1253 3012 1319 Dei
3052 1255 3360 1321 maiestas
3398 1255 3678 1320 laeditur
3711 1256 4212 1321 conniveamus:
4251 1277 4335 1319 ne
4375 1257 4647 1321 iustitiae
4675 1258 4773 1323 Dei

2885 1340 2991 1405 vel
3010 1342 3336 1406 tantillum
3357 1338 3616 1406 detrahi
3633 1343 3974 1425 patiamur,
3991 1340 4117 1406 nisi
4135 1343 4296 1406 forte
4309 1343 4675 1407 mortaleset
4702 1346 4774 1409 vi·

2880 1427 3162 1493 lissimos
3174 1426 3526 1493 lumbricos
3541 1426 3739 1492 inDei
3761 1428 3964 1510 ipsius
3977 1426 4213 1492 solium
4236 1427 4518 1494 evehere
4530 1429 4773 1495 nitimur.

3058 1512 3404 1578 Caeterum
3488 1514 3704 1596 prima
3765 1516 3978 1578 trente
4039 1514 4219 1578 locus
4275 1513 4403 1578 iste
4466 1515 4776 1581 contradic-

2887 1597 3128 1664 tionem
3189 1600 3526 1682 implicare
3588 1598 3864 1677 videtur,
3924 1598 4180 1663 dicente
4236 1599 4396 1677 Deo,
4445 1620 4516 1665 se
4558 1599 4778 1665 domum

2887 1685 3172 1750 Aaronis
3241 1685 3657 1751 constituisse
3727 1685 3809 1749 ad
3875 1685 4381 1750 ministrandum
4441 1685 4567 1767 ipsi
4619 1707 4780 1768 nsque

2884 1772 2953 1835 in
3010 1771 3504 1854 sempiternum,
3564 1770 3798 1836 deinde
3856 1790 4012 1836 vero
4066 1770 4314 1835 aiente:
4378 1771 4573 1836 Absit
4611 1793 4648 1836 a
4683 1793 4775 1836 ms.

2888 1856 3053 1921 Nam
3121 1859 3177 1922 si
3244 1856 3459 1921 Deum
3527 1878 3567 1922 a
3629 1859 3848 1939 priore
3911 1867 4099 1940 pacto
4165 1858 4507 1922 recessisse
4561 1855 4776 1936 dixeris,

2886 1940 3059 2024 quod
3120 1954 3294 2007 esset
3350 1941 3806 2026 conditionale,
3864 1939 4248 2007 tantundem
4300 1941 4381 2005 de
4424 1943 4627 2025 ipsius
4667 1964 4778 2025 pro·

2886 2029 3176 2093 videntia
3232 2029 3612 2094 detraxeris.
3702 2026 3833 2095 Sed
3881 2028 4088 2094 facilis
4132 2029 4330 2092 huius
4373 2030 4527 2093 nodi
4571 2029 4780 2107 solutio,

2885 2115 2941 2179 si
3021 2114 3214 2179 modo
3291 2116 3763 2197 scripturarum
3832 2114 4101 2197 phrasin
4162 2112 4646 2180 attenderimus.
4722 2114 4778 2177 In

2888 2199 3119 2282 primis
3171 2207 3412 2283 autem,
3458 2221 3685 2265 verum
3730 2199 3908 2265 istud
3953 2211 4021 2263 et
4060 2200 4404 2264 immotum
4454 2213 4595 2265 esto
4634 2199 4779 2282 prin·

2885 2286 3149 2369 cipium‚
3235 2286 3449 2350 Deum
3517 2307 3854 2369 nunquam
3922 2287 4182 2361 mutari,
4257 2306 4478 2367 neque
4542 2305 4783 2368 unquam

2889 2372 3290 2454 poenitentia
3348 2372 3515 2450 duci,
3575 2385 3649 2436 ut
3692 2371 3909 2437 solent
3950 2371 4275 2450 mortales,
4337 2373 4452 2455 qui
4497 2392 4679 2456 saepe
4715 2373 4787 2435 fu·

2889 2469 3185 2522 turorum
3241 2456 3458 2541 ignari
3514 2467 3761 2522 temere
3809 2457 4229 2537 contrahunt,
4285 2469 4354 2522 et
4407 2479 4532 2522 suo
4591 2459 4787 2521 damno

2889 2544 3150 2608 tandem
3188 2541 3524 2609 levitatem
3560 2564 3742 2608 suam
3781 2556 4206 2628 agnoscentes
4242 2543 4643 2625 poenitentia
4673 2542 4788 2607 duci

2886 2639 3229 2712 coguntur.
3320 2631 3411 2694 At
3475 2628 3644 2693 nihil
3708 2630 3780 2694 in
3850 2630 4061 2693 Deum
4129 2628 4262 2693 tale
4316 2630 4654 2708 contingit,
4708 2627 4788 2692 cui

2885 2715 3106 2780 omnia
3148 2725 3308 2780 sunt
3354 2717 3746 2797 praesentia;
3814 2715 3976 2779 adeo
4020 2725 4096 2778 ut
4139 2725 4280 2778 rata
4322 2735 4472 2780 esse
4519 2736 4677 2797 quac
4712 2733 4785 2777 se-

2887 2799 3015 2864 mel
3075 2800 3366 2866 decrevit
3424 2810 3738 2883 oporteat.
3827 2799 4012 2866 Nihil
4057 2810 4278 2864 tamen
4323 2801 4629 2883 prohibet
4667 2800 4788 2882 quin

2886 2907 3028 2951 sese
3074 2887 3254 2951 Deus
3298 2886 3379 2951 ad
3426 2899 3721 2951 nostrum
3767 2898 4050 2969 captum,
4112 2886 4231 2951 hoc
4276 2887 4380 2950 vel
4431 2886 4594 2951 illud
4637 2885 4790 2969 polli-

2887 2974 3072 3046 citus,
3118 2972 3575 3050 accommodet,
3619 2993 3695 3038 ac
3739 2972 3928 3037 velut
3969 2973 4039 3036 in
4085 2973 4278 3035 aliam
4312 2971 4596 3037 sormam
4619 2986 4791 3036 trass-

2887 3057 3140 3124 formet.
3231 3058 3475 3140 Ecquis
3554 3059 3730 3122 enim
3807 3057 4181 3122 mortalium
4251 3058 4627 3123 divinorum
4684 3076 4789 3121 scr·

2888 3164 3161 3207 monum
3219 3145 3621 3208 maiestatem
3684 3143 3914 3227 capiat,
3975 3144 4031 3208 si
4096 3144 4275 3208 Deus
4317 3145 4464 3227 ipse
4509 3165 4629 3208 nos
4668 3143 4791 3208 allo·

2885 3241 3143 3312 quatur,
3188 3249 3381 3312 quam
3430 3249 3514 3294 ne
3549 3230 3765 3314 angeli
3802 3229 4062 3312 quidem
4100 3229 4222 3311 ipsi
4258 3228 4539 3293 ferunt?
4582 3229 4792 3295 Idcirco

2887 3335 3032 3380 sese
3088 3335 3163 3380 eo
3208 3315 3501 3395 dimittit,
3561 3327 3634 3379 nt
3674 3315 3753 3380 ad
3803 3328 4094 3380 nostrum
4139 3331 4406 3397 captum
4459 3337 4648 3381 suum
4689 3335 4794 3379 ser-

2885 3421 3148 3465 monem
3215 3401 3674 3466 accommodet.
3761 3400 3954 3481 Quod
4013 3421 4172 3466 sane
4231 3412 4498 3466 tantum
4543 3401 4711 3465 abest
4738 3405 4794 3463 ut

2887 3486 3179 3552 insolens
3233 3486 3442 3552 videri
3504 3486 3754 3567 debeat,
3809 3499 3885 3551 ut
3926 3498 4153 3552 contra
4194 3487 4452 3568 quoties
4501 3487 4792 3553 nobiscum

2887 3573 3105 3654 ipsum
3163 3572 3374 3638 instar
3429 3574 3662 3637 matris
3706 3594 3855 3639 cum
3908 3574 4158 3637 infante
4201 3572 4670 3639 balbutientem
4708 3591 4793 3634 su·

2889 3658 3121 3736 dimus,
3178 3658 3404 3723 mirari
3454 3659 3808 3725 bonitatem
3852 3661 3992 3724 eius
4037 3679 4155 3724 nos
4199 3671 4524 3741 oporteat.
4612 3657 4793 3739 Quart

2889 3744 3202 3827 quaedam
3242 3752 3400 3809 sunt
3437 3744 3561 3809 Dei
3599 3744 4064 3827 promissiones
4081 3745 4596 3810 conditionales:
4638 3762 4795 3827 quas-

2888 3829 3039 3894 dam
3107 3851 3283 3909 vero,
3362 3846 3519 3912 puta
3577 3850 3745 3913 quae
3808 3831 4083 3897 salutem
4152 3845 4449 3895 nostram
4519 3839 4791 3914 spectant,

2888 3916 3027 3980 sola
3088 3915 3212 3980 Dei
3274 3916 3714 3982 misericordia
3774 3915 4092 3981 nituntur.
4175 3916 4316 3981 Nos
4359 3917 4544 3981 enim
4590 3913 4795 3980 Paulus

2893 4002 3032 4067 Deo
3088 4015 3313 4085 gratos
3370 4002 3622 4081 asserit,
3680 4015 3750 4065 ut
3811 4014 4074 4067 nostrae
4117 4003 4354 4067 salutis
4412 4007 4790 4085 πληροφορίαν

2890 4087 3264 4171 habeamus,
3322 4107 3517 4170 quam
3579 4087 3648 4151 in
3711 4087 3854 4170 lege
3914 4088 4183 4152 minime
4217 4087 4586 4154 consistere
4627 4088 4792 4150 docet.

2888 4173 3060 4237 Nam
3121 4174 3418 4256 promisit
3460 4173 3720 4255 quidem
3768 4175 3950 4238 Deus
3994 4171 4207 4257 legem
4267 4173 4577 4256 implenti
4629 4173 4788 4235 vitam

2887 4274 3253 4324 aeternam:
3329 4258 3441 4324 sed
3498 4259 3666 4324 eheu
3725 4259 3871 4342 quis
3929 4260 3995 4323 in
4044 4259 4192 4342 lege
4246 4259 4535 4326 salutem
4592 4255 4791 4339 adipis·

2886 4359 3093 4428 catur,
3137 4365 3302 4426 quae
3347 4344 3585 4409 millies
3631 4366 3749 4410 nos
3793 4345 4333 4427 transgressionis
4371 4365 4524 4410 reos
4565 4341 4791 4427 peragit

2886 4431 3106 4494 addita
3163 4431 3697 4496 comminatione:
3761 4428 3833 4496 Si
3892 4431 4038 4513 quis
4094 4432 4160 4495 in
4220 4451 4356 4495 uno
4409 4453 4498 4494 cx
4548 4426 4792 4494 minimis

2886 4516 3218 4581 mandatis
3310 4516 3632 4590 defecerit,
3738 4516 3935 4580 totius
4022 4516 4186 4602 legis
4268 4528 4789 4601 transgressorem

2884 4624 3045 4667 esse.
3137 4600 3379 4685 Quare,
3439 4605 3530 4665 ait
3582 4602 3852 4678 Paulus,
3911 4601 3989 4665 ad
4053 4602 4410 4685 gratuitam
4482 4602 4605 4666 Dei
4649 4597 4788 4662 boni·

2883 4701 3084 4753 tatem
3132 4701 3233 4753 est
3276 4688 3822 4768 adscendendum,
3867 4708 4062 4769 quam
4108 4690 4172 4752 in
4221 4686 4496 4754 Christo
4541 4688 4666 4752 filio
4701 4702 4791 4748 suo

2887 4775 3208 4857 patefecit,
3269 4776 3642 4838 morborum
3701 4786 3768 4837 et
3824 4774 4212 4858 languorum
4259 4787 4634 4838 nostrorum
4676 4770 4788 4833 nni·

2882 4882 3030 4926 cum
3088 4861 3467 4924 remedium.
3558 4860 3879 4940 Quamvis
3933 4881 4090 4925 vero
4149 4860 4290 4925 sola
4357 4858 4492 4923 Dei
4543 4855 4790 4943 gratuita

2886 4946 3170 5010 bonitate
3234 4945 3409 5009 salus
3476 4960 3698 5010 nostra
3767 4946 4035 5020 nitatur,
4103 4959 4319 5011 tamen
4379 4966 4580 5026 saepe
4623 4940 4788 5006 mula

2885 5030 3069 5097 Deus
3114 5031 3298 5095 nobis
3341 5051 3490 5096 cum
3536 5032 3906 5096 conditione
3943 5031 4286 5115 promittit.
4375 5027 4787 5110 Quamobrem

2882 5120 3255 5194 tenendum,
3340 5117 3554 5180 Deum
3623 5139 3752 5183 non
3822 5139 3964 5182 esse
4022 5117 4399 5183 mutabilem
4465 5135 4662 5199 quum
4711 5114 4787 5175 is·

2882 5217 3143 5287 gratum
3190 5203 3520 5268 hominem
3565 5204 3705 5268 suis
3741 5204 3929 5270 donis
3964 5204 4231 5288 spoliat:
4277 5201 4392 5270 sed
4430 5222 4555 5267 sua
4587 5195 4789 5265 iudicia
