5059 6059
297 297 404 365 157

289 484 602 553 videatur:
678 481 866 549 cuins
929 483 1129 549 etiam
1192 483 1444 549 fructus
1508 483 1624 549 diu
1687 484 1814 549 fnit
1875 482 2202 551 occultus:

289 573 482 657 primo
535 567 880 635 ridiculum
939 570 1152 636 iocum
1210 569 1389 636 dicas
1444 571 1637 635 istam
1679 570 1959 636 Davidis
2016 571 2202 635 inau-

288 655 699 743 gurationem,
758 656 868 738 qui
925 656 1145 720 statim
1204 656 1286 721 ab
1345 657 1651 722 unctione
1706 657 2063 723 revertitur
2120 653 2204 720 ad

285 744 492 809 ovium
526 751 729 823 septa,
769 741 1085 807 fratribus
1117 741 1325 823 ipsius
1360 741 1621 806 interim
1661 741 1743 807 ad
1780 742 2022 810 bellum
2060 761 2206 824 pro·

282 826 721 903 ficiscentibus,
779 838 857 891 ut
912 826 1218 911 deinceps
1260 826 1548 892 audituri
1590 848 1835 902 sumus,
1895 841 1961 893 et
2006 827 2207 894 Saule

282 934 457 981 suam
533 910 920 997 dignitatem
999 911 1217 979 adhuc
1282 913 1628 978 retinente.
1759 912 2205 995 Quamobrem

281 1000 596 1066 &scamus
632 1018 763 1062 non
804 998 974 1063 ferre
1017 997 1328 1064 iudicium
1373 997 1453 1062 de
1494 996 1736 1065 divinis
1780 999 2082 1081 operibus
2123 1020 2208 1063 ex

279 1087 358 1151 iis
412 1104 581 1167 quae
638 1085 851 1168 primo
892 1094 1236 1167 apparent:
1291 1083 1405 1149 sed
1449 1084 1733 1151 sciamus
1774 1084 1992 1150 Deum
2035 1084 2208 1150 velle

275 1190 528 1239 omnem
565 1169 750 1235 nobis
792 1173 1190 1236 oecasionem
1233 1168 1462 1235 tollere
1504 1170 1748 1254 gloriae
1790 1180 1856 1237 et
1898 1190 2207 1254 arrogan-

275 1261 418 1336 tiae,
457 1276 664 1339 quum
708 1265 844 1320 tam
888 1256 1170 1321 infirmis
1212 1255 1449 1322 mediis
1491 1276 1684 1321 suum
1727 1277 1890 1340 opus
1932 1255 2207 1340 perficit,

272 1356 334 1409 et
375 1342 693 1406 virtutem
737 1341 878 1407 eius
920 1342 1478 1424 magnifaciamus,
1539 1361 1617 1406 ea
1657 1342 1998 1409 credentes
2040 1360 2208 1422 quae

273 1428 508 1494 nostris
530 1427 831 1493 sensibus
850 1426 1401 1508 comprehendere
1430 1446 1562 1491 non
1599 1448 1965 1511 possumus.
2032 1427 2206 1493 Nam

267 1516 321 1580 si
362 1512 551 1578 Deus
608 1513 828 1577 statim
886 1510 970 1577 ab
1011 1512 1200 1576 initio
1242 1511 1578 1578 brachium
1622 1534 1816 1579 suum
1859 1522 2210 1592 exsereret,

267 1599 647 1681 coelumque
727 1606 797 1663 et
862 1608 1108 1663 terram
1171 1608 1581 1679 concuteret,
1657 1609 1725 1665 et
1785 1609 1866 1665 ut
1928 1599 2206 1684 gloriam

266 1705 448 1751 suam
530 1683 1011 1749 demonstraret
1076 1685 1297 1748 omnia
1359 1683 1687 1749 elementa
1749 1695 2206 1762 commoveret,

262 1772 407 1855 quis
449 1782 599 1835 tum
641 1769 826 1836 locus
867 1780 1040 1835 esset
1081 1769 1251 1848 fidei,
1295 1791 1496 1853 quum
1546 1771 1648 1835 vel
1694 1772 1937 1838 invitos
1979 1791 2206 1837 omnes

263 1857 343 1922 ad
402 1868 544 1922 tam
606 1855 927 1920 mirabilia
989 1854 1119 1921 Dei
1177 1875 1379 1939 opera
1438 1856 1899 1938 obstupescere
1941 1876 2206 1924 necesse

259 1941 478 2009 esset?
549 1940 648 2006 At
701 1941 862 2006 fides
901 1953 1000 2006 est
1044 1940 1205 2006 illud
1250 1962 1377 2025 quo
1420 1953 1685 2007 exstant
1725 1963 1894 2025 quae
1937 1963 2205 2027 speran-

257 2039 388 2110 tur,
433 2038 507 2094 et
551 2047 722 2110 quae
768 2025 1170 2092 demonstrat
1214 2048 1383 2109 quae
1425 2047 1556 2092 non
1601 2039 1982 2094 cernuntur.
2069 2028 2204 2095 Ita·

253 2135 380 2198 que
440 2134 652 2196 quum
702 2112 884 2177 Deus
943 2114 1013 2177 in
1079 2115 1462 2179 infirmitate
1515 2123 1839 2196 operatur,
1897 2126 1965 2179 et
2017 2115 2207 2180 initia

251 2220 530 2284 operum
597 2198 803 2281 ipsius
857 2211 1015 2265 sunt
1069 2199 1617 2283 contemptibilia,
1676 2200 1790 2265 illa
1842 2213 2065 2267 tamen
2122 2199 2206 2266 ad

253 2287 515 2351 exitum
555 2283 857 2368 perducit
890 2284 1359 2358 admirabilem,
1406 2295 1479 2349 ut
1522 2287 1814 2351 omnium
1863 2286 2203 2351 hominum

249 2374 427 2437 vires
456 2391 779 2456 superare
807 2388 1068 2437 necesse
1111 2370 1197 2435 sit
1238 2371 1549 2437 confiteri.
1617 2369 1769 2451 Qua
1811 2372 1882 2436 in
1927 2391 1999 2436 re
2042 2373 2205 2437 satis

246 2457 555 2542 amplum
620 2455 934 2521 habemus
991 2467 1453 2537 argumentum
1500 2457 1898 2524 exercendae
1941 2469 2205 2523 nostrae

239 2543 414 2611 fidei.
511 2542 695 2609 Nam
750 2545 844 2605 ita
898 2562 1042 2609 sese
1083 2541 1272 2608 nobis
1314 2544 1601 2607 maxime
1642 2543 1952 2625 patefacit
1994 2542 2198 2607 admi-

241 2629 471 2695 rabilis
517 2628 642 2693 illa
679 2627 828 2701 Dei,
869 2647 1067 2710 quam
1112 2630 1362 2710 profani
1410 2628 1708 2693 homines
1752 2638 2200 2704 contemnunt,

241 2715 710 2799 providentia,
777 2715 846 2777 in
880 2734 1011 2797 qua
1051 2714 1587 2798 conquiescimus,
1629 2714 1819 2779 illum
1862 2725 2201 2797 sperantes

241 2800 692 2886 impleturum
724 2818 892 2881 quae
928 2799 1168 2864 nostris
1204 2799 1528 2865 mentibus
1573 2800 1831 2883 assequi
1875 2821 2005 2866 non
2052 2821 2198 2883 pos·

238 2907 503 2953 sumus.
583 2889 801 2967 Atque
820 2883 944 2951 hac
966 2887 1221 2950 ratione
1262 2887 1341 2951 fit
1382 2887 1729 2969 conspicua
1765 2899 1985 2951 nostra
2021 2885 2200 2960 fides,

238 2987 305 3039 et
364 2973 569 3038 Deus
639 2970 711 3036 in
776 2970 913 3036 suis
980 2971 1287 3053 operibus
1344 2970 1768 3055 glorificatur.
1868 2971 2064 3037 Hanc
2120 2970 2203 3035 ob

236 3078 513 3126 causam
587 3055 880 3122 videmus
928 3058 1138 3121 Deum
1197 3058 1326 3121 iam
1392 3057 1544 3122 inde
1602 3057 1681 3122 ab
1722 3059 1900 3122 omni
1946 3058 2203 3123 saeculo

237 3146 577 3209 virtutem
638 3162 826 3207 suam
880 3142 1169 3208 obscuris
1232 3142 1466 3208 mediis
1520 3143 1981 3222 illustravisse,
2056 3154 2202 3208 tan·

233 3251 436 3314 quam
504 3231 569 3295 si
621 3237 877 3293 tantum
923 3230 992 3291 in
1036 3228 1235 3303 coelo,
1284 3248 1417 3293 non
1458 3239 1680 3295 autem
1721 3230 1793 3292 in
1838 3228 1944 3294 his
1983 3230 2200 3307 terris,

230 3315 653 3400 splenderet.
711 3334 842 3397 quo
901 3313 1126 3379 fideles
1184 3315 1509 3397 patienter
1564 3322 1943 3397 exspectare
1997 3314 2201 3380 disoe-

230 3417 418 3481 rent,
507 3399 698 3484 quod
777 3401 1182 3482 experientia
1247 3422 1378 3465 non
1445 3411 1700 3483 poterat
1760 3399 2009 3466 docere.
2120 3400 2200 3464 In

228 3489 477 3572 primis
515 3495 751 3551 autem
791 3485 951 3552 haec
987 3485 1281 3552 doctrina
1313 3486 1689 3570 usurpanda
1725 3501 1826 3551 est
1858 3487 1928 3551 in
1974 3485 2202 3552 salutis

229 3589 514 3639 nostrae
576 3572 864 3654 negotio,
920 3584 989 3636 et
1029 3571 1262 3638 salutis
1306 3582 1566 3637 nostrae
1608 3581 1873 3637 auctore
1915 3571 2201 3637 Domino

221 3673 460 3725 nostro
512 3659 684 3723 Iesu
726 3657 1023 3722 Christo:
1069 3677 1264 3739 quem
1313 3658 1607 3723 videmus
1651 3660 1860 3740 primo
1903 3659 2198 3723 exinani-

220 3757 369 3810 tum
434 3755 814 3825 antequam
870 3742 944 3806 in
1003 3742 1277 3828 gloriam
1336 3744 1747 3809 eveheretur.
1848 3743 2021 3808 Nam
2077 3744 2201 3809 etsi

218 3834 412 3916 regia
477 3830 704 3910 stirpe
760 3838 951 3893 natus
1011 3839 1146 3904 est,
1204 3830 1366 3895 satis
1424 3840 1646 3895 tamen
1701 3850 1785 3894 ex
1842 3829 2202 3911 prophetae

217 3919 504 4001 scriptis
572 3926 869 3999 apparet,
927 3913 1176 3980 nullam
1224 3914 1503 3998 amplius
1545 3916 1613 3980 in
1657 3914 1772 3979 illa
1814 3913 2005 3979 domo
2050 3915 2201 3979 reli-

215 4022 430 4086 quam
473 4001 716 4084 regiae
746 3997 1085 4083 dignitatis
1122 4012 1363 4075 notam,
1408 3999 1932 4084 quandoquidem
1978 3999 2202 4065 fideles

215 4090 301 4154 ad
369 4089 524 4154 lsai
588 4092 848 4170 patrem
907 4084 1188 4150 Davidis
1246 4098 1657 4162 revocantur,
1735 4088 1847 4169 qui
1905 4086 2203 4170 privatus

214 4174 522 4250 vixerat,
577 4181 651 4235 et
694 4191 847 4235 rura
891 4182 1167 4253 paterna
1210 4170 1412 4237 bobus
1456 4171 1801 4236 exercebat
1844 4174 1998 4238 suis.
2066 4171 2201 4237 Ita-

209 4282 345 4344 que
437 4279 600 4325 non
678 4266 779 4321 est
853 4255 1314 4338 inquirendum
1332 4307 1348 4334 ,
1429 4257 1602 4322 sitne
1680 4257 1884 4323 nobili
1963 4277 2202 4341 genere

211 4358 446 4423 natus,
539 4345 746 4408 modo
822 4354 1076 4408 constet
1154 4343 1504 4408 oriundum
1585 4342 1668 4408 ab
1744 4342 1859 4407 illa
1922 4341 2203 4409 Davidis

206 4435 480 4517 exigua
556 4428 832 4503 familia,
897 4442 963 4492 et
1027 4428 1219 4493 domo
1284 4430 1529 4493 rustica
1587 4429 1822 4494 abiecti
1879 4429 2200 4510 opilionis.

206 4523 313 4584 Ac
353 4538 537 4583 sane
581 4514 834 4580 scimus
856 4514 1198 4578 Christum
1239 4515 1501 4579 venisse
1545 4515 1613 4579 in
1661 4515 1840 4580 hunc
1885 4513 2200 4580 mundum

202 4615 594 4687 assumpta
651 4601 823 4664 servi
883 4600 1092 4664 forma
1151 4608 1217 4664 et
1273 4600 1513 4666 misero
1565 4611 1634 4665 et
1675 4599 1948 4683 ignobili
1991 4611 2203 4666 statu:

201 4708 272 4757 et
355 4688 578 4772 quasi
662 4695 851 4749 extra
928 4685 1266 4751 hominum
1346 4688 1743 4752 consortium
1810 4687 1880 4749 in
1945 4685 2203 4751 stabulo

199 4791 481 4847 natum,
535 4782 616 4837 et
655 4770 837 4835 velut
869 4769 953 4835 ad
988 4771 1233 4836 bestias
1273 4771 1655 4857 relegatum,
1699 4781 1775 4836 ut
1817 4771 2202 4837 conveniret

198 4862 499 4929 veritati
568 4877 726 4923 eum
783 4858 1016 4939 figura.
1106 4856 1332 4936 Quare
1387 4858 1576 4924 nobis
1633 4856 1803 4922 hanc
1863 4858 2199 4923 historiam

193 4946 631 5034 legentibus
666 4942 1041 5007 meditanda
1073 4954 1174 5008 est
1196 4943 1433 5008 Esaiae
1467 4943 1816 5018 sententia,
1861 4942 2196 5008 surculum

192 5039 570 5100 oriturum
663 5049 749 5092 ex
808 5043 1039 5093 trunco
1096 5026 1247 5092 Isa1.
1347 5028 1707 5095 Surculum
1764 5029 1939 5094 enim
1996 5050 2197 5112 quum

193 5120 390 5194 dicit,
433 5136 607 5182 rem
634 5114 950 5180 abiectam
976 5124 1043 5178 et
1076 5123 1516 5197 contemptam
1556 5115 1821 5179 denotat
1856 5114 2197 5180 hominum

187 5207 464 5274 indicio
485 5222 508 5267 ε
583 5209 659 5264 et
723 5199 985 5283 quidem
1052 5199 1575 5283 germinaturum
1640 5201 1734 5265 ait
1788 5209 2101 5283 tanquam
2160 5222 2197 5265 e

1564 295 1665 361 IN
1709 295 1765 359 1.
1811 292 1993 361 LIB.
2031 293 2434 361 SAMUEL.
2479 291 2682 361 OAP.
2748 295 2941 362 XVI.

4113 299 4239 365 158

2305 480 2512 547 reciso
2548 489 2781 551 trunco
2815 485 3169 569 surculum,
3210 488 3397 553 cuius
3431 485 3613 554 nulla
3647 496 3802 553 ante
3843 485 4246 571 apparebant

2306 567 2599 651 vestigia.
2666 570 2759 635 Et
2801 570 3183 636 nominatim
3227 573 3532 637 meminit
3572 571 3725 650 Isal,
3769 579 3844 639 ut
3886 572 4242 639 desolatam

2305 661 2376 717 et
2437 653 2752 720 abiectam
2821 655 3082 722 domum
3148 657 3411 723 denotet
3427 708 3442 736 ,
3524 679 3605 724 ex
3671 659 3857 725 cuius
3920 658 4246 726 radicibus

2308 759 2583 823 surgens
2622 739 2729 806 hic
2765 742 3063 808 surculus
3105 744 3347 808 sensim
3393 742 3790 810 adolesceret
3832 746 3903 809 in
3946 745 4245 811 arborem

2306 825 2663 910 ingentem,
2702 827 2890 893 cuius
2924 827 3201 894 altitudo
3235 841 3300 894 et
3335 830 3723 915 magnitudo
3757 829 3982 896 cedros
4003 830 4246 896 Libani

2308 910 2506 995 longe
2562 926 2918 996 superaret.
3009 914 3356 981 Caeterum
3404 918 3647 981 nostris
3691 916 3885 980 otiam
3933 916 4244 1000 tempori-

2310 997 2431 1062 bus
2503 998 2888 1079 applicanda
2943 1013 3101 1065 sunt
3156 1022 3322 1084 quae
3374 1003 3441 1065 in
3502 1001 3767 1066 Domini
3823 1002 4033 1067 nostri
4090 1002 4244 1068 Iesu

2310 1082 2565 1148 Christi
2622 1104 2898 1165 persona
2954 1086 3406 1168 contigerunt:
3464 1084 3702 1169 quibus
3756 1086 4060 1153 videmus
4103 1088 4248 1172 qui-

2310 1166 2583 1234 busdam
2640 1169 2798 1235 loeis
2856 1170 3335 1256 redintegratae
3384 1183 3449 1237 et
3492 1182 3896 1238 restauratae
3941 1173 4250 1239 ecclesiae

2310 1253 2667 1338 primordia
2723 1265 2859 1320 tam
2917 1276 3126 1339 parva
3182 1268 3444 1341 tamque
3500 1259 3780 1338 infirma,
3838 1268 3916 1324 ut
3967 1260 4247 1342 improbi

2310 1340 2610 1405 homines
2631 1340 2931 1407 ealibere
2964 1353 3386 1408 contemnant
3421 1350 3488 1408 et
3519 1342 3864 1409 irrideant:
3904 1355 3981 1409 ut
4014 1345 4249 1412 merito

2310 1426 2537 1491 fideles
2592 1427 2881 1490 animum
2942 1428 3255 1495 abiecturi
3309 1429 3679 1509 videantur,
3738 1431 3863 1496 nisi
3907 1431 4036 1495 alia
4078 1451 4249 1524 spes,

2310 1532 2501 1594 quam
2542 1531 2708 1594 quae
2740 1516 2808 1576 in
2845 1512 3068 1578 oculos
3102 1514 3469 1597 incurrunt,
3503 1515 3649 1581 illos
3685 1516 3950 1582 foveret.
3997 1515 4249 1583 Verum

2310 1617 2385 1662 eo
2437 1598 2650 1681 magis
2707 1599 2980 1663 excitari
3023 1620 3144 1664 nos
3188 1610 3459 1683 oportet,
3514 1611 3580 1666 et
3623 1599 3905 1669 assiduis
3945 1603 4250 1688 precibus

2310 1685 2392 1748 ad
2447 1682 2666 1747 Deum
2725 1684 3097 1768 confugere,
3158 1696 3230 1750 ut
3288 1686 3596 1752 omnibus
3656 1685 4126 1753 tentationibus
4182 1696 4252 1754 et

2308 1769 2662 1834 insultibus
2711 1770 3090 1837 resistamus
3126 1771 3365 1855 alioqui
3414 1775 3746 1839 nocituris.
3833 1772 4054 1854 Quare
4098 1773 4252 1840 licet

2308 1875 2388 1921 ea
2466 1855 2556 1920 sit
2633 1856 3131 1937 primordiorum
3200 1856 3610 1923 imbecillitas
3631 1909 3649 1941 ,
3730 1881 3812 1924 ne
3880 1859 4255 1925 dubitemus

2308 1952 2531 2006 tamen
2571 1941 2729 2024 quin
2766 1962 2953 2006 suum
2991 1961 3153 2025 opus
3174 1942 3362 2008 Deus
3397 1944 3485 2009 sit
3519 1945 3957 2028 perfecturus:
4004 1953 4255 2011 metum

2310 2047 2573 2092 omnem
2630 2021 3039 2103 abiiciamus,
3117 2028 3636 2112 quandoquidem
3686 2029 3931 2096 laetum
3994 2031 4252 2096 exitum

2307 2113 2740 2196 experiemur.
2831 2112 3104 2177 Interim
3146 2126 3362 2180 tamen
3408 2117 3478 2180 in
3521 2116 3779 2181 silentio
3821 2131 3888 2180 et
3927 2115 4248 2199 patientia

2308 2197 2756 2281 possideamus
2792 2199 3045 2264 animas
3081 2211 3363 2280 nostras,
3405 2210 3472 2265 et
3507 2199 3636 2268 fide
3665 2201 3989 2285 quaelibet
4030 2202 4245 2268 obsta-

2307 2285 2456 2351 cula
2512 2303 2918 2366 superemus,
2974 2304 3171 2367 opera
3211 2285 3339 2351 Dei
3387 2289 3667 2354 scientes
3710 2288 3903 2371 longe
3945 2307 4088 2353 esse
4132 2287 4247 2353 ho-

2307 2371 2563 2436 minum
2640 2369 2944 2452 operibus
3020 2370 3505 2439 excellentiora.
3629 2371 3940 2438 Vidimus
4019 2382 4249 2440 nostro

2305 2459 2564 2524 saeculo
2617 2454 2941 2538 evangelii
2999 2459 3333 2540 repurgati
3397 2456 3770 2542 primordia,
3827 2459 4047 2543 eequis
4089 2479 4247 2525 vero

2306 2553 2440 2608 tam
2500 2542 2741 2624 exiguo
2796 2543 3107 2623 temporis
3161 2545 3374 2626 spatio
3418 2554 3637 2610 tantos
3680 2565 4063 2629 progressus
4106 2545 4247 2611 fore

2304 2627 2769 2712 cogitavisset?
2843 2626 3020 2692 Sane
3064 2637 3196 2692 tam
3243 2630 3480 2716 exiguo
3523 2631 3834 2714 temporis
3875 2630 4244 2712 intervallo,

2305 2716 2550 2797 passim
2572 2723 2988 2796 repurgatam
3025 2715 3346 2797 evangelii
3384 2715 3749 2782 doctrinam
3788 2716 4245 2799 conspicimus,

2309 2812 2382 2865 ut
2442 2818 2709 2883 prorsus
2775 2797 3072 2863 divinum
3136 2820 3301 2883 opus
3364 2801 3555 2866 fateri
3624 2822 3883 2867 neeesse
3948 2802 4054 2866 sit.
4153 2802 4246 2867 Et

2307 2898 2526 2951 tamen
2586 2884 2644 2949 is
2701 2895 2801 2949 est
2849 2883 3270 2952 ecclesiarum
3316 2886 3643 2969 plerisque
3682 2887 3838 2953 locis
3882 2897 4110 2965 status,
4170 2896 4245 2951 ut

2304 2971 2583 3055 improbi
2640 2970 2826 3036 virus
2867 2989 3059 3036 suum
3102 2984 3430 3050 evomant,
3481 2981 3874 3056 sperentque
3916 2972 4097 3037 brevi
4145 2972 4243 3037 ul-

2303 3066 2527 3122 timam
2575 3069 2824 3139 pestem
2866 3056 3127 3136 inferre,
3175 3066 3242 3121 et
3283 3056 3364 3121 ad
3412 3057 3752 3141 pristinam
3798 3058 4242 3123 confusionem

2303 3146 2521 3208 omnia
2563 3162 2891 3208 revocare.
2966 3142 3059 3206 Et
3100 3162 3256 3207 sane
3299 3143 3563 3208 infirma
3604 3152 3706 3208 est
3747 3142 4035 3223 ecclesia,
4078 3162 4245 3226 quae

2304 3250 2507 3311 quum
2549 3247 2933 3312 progressus
2976 3226 3227 3311 aliquos
3269 3229 3497 3295 fecisse
3539 3227 3819 3304 videtur,
3878 3238 4241 3294 retrorsum

2304 3315 2706 3398 regreditur:
2772 3333 2974 3394 quare
3044 3323 3229 3378 tanto
3285 3314 3495 3398 magis
3556 3323 3657 3380 est
3708 3314 3942 3380 animis
3999 3315 4242 3381 nostris

2306 3400 2467 3466 haec
2518 3399 2812 3465 doctrina
2843 3398 3176 3482 infigenda
3220 3409 3285 3465 et
3319 3399 3711 3484 usurpanda,
3758 3408 3832 3465 ut
3865 3400 4236 3467 unctionem

2304 3485 2434 3551 Dei
2488 3486 2673 3551 iussu
2730 3486 2969 3550 factam
3012 3485 3365 3566 intuentes,
3422 3494 3492 3550 et
3532 3485 3815 3552 scientes
3855 3506 3977 3552 nos
4020 3507 4060 3550 a
4104 3485 4249 3551 Deo

2303 3573 2370 3636 in
2408 3592 2689 3655 regnum
2724 3570 3119 3636 sacerdotale
3154 3569 3512 3654 adoptatos,
3556 3592 3642 3636 ne
3678 3570 4048 3637 dubitemus
4084 3572 4244 3654 quin

2302 3658 2390 3724 sit
2452 3656 2619 3721 illud
2686 3655 3006 3722 adversus
3069 3656 3393 3739 quoslibet
3455 3656 3744 3722 insultus
3804 3664 4240 3742 protecturus.

2301 3744 2412 3808 Ita
2466 3740 2791 3827 propheta
2846 3742 3023 3807 Psal.
3079 3742 3122 3805 2
3176 3741 3600 3826 conqueritur
3651 3761 3860 3826 reges.
3918 3743 4246 3826 principes

2303 3839 2371 3893 et
2423 3829 2701 3912 populos
2757 3828 3249 3893 communicatis
3294 3827 3581 3894 consiliis
3625 3827 3936 3893 adversus
3979 3850 4048 3894 se
4091 3850 4245 3894 con-

2304 3915 2612 3998 spirasse,
2671 3912 2785 3979 sed
2843 3911 3061 3977 Deum
3123 3912 3216 3976 ait
3269 3933 3490 3997 regem
3548 3933 3741 3978 suum
3787 3915 4077 3986 unxisse,
4134 3913 4245 3997 qui

2302 4019 2583 4084 regnum
2627 3999 2835 4082 ipsius
2876 3997 3307 4064 administret.
3372 3997 3628 4079 Quibus
3675 3998 3893 4065 verbis
3914 3999 4246 4064 Dominus

2303 4106 2511 4152 vanos
2569 4095 2637 4151 et
2693 4084 2910 4148 irritos
2965 4086 3099 4149 sore
3142 4103 3368 4149 omnes
3411 4084 3705 4150 omnium
3748 4083 4084 4150 hominum
4129 4082 4247 4150 ad-

2302 4193 2532 4238 versus
2591 4190 2775 4236 suam
2830 4169 3168 4235 ecclesiam
3223 4177 3497 4235 conatus
3554 4169 3916 4253 pollicetur.
4020 4168 4246 4250 Quare

2303 4258 2373 4321 in
2420 4256 2705 4322 Domino
2748 4258 3301 4337 conquiescamus,
3351 4254 3872 4338 quandoquidem
3920 4254 4244 4319 Dominus

2304 4355 2529 4409 noster
2551 4342 2738 4407 Iesus
2763 4340 3070 4407 Christus
3113 4340 3357 4407 electus
3400 4355 3501 4406 est
3543 4350 3740 4423 caput·
3782 4350 3850 4404 et
3892 4340 4245 4422 imperator

2305 4429 2525 4513 populi
2580 4428 2707 4507 sui,
2762 4424 2843 4489 ad
2897 4446 3124 4492 omnes
3177 4435 3596 4492 contumaces
3653 4436 3719 4491 et
3776 4424 4049 4491 rebelles
4092 4445 4243 4490 con·

2306 4514 2675 4579 tundendos
2733 4525 2801 4577 et
2854 4511 3269 4596 frangendos.
3359 4512 3577 4593 Atque
3620 4509 3701 4574 de
3751 4510 3956 4593 ipsius
4002 4510 4246 4575 virtute

2305 4611 2373 4665 et
2414 4599 2703 4683 potentia
2750 4599 2846 4663 ita
2886 4599 3264 4674 sentiamus,
3322 4618 3405 4662 ne
3449 4596 3759 4663 ecclesiae
3800 4594 4244 4661 imbecillitate

2302 4706 2471 4769 quae
2507 4687 2577 4750 in
2613 4684 2836 4750 oculos
2868 4684 3150 4749 incurrit
3192 4683 3403 4748 territi
3441 4682 3522 4747 ab
3566 4682 3709 4764 ipso
3753 4701 4037 4764 unquam
4081 4682 4243 4746 resi-

2303 4771 2574 4836 liamus:
2617 4769 2732 4836 sed
2774 4780 2953 4834 certo
2996 4770 3290 4852 persuasi
3334 4770 3538 4832 simus
3582 4767 3798 4831 Deum
3843 4786 4006 4849 opus
4049 4787 4240 4833 suum

2301 4858 2383 4923 ad
2429 4877 2616 4922 suam
2662 4854 3122 4940 perfectionem
3168 4854 3653 4939 perducturum.

2474 4943 2616 5008 Iam
2662 4961 2819 5006 vero
2863 4941 3055 5024 agite,
3100 4945 3205 5005 etc.

2417 5115 2450 5126 ...-
