5059 6059
408 297 535 364 365

403 506 631 554 eorum
689 486 994 572 conditio,
1059 486 1233 570 quod
1289 488 1373 553 ad
1430 488 1706 556 salutem
1768 491 2009 558 attinet
2061 513 2228 576 quae
2286 495 2357 560 in

409 571 681 639 Christo
768 573 923 639 Iesu
1014 575 1436 657 promittitur.
1526 575 1699 642 Nam
1792 576 2015 644 fideles
2093 578 2356 663 quidem

406 679 627 744 saepe,
673 658 846 742 quod
891 658 973 725 ad
1019 662 1383 742 praesentis
1429 664 1602 728 vitae
1645 675 1886 729 statum
1930 664 2190 744 attinet,
2237 667 2356 731 du-

408 750 555 809 rius
627 745 775 809 aliis
840 759 1251 825 exornentur,
1317 759 1384 811 et
1440 749 1851 829 gravioribus
1916 751 2149 833 poenis
2214 753 2357 817 affi-

406 831 701 910 ciuntur,
757 831 903 896 Deo
943 831 1210 897 interim
1255 832 1607 899 incredulis
1652 847 1976 918 parcente,
2043 848 2111 902 et
2155 837 2354 903 vitam

404 915 779 1000 longiorem
835 938 954 982 sue
1010 920 1372 984 maiestatis
1415 921 1975 1003 contemptoribus
2017 923 2356 1006 largiente,

405 1002 529 1067 sed
586 1003 658 1066 in
718 1004 1011 1085 ipsorum
1069 1005 1340 1087 gravius
1391 1006 1722 1082 iudicium,
1778 1018 1848 1072 et
1888 1010 2354 1075 confusionem.

406 1086 670 1153 Oontra
729 1108 887 1153 vero
944 1089 1245 1155 fidelibus
1288 1090 1442 1157 licet
1484 1094 1596 1157 vix
1639 1093 2030 1160 mediocrem
2077 1106 2352 1162 aetatem

405 1174 799 1258 assequutis,
856 1195 990 1241 non
1050 1175 1243 1240 modo
1284 1198 1416 1242 non
1463 1176 1873 1259 detrimento,
1951 1180 2066 1245 sed
2131 1194 2357 1248 contra

406 1280 675 1326 summo
720 1260 885 1326 bono
928 1262 1117 1339 cedit,
1166 1262 1219 1327 si
1264 1281 1302 1328 e
1345 1265 1536 1329 terris
1579 1276 1838 1331 mature
1882 1266 2213 1333 tollantur.

588 1344 935 1411 Caeterum
982 1366 1149 1430 quae
1192 1347 1499 1433 deinceps
1522 1367 1882 1434 sequuntur
1918 1354 2151 1419 leviter
2172 1374 2355 1437 prae-

404 1431 737 1497 tereunda
781 1453 915 1496 non
961 1446 1134 1511 sunt,
1180 1435 1419 1517 quibus
1461 1435 1723 1502 divinae
1766 1442 2129 1505 sententiae
2168 1460 2353 1506 seve-

400 1519 581 1583 ritas
635 1516 1117 1601 quodammodo
1171 1519 1433 1597 lenitur,
1493 1543 1749 1605 nempe,
1806 1543 1874 1588 se
1926 1546 2049 1591 non
2101 1527 2353 1606 penisos

395 1623 489 1669 ex
528 1602 648 1668 kae
686 1603 946 1686 sensilia
998 1607 1206 1670 virum
1268 1606 1624 1672 ablaturum
1681 1628 1763 1673 ex
1818 1610 2013 1675 altari
2064 1631 2202 1692 suo,
2253 1632 2356 1677 ne-

393 1709 531 1771 que
558 1692 820 1772 penitus
862 1690 1017 1758 Heli
1044 1696 1337 1772 posteros
1369 1692 1413 1756 ὰ
1453 1693 1829 1760 sacerdotali
1868 1716 2124 1762 manem
2165 1699 2352 1764 reiec-

396 1783 641 1842 turum.
732 1776 921 1857 Quae
965 1777 1165 1842 verba
1209 1797 1555 1860 possumus
1602 1782 1673 1844 in
1724 1779 1896 1847 hunc
1940 1804 2204 1848 sensum
2254 1785 2351 1850 iu-

398 1863 788 1945 terpretari,
830 1863 1017 1946 quasi
1067 1863 1250 1928 Deus
1292 1865 2235 1950 punitionisexsequutionem
2281 1870 2349 1935 in

398 1949 683 2032 longum
727 1959 988 2032 tempus
1032 1950 1429 2015 remitteret:
1473 1950 1643 2033 quod
1696 1959 1766 2015 et
1807 1973 1879 2018 re
1922 1955 2063 2037 ipsa
2106 1956 2348 2022 factum

391 2045 541 2108 est:
604 2054 760 2097 nam
803 2035 1000 2118 longo
1059 2034 1323 2100 demum
1366 2050 1517 2120 post
1560 2050 1851 2121 tempore
1895 2039 2161 2106 divinae
2202 2062 2350 2107 sen-

392 2121 659 2184 tentiae
736 2124 1055 2186 severitas
1121 2120 1425 2187 effectum
1491 2142 1684 2188 suum
1752 2135 1853 2191 est
1930 2138 2347 2210 consequuta.

396 2205 717 2289 Namque
755 2205 1083 2271 Abiathar
1124 2206 1207 2272 ab
1227 2205 1386 2272 Heli
1430 2211 1707 2292 posteris
1748 2210 2067 2278 oriundus
2112 2214 2350 2278 multos

401 2304 564 2375 post
628 2312 841 2357 annos
901 2293 1284 2358 sacerdotali
1359 2313 1634 2360 munere
1703 2309 2167 2364 exauctoratus
2228 2310 2347 2364 est.

398 2378 585 2443 Nam
659 2378 876 2443 David
942 2379 1102 2444 satis
1181 2378 1293 2444 diu
1360 2382 1698 2464 regnavit,
1776 2394 1845 2448 et·
1909 2384 2071 2450 satis
2159 2385 2350 2469 longo

400 2465 731 2546 temporie
773 2464 1129 2529 intervallo
1171 2463 1443 2531 Samuel
1501 2487 1720 2532 rerum
1769 2467 2209 2552 gubernacula
2254 2483 2348 2535 te-

397 2550 577 2627 nuit,
624 2559 973 2632 antequam
1000 2570 1118 2614 rex
1141 2550 1317 2616 ullus
1338 2550 1609 2618 Israelis
1650 2564 1832 2618 ortus
1876 2568 2065 2620 esset.
2127 2555 2351 2637 Quare

396 2635 837 2718 conspicuum
883 2646 986 2700 ost
1031 2638 1244 2702 Deum
1291 2657 1420 2703 non
1461 2638 1679 2712 subito
1719 2643 2115 2705 sententiam
2161 2663 2348 2708 suam

400 2721 737 2787 adversus
782 2721 934 2787 Heli
978 2732 1415 2804 exsequutum
1461 2744 1623 2804 esse,
1667 2726 1779 2790 sed
1825 2725 1906 2789 ad
1953 2739 2215 2810 tempus
2257 2730 2349 2793 ei-

396 2806 563 2872 dem
610 2810 995 2892 pepercisse.
1064 2809 1274 2874 Porro
1316 2810 1485 2892 quod
1531 2830 1602 2875 se
1640 2811 1961 2877 Dominus
2003 2813 2351 2895 pollicetur

398 2916 494 2960 ex
554 2894 679 2958 hac
734 2894 984 2959 familia
1039 2895 1255 2960 virum
1316 2915 1447 2959 non
1506 2896 1881 2962 ablaturum
1937 2901 2218 2981 penitus,
2266 2901 2345 2967 ad

398 2979 795 3047 Solomonis
840 2992 1138 3065 tempora
1179 2982 1372 3046 referi
1416 2981 1678 3065 quidem
1722 2995 1955 3065 potest,
2001 2998 2073 3049 ut
2108 2985 2189 3050 ad
2235 2986 2348 3051 illa

400 3087 625 3150 usque
681 3085 1089 3132 successores
1134 3065 1288 3132 Heli
1352 3087 1481 3132 non
1543 3069 2030 3146 exscindantur,
2087 3092 2346 3137 verum-

400 3163 637 3218 tamen
695 3151 865 3235 quod
923 3152 993 3217 in
1053 3152 1479 3236 sequent-ibus
1518 3154 1840 3235 adiicitur,
1892 3175 2023 3220 non
2069 3177 2345 3239 perven-

398 3251 597 3304 turos
638 3240 721 3303 ad
766 3236 1040 3303 senilem
1084 3250 1363 3303 aetatem
1404 3239 1612 3322 ipsius
1657 3252 1969 3324 posteros,
2015 3245 2109 3308 sic
2153 3243 2344 3308 intel-

400 3325 753 3410 ligendum
778 3326 989 3409 magis
1018 3323 1303 3403 videtur,
1342 3326 1529 3407 quasi
1553 3327 1874 3393 Dominus
1896 3345 1938 3392 a
1960 3329 2346 3395 sacerdotali

399 3411 673 3495 quidem
717 3430 996 3475 munere
1035 3410 1420 3494 polliceatur
1461 3433 1593 3476 non
1636 3415 1902 3478 omnino
1936 3412 2093 3479 Heli
2137 3427 2346 3498 poste·

398 3518 518 3562 ros
573 3497 976 3577 reiioiendos,
1032 3496 1147 3561 sed
1210 3516 1543 3579 nunquam
1599 3507 1822 3563 tamen
1881 3498 1964 3564 ad
2020 3521 2348 3568 summam

400 3584 737 3667 pontificis
780 3582 1163 3666 dignitatem
1208 3583 1613 3648 evehendos:
1663 3584 1778 3650 sed
1824 3586 2039 3667 potius
2082 3587 2163 3652 iis
2204 3588 2345 3670 qui·

396 3670 526 3735 bus
571 3681 768 3735 antea
809 3668 1319 3734 dominabantur
1360 3668 1813 3735 subiiciendos.
1901 3670 2348 3740 Nihilominus

396 3767 651 3836 tamen,
695 3754 778 3820 ad
825 3753 1081 3820 virilem
1126 3764 1406 3819 aetatem
1453 3775 1654 3838 quum
1710 3759 2147 3840 pervenerint,
2207 3781 2344 3824 mo-

402 3842 653 3908 rituros
695 3841 954 3925 repetit,
998 3859 1074 3906 ac
1117 3838 1201 3905 ad
1246 3850 1648 3906 senectutem
1697 3855 2017 3908 maturam
2057 3864 2187 3908 non
2235 3844 2346 3911 de-

402 3939 747 3993 venturos.
836 3926 1029 3993 Unde
1101 3926 1604 4009 observandum,
1675 3926 1817 3994 Deo
1875 3950 2344 4012 nonnunquam

400 4014 885 4082 correctionum
944 4033 1020 4079 ac
1073 4032 1432 4095 poenarum
1489 4017 1703 4079 minas
1761 4030 2170 4099 prorogante,
2215 4037 2346 4082 non

398 4099 555 4166 ideo
614 4100 802 4165 nobis
856 4100 1258 4164 occasionem
1307 4099 1741 4165 indurationis
1786 4101 2103 4183 praeberi,
2159 4106 2345 4184 quasi

399 4185 709 4271 supplicii
776 4184 1006 4250 dilatio
1072 4184 1231 4248 illud
1298 4187 1606 4252 auferret.
1696 4188 1914 4269 Atque
1980 4189 2347 4254 necessaria

398 4274 591 4342 nobis
637 4270 799 4337 haec
843 4271 1133 4336 doctrina
1173 4279 1291 4335 est.
1361 4269 1581 4350 Quam
1622 4271 1864 4337 multos
1900 4274 2073 4338 enim
2120 4274 2344 4341 videas

400 4379 676 4425 suorum
774 4358 1133 4422 facinorum
1215 4375 1456 4439 poenas
1559 4356 1809 4423 ablatas
1892 4360 2346 4426 existimantes

398 4443 574 4530 quod
623 4443 1030 4522 differantur,
1075 4452 1144 4507 et
1186 4442 1642 4526 impunitatem
1688 4444 1808 4508 sibi
1854 4445 2231 4527 pollicentes
2273 4447 2344 4512 in

400 4530 680 4616 quaevis
736 4530 985 4612 flagitia
1044 4527 1251 4594 factos
1309 4528 1690 4595 audaciores
1756 4539 1822 4594 et
1884 4531 2346 4599 insolentiores

400 4615 646 4683 ruere?
736 4615 1033 4697 Namque
1090 4613 1587 4680 malefactorum
1643 4617 1962 4681 rationem
2010 4639 2343 4700 nunquam

400 4700 809 4769 reddendam
854 4699 977 4766 sibi
1022 4701 1336 4783 persuasi,
1382 4700 1462 4765 ad
1509 4702 1777 4783 quaevis
1820 4703 2074 4783 flagitia
2118 4704 2347 4768 fraena

400 4790 655 4862 laxant,
704 4797 771 4851 et
813 4787 1277 4870 impunitatem
1321 4787 1391 4850 in
1434 4798 1822 4871 perpetuum
1870 4799 2156 4870 sperant.
2248 4793 2345 4855 Ac

399 4897 562 4941 sane
608 4871 794 4938 Deus
852 4892 1323 4954 nonnunquam
1369 4872 1452 4936 ad
1495 4873 1847 4956 impiorum
1897 4875 2149 4957 flagitia
2191 4896 2342 4940 con·

401 4966 635 5028 nivere
700 4957 981 5038 videtur,
1049 4958 1255 5022 donec
1322 4958 1635 5023 nimirum
1702 4959 1972 5041 impleta
2038 4981 2346 5025 mensura

401 5049 672 5132 gravius
712 5045 846 5110 illis
890 5044 1231 5110 incumbat
1274 5042 1605 5110 iudicium.
1662 5043 2103 5127 Quamobrem
2148 5048 2342 5128 agite,

400 5137 652 5208 fratres,
725 5132 941 5196 Deum
1009 5131 1367 5195 minantem
1435 5140 1820 5211 metuamus,
1887 5152 1962 5197 ac
2019 5130 2099 5197 de
2158 5133 2344 5197 nobis

403 5222 577 5289 serio
637 5221 1023 5307 cogitantes,
1083 5237 1200 5282 nos
1245 5216 1421 5298 ipsos
1461 5217 1929 5300 expendamus,
1966 5237 2040 5283 ac
2085 5227 2346 5284 senten-

1765 300 1862 368 ΙΝ
1909 301 1966 368 Ι,
2011 301 2193 369 LIB.
2241 302 2645 371 SAMUEL.
2691 301 2889 369 OAP.
2933 301 3027 369 11.

4271 304 4405 371 366

2459 493 2621 559 tiam
2686 491 3035 558 adversum
3101 512 3224 557 nos
3289 491 3609 571 feramus,
3676 501 3752 556 ut
3816 488 4128 558 iudicium
4193 494 4402 576 ipsius

2460 578 2969 662 praevenientes
3000 579 3198 644 etiam
3233 577 3359 661 ipsi
3403 577 3921 643 reconciliemur.
3968 581 4067 645 Ac
4093 577 4247 643 licet
4269 601 4400 645 non

2459 675 2815 748 appareant
2860 675 3040 730 certa
3081 675 3147 729 et
3191 663 3555 729 indubitata
3600 665 3791 747 signa
3834 663 4096 729 divinae
4119 664 4401 745 ultionis,

2459 750 2570 816 ubi
2628 751 2916 833 primum
2974 751 3481 833 peccaverimus,
3549 749 4006 836 nihilominus„
4067 771 4399 832 nunquam

2458 836 2648 902 nobis
2703 837 2772 901 in
2818 837 3177 902 crastiuum
3223 837 3393 902 seria
3437 837 3837 918 poenitentia
3866 845 3970 900 est
4010 835 4400 901 reiieienda:

2459 943 2611 988 nam
2657 941 2786 1005 quo
2831 921 3168 988 diutiusin
3216 932 3585 987 nostrarum
3630 921 3922 987 sordium
3964 941 4165 987 coeno
4211 923 4397 988 volu·

2459 1009 2765 1085 tabimur,
2810 1030 2887 1073 eo
2930 1008 3140 1091 magis
3182 1008 3630 1073 sordescemur
3673 1026 3749 1071 ac
3790 1007 4396 1073 contaminabimur.

2458 1093 2764 1177 Denique
2835 1091 3160 1159 discamus
3220 1095 3344 1159 Dei
3400 1092 3642 1159 iudicia
3699 1093 3821 1158 etsi
3878 1092 4102 1175 procul
4182 1093 4398 1159 adhuc

2458 1179 2704 1259 dissita,
2747 1190 2970 1244 tamen
3001 1180 3243 1245 intueri
3288 1189 3594 1262 tanquam
3638 1179 4036 1261 praesentia:
4084 1181 4397 1244 memoria

2457 1276 2862 1350 repetentes:
2905 1266 3243 1332 Noachum
3289 1275 3444 1330 ante
3479 1264 3798 1330 diluvium
3844 1283 3964 1347 per
4003 1263 4245 1330 multos
4280 1285 4397 1330 an·

2457 1374 2580 1417 nos
2623 1373 2840 1418 arcam
2883 1354 3309 1430 exstruxisse,
3363 1355 3438 1416 in
3482 1370 3609 1433 qua
3646 1352 3786 1433 ipse
3828 1370 3978 1416 cum
4025 1361 4163 1417 tota
4206 1352 4397 1416 fami-

2458 1439 2548 1503 lia
2608 1449 2674 1502 et
2728 1438 3172 1504 animantibus
3229 1441 3271 1503 a
3329 1436 3577 1502 diluvio
3641 1446 4037 1516 servaretur,
4113 1446 4182 1501 et
4244 1457 4394 1502 cum

2459 1524 2661 1608 priori
2699 1524 2964 1602 muud0,
3025 1524 3238 1590 minas
3282 1523 3380 1588 illi
3425 1525 3860 1587 intentantem
3897 1523 4098 1587 futuri
4141 1521 4393 1604 diluvii,

2454 1611 2659 1676 fuisse
2700 1611 3155 1675 colluctat-um:
3209 1629 3287 1674 ac
3330 1608 3782 1700 triumphante
3825 1608 4072 1672 mundo
4117 1618 4185 1673 et
4226 1608 4395 1674 nihil

2457 1697 2586 1761 nisi
2645 1695 2900 1761 delitias
2958 1696 3081 1761 sibi
3138 1696 3415 1760 faciente
3458 1692 3801 1759 Noachnm
3858 1694 4274 1778 ingemuisse,
4319 1715 4396 1761 ac

2456 1782 2664 1847 multo
2709 1802 2856 1846 cum
2903 1782 3140 1856 labore,
3186 1800 3347 1846 cura
3391 1790 3458 1846 et
3501 1779 3940 1845 sollicitudine
3984 1799 4201 1845 arcam
4235 1799 4392 1846 con-

2454 1869 2804 1932 struxisse:
2864 1867 3412 1951 quemadmodum
3456 1866 3597 1948 ipse
3635 1885 3758 1929 nos
3801 1865 4125 1931 Dominus
4167 1877 4392 1933 noster

2454 1953 2642 2019 Iesus
2687 1953 2995 2019 Christus
3038 1951 3363 2028 admonet,
3413 1961 3481 2016 et
3524 1951 3605 2016 ad
3651 1953 3826 2017 vitae
3868 1949 4388 2018 emendationem

2454 2048 2521 2104 et
2580 2033 2904 2119 μετάνοιαν
2946 2040 3276 2123 proposito
3332 2036 3585 2103 Noaehi
3631 2035 3932 2119 exemplo
3989 2036 4386 2104 cohortatur.

2453 2124 2632 2206 Quid
2678 2127 2770 2190 ita
2816 2145 2969 2191 vero
2990 2146 3132 2190 sese
3175 2122 3486 2190 Noachus
3521 2121 3820 2207 angebat,
3866 2142 4062 2204 quum
4099 2123 4389 2207 undique

2453 2232 2674 2276 rerum
2718 2230 3177 2295 prosperarum
3224 2222 3376 2274 ante
3419 2210 3641 2275 oculos
3663 2209 3862 2274 facies
3884 2208 4385 2275 obversaretur?

2453 2297 2707 2379 Nempe
2752 2297 2877 2361 Dei
2915 2297 3113 2363 verbo
3156 2294 3542 2374 admonitus,
3588 2295 3837 2370 metuit,
3881 2305 3950 2359 et
3985 2305 4295 2377 tanquam
4317 2296 4387 2360 in

2453 2383 2720 2465 speculo
2766 2382 3160 2447 horrendam
3203 2380 3387 2447 illam
3431 2382 3595 2445 iram
3620 2390 3687 2445 et
3731 2379 4085 2446 vindictam
4108 2379 4238 2444 Dei
4266 2382 4388 2446 toti

2454 2467 2701 2533 mundo
2750 2469 3207 2533 imminentem
3265 2478 3365 2531 est
3417 2466 3918 2551 contemplatus,
3959 2464 4040 2531 de
4084 2486 4216 2550 qua
4257 2467 4391 2531 tue-

2454 2565 2559 2619 rat
2595 2553 2857 2620 oraculo
2915 2553 3310 2619 admonitus.
3398 2552 3546 2618 Hoc
3605 2572 3724 2616 nos
3779 2552 4156 2634 exemplum
4201 2550 4390 2619 decet

2453 2641 2719 2708 imitari.
2809 2639 2979 2705 Nam
3037 2640 3161 2705 sibi
3206 2637 3427 2704 omnia
3482 2636 3841 2721 tranquilla
3883 2650 3950 2702 et
3993 2638 4205 2704 felicia
4248 2636 4386 2723 pol·

2455 2726 2802 2791 licentibus
2859 2726 3192 2809 improbis,
3257 2726 3535 2789 exitium
3597 2724 3884 2788 maxime
3947 2725 4385 2807 propinquum

2453 2821 2573 2876 est.
2662 2810 2888 2892 Quare
2951 2812 3187 2876 merito
3240 2809 3370 2875 Dei
3433 2809 3819 2875 iudiciorum
3887 2822 4065 2874 metu
4131 2830 4389 2893 semper

2454 2898 2772 2963 deterreri
2836 2918 2956 2963 noe
3020 2917 3060 2961 a
3116 2895 3311 2974 malo,
3379 2896 3502 2961 etsi
3567 2895 3761 2960 rebus
3818 2915 4127 2978 prospere
4181 2909 4248 2959 et
4302 2916 4388 2961 ex

2450 2985 2671 3049 auimo
2732 2983 3136 3065 cedentibus,
3215 2991 3487 3065 oportet,
3557 3002 3640 3046 ne
3697 2979 4082 3044 thesaurum
4138 2980 4277 3046 irae
4321 2993 4389 3045 et

2450 3069 2781 3136 vindictae
2829 3070 3038 3154 ipsius
3088 3089 3165 3132 eo
3218 3069 3530 3133 maiorem
3574 3067 3646 3131 in
3688 3079 3913 3131 nostra
3956 3066 4172 3148 capita
4215 3065 4387 3131 deri-

2453 3176 2702 3232 vemus,
2760 3177 2887 3238 quo
2945 3155 3353 3221 diuturniore
3395 3153 3714 3237 patientia
3758 3171 3879 3216 nos
3921 3151 4002 3217 ad
4049 3149 4389 3233 poeniten-

2448 3242 2610 3306 tiam
2672 3241 2987 3306 invitarit.
3078 3241 3169 3306 Et
3228 3240 3547 3305 hactenus
3604 3237 3684 3303 de
3737 3238 4238 3304 comminatione
4274 3236 4389 3302 illa

2451 3327 2695 3392 dictum
2741 3338 2896 3404 esto,
2942 3346 3071 3410 qua
3115 3337 3406 3410 posteros
3449 3321 3605 3389 Heli
3650 3321 4166 3389 exauctorandos
4200 3323 4385 3388 audi·

2452 3415 2700 3478 vimus:
2745 3413 2933 3480 cuius
2956 3424 3175 3478 tamen
3207 3411 3588 3495 prophetiae
3631 3411 3929 3474 effectum
3970 3428 4383 3492 nequaquam

2447 3499 2592 3582 ipse
2635 3510 2736 3564 est
2782 3497 3087 3564 intuitus:
3134 3518 3218 3561 ex
3253 3517 3379 3579 qua
3423 3496 3584 3562 haec
3626 3496 3692 3561 in
3737 3515 3994 3562 summa
4024 3495 4383 3575 retinenda,

2448 3600 2517 3650 et
2573 3585 2654 3650 ad
2712 3606 2905 3651 usum
2967 3583 3337 3650 revocanda
3389 3580 3683 3648 doctrina
3726 3592 3846 3660 est,
3901 3601 4096 3663 quam
4139 3583 4385 3663 saepis-

2449 3671 2616 3736 sime
2667 3673 2992 3754 scriptura
3047 3670 3348 3743 inculcat,
3416 3681 3488 3733 ut
3552 3665 4095 3751 quemadmodum
4166 3666 4386 3733 animo

2450 3759 2746 3840 patiente
2810 3756 3186 3821 divinarum
3261 3756 3760 3837 promissionum
3836 3753 4384 3836 complementum

2451 3856 2923 3924 exspectamus,
2983 3844 3078 3907 sic
3138 3841 3441 3920 vicissim,
3502 3851 3754 3904 attenta
3797 3848 3863 3905 et
3921 3838 4108 3923 vigili
4165 3851 4385 3904 mente

2449 3928 2986 3995 comminationes
3041 3928 3246 4011 ipsius
3310 3936 3701 4004 metuamus,
3769 3926 4004 4009 quibus
4070 3935 4383 4007 tanquam

2451 4015 2901 4097 praesentibus
2941 4014 3322 4087 afficiamur,
3368 4013 3490 4077 etsi
3531 4013 3725 4077 rebus
3770 4011 4098 4095 prosperis
4141 4022 4211 4074 et
4252 4011 4386 4076 alta

2450 4121 2610 4183 pace
2674 4121 2751 4165 ac
2816 4100 3292 4182 tranquillitate
3347 4099 3662 4163 fruamur.
3750 4098 3854 4161 lta
3909 4100 4204 4162 futurum
4263 4105 4382 4171 est,

2451 4199 2524 4251 ut
2579 4185 2804 4251 fideles
2861 4186 3039 4250 nullo
3103 4205 3388 4267 unquam
3448 4185 3690 4268 gaudio
3747 4186 3842 4249 sic
3887 4184 4275 4260 afficiantur,
4315 4193 4386 4252 st

2452 4272 2653 4338 nullis
2699 4293 2985 4354 unquam
3032 4271 3227 4336 rebus
3271 4271 3407 4335 suis
3446 4269 3747 4335 secundis
3791 4269 4140 4346 laetentur,
4187 4279 4257 4331 ut
4304 4263 4381 4331 il-

2448 4357 2555 4431 lis,
2611 4369 2688 4422 ut
2744 4357 2958 4422 solent
3022 4356 3362 4434 increduli,
3430 4357 3788 4421 efferantur
3840 4367 3906 4420 et
3957 4353 4382 4418 insolescant:

2451 4465 2661 4527 neque
2726 4444 3010 4508 vicissim
3081 4443 3275 4507 rebus
3340 4441 3634 4506 adversis
3715 4443 4201 4525 opprimantur,
4267 4440 4379 4504 sed

2449 4552 2555 4595 res
2600 4529 2911 4594 adversas
2956 4529 3285 4612 prosperis
3332 4538 3716 4610 temperent.
3783 4531 4029 4592 Contra
4068 4525 4380 4589 infideles.

2449 4616 2512 4680 N
2516 4638 2622 4680 am
2646 4614 2790 4680 Deo
2819 4615 2898 4680 ad
2938 4626 3199 4698 tempus
3230 4614 3617 4678 iudiciorum
3643 4633 3910 4677 suorum
3937 4611 4379 4693 impletionem

2450 4702 2812 4777 differente,
2880 4711 2948 4766 et
3002 4702 3185 4765 velut
3244 4699 3325 4765 ad
3393 4702 3682 4785 ipsorum
3751 4717 3990 4783 poenas
4060 4696 4384 4773 tardante,

2447 4789 2688 4853 mirum
2763 4788 2835 4851 in
2897 4786 3160 4851 modum
3208 4786 3622 4863 insolescunt,
3683 4784 4100 4864 divinamque
4153 4783 4382 4849 doetri-

2449 4895 2599 4937 nam
2654 4873 2883 4938 sannis
2925 4873 3282 4956 excipiunt,
3343 4883 3411 4937 et
3453 4870 3736 4936 ludibrio
3783 4870 4043 4946 habent,
4090 4891 4164 4934 ac
4199 4870 4387 4934 velut

2446 4960 2766 5024 immunes
2809 4960 3006 5039 ferae,
3050 4958 3406 5023 indomitae
3449 4978 3524 5022 ac
3568 4956 3964 5020 effraenatae
4007 4956 4383 5021 calcitrant:

2447 5046 2683 5129 opibus
2742 5046 2879 5109 suis
2937 5053 3004 5109 et
3073 5048 3423 5109 autoritate
3479 5045 3572 5108 sic
3629 5041 4058 5121 inebriantur,
4113 5055 4189 5107 ut
4260 5043 4383 5108 sibi

2446 5131 2704 5214 quidvis
2742 5131 2935 5197 licere
2978 5131 3375 5206 existiment,
3421 5149 3497 5193 ac
3540 5130 3604 5192 in
3653 5127 3951 5192 sordibus
3994 5130 4130 5194 suis
4175 5130 4388 5213 magis

2449 5217 2794 5301 magisque
2850 5215 3248 5284 volutentur.
3337 5218 3438 5281 Ac
3492 5213 3605 5280 ubi
3667 5235 3740 5280 se
3797 5213 4076 5280 vindicis
4119 5214 4219 5279 ira
4261 5237 4384 5280 nn-
