5059 6059
730 344 862 411 675

738 533 1078 601 solescant.
1190 533 1328 599 Nos
1407 534 1627 617 itaque
1703 534 2030 600 discamus
2111 533 2265 600 hine
2342 535 2412 598 in
2492 557 2684 602 usum

738 630 1037 687 nostrum
1098 620 1340 685 referre
1409 620 1850 703 improborum
1926 620 2266 686 hominum
2338 641 2497 705 erga
2569 644 2687 687 nos

737 705 905 786 odia,
947 718 1015 771 et
1054 704 1410 771 invidiam:
1456 706 1690 788 quibus
1712 704 1898 771 Deus
1923 720 2184 772 exercet
2208 728 2346 785 nos,
2394 727 2477 771 ne
2513 705 2686 790 apud

738 791 1043 858 homines
1085 793 1367 876 gloriam
1412 804 1478 856 et
1522 794 1803 875 gratiam
1867 813 2277 874 quaeramus,
2335 791 2452 859 sed
2510 793 2687 859 intra

738 878 1096 944 modestiae
1136 879 1304 943 fines
1351 899 1468 942 nos
1513 879 1984 943 contineamuS.

912 963 1203 1030 Tandem
1265 963 1472 1029 Achis
1532 975 1951 1047 satraparum
2027 965 2242 1029 victus
2301 965 2685 1045 rationibus,

735 1070 1018 1134 quorum
1060 1049 1394 1134 indigebat
1437 1069 1650 1132 opera,
1696 1064 1762 1128 et
1806 1070 1970 1132 quos
2017 1049 2276 1115 nolebat
2311 1072 2684 1133 provocare,

680 1214 689 1225 .
738 1157 824 1201 ne
871 1135 1188 1202 adversus
1231 1157 1303 1200 se
1340 1136 1556 1217 ipsum
1599 1134 1988 1200 seditionem
2033 1135 2419 1215 excitarent,
2473 1136 2684 1201 Davi-

738 1222 887 1287 dem
932 1218 985 1287 a'
1015 1243 1084 1286 se
1129 1220 1419 1285 dimittit.
1487 1221 1591 1286 Ex
1618 1242 1744 1304 qno
1788 1231 2059 1304 apparet
2083 1223 2434 1304 primariae
2470 1222 2684 1305 digni·

740 1307 894 1374 tatis
939 1309 1136 1385 viros,
1197 1306 1617 1372 inferioribus
1661 1307 1784 1373 sibi
1829 1307 2111 1373 subditis
2167 1329 2360 1390 saepe
2420 1309 2682 1374 cedere:

740 1396 795 1460 si
841 1394 1105 1477 quidem
1155 1392 1528 1457 mundanae
1572 1392 2048 1459 dominationes
2094 1393 2320 1458 multis
2349 1395 2686 1460 servituti-

732 1479 858 1557 ,bus
903 1479 1345 1561 implicantur.
1412 1479 1623 1544 Nemo
1670 1488 1803 1543 tam
1849 1479 2130 1562 insignis
2154 1482 2519 1546 autoritatis
2565 1502 2685 1544 rex

674 1614 689 1637 .
736 1578 856 1641 est,
902 1567 1055 1647 quin
1105 1575 1356 1629 secreta
1400 1564 1682 1647 quadam
1743 1564 2141 1631 subiectione
2200 1587 2341 1630 sese
2399 1568 2686 1632 salutan-

736 1653 911 1717 tibus
957 1651 1184 1716 anlicis
1208 1650 1577 1716 submittat.
1644 1650 1966 1732 Equidem
2014 1652 2219 1715 fateor
2243 1651 2681 1717 obedientiam

737 1736 885 1803 illos
929 1737 1196 1820 exigere
1241 1744 1307 1800 et
1353 1736 1523 1801 velle
1566 1736 1647 1800 ad
1691 1736 2097 1802 levissimum
2136 1735 2521 1802 mandatum
2560 1737 2683 1803 sibi

733 1823 1211 1905 obtemperari:
1271 1821 1384 1887 sed
1446 1832 1666 1887 tamen
1725 1822 1779 1887 si
1826 1823 2091 1904 propius
2135 1845 2238 1887 res
2283 1824 2682 1906 inspiciatur,

736 1910 899 1976 satis
944 1909 1071 1972 erit
1111 1908 1538 1990 conspicuum
1598 1909 1770 1991 ipsos
1825 1929 2013 1992 reges
2074 1909 2278 1972 variis
2336 1910 2548 1974 modis
2604 1910 2686 1974 iis

739 1995 1003 2071 subiici,
1063 1995 1176 2076 qui
1235 2004 1455 2058 tamen
1515 1994 1598 2059 ad
1668 2015 1863 2059 omne
1923 1993 2231 2058 videntur
2302 1994 2685 2076 obsequium

790 2080 1174 2159 aratissimi‚
1248 2089 1315 2144 et
1371 2080 1548 2164 ipsas
1604 2080 1894 2147 eervices
1959 2080 2332 2146 subiecturi.
2433 2081 2536 2146 Ea
2587 2090 2690 2145 est

792 2167 1083 2231 ominum
1131 2165 1437 2242 conditi0,
1501 2177 1571 2229 ut
1616 2166 2033 2231 verissimum
2079 2165 2245 2230 illud
2290 2167 2377 2231 sit
2421 2188 2686 2249 prover·

741 2250 960 2317 bium:
1018 2252 1168 2317 Non
1215 2272 1449 2315 aurum
1494 2272 1638 2317 esse
1684 2251 1995 2334 quidquid
2053 2250 2374 2334 splendet.
2463 2251 2687 2334 Quum

740 2337 945 2421 igitur
1003 2358 1081 2402 ea
1140 2357 1281 2401 esse
1339 2358 1603 2420 regum,
1662 2337 2031 2419 principum
2092 2359 2168 2403 ae
2228 2339 2688 2420 primariorum

744 2425 1033 2489 virorum
1080 2422 1352 2488 felicitas
1376 2424 1655 2503 videtur,
1699 2434 1773 2487 ut
1815 2445 1947 2487 non
1988 2424 2269 2506 amplius
2304 2424 2373 2490 in
2403 2424 2687 2489 bomini-

741 2507 867 2574 bus
929 2508 1214 2575 habendi
1279 2510 1447 2586 sint,
1510 2509 1793 2574 sciamus
1864 2520 2088 2575 tamen
2157 2511 2367 2576 multa
2423 2512 2687 2576 subesse

744 2593 1143 2675 discrimina,
1211 2604 1277 2657 et
1333 2594 1574 2659 multas
1634 2592 2073 2674 difficultates,
2131 2597 2324 2660 etiam
2386 2596 2467 2661 ab
2523 2597 2687 2679 ipsis

744 2679 1049 2747 subditis.
1160 2679 1637 2745 Verumtamen
1718 2682 2032 2745 virtutem
2118 2687 2470 2747 maximam
2546 2704 2687 2748 esse

744 2766 1048 2841 sciamus,
1109 2765 1479 2830 necessitati
1517 2766 1610 2831 sic
1653 2765 1897 2841 cedere,
1960 2788 2043 2831 ne
2100 2768 2255 2849 quid
2314 2780 2543 2833 eontra
2586 2770 2689 2833 ins

746 2859 817 2918 et
856 2872 1135 2935 aequum
1181 2851 1322 2916 fiat.
1401 2850 1532 2917 Hic
1581 2871 1733 2915 vero
1778 2871 2079 2934 peccasse
2114 2853 2323 2920 Achis
2370 2853 2689 2933 videmus,

743 2938 915 3005 faeta
974 2936 1218 3003 Davidi
1277 2936 1538 3002 iniuria.
1642 2936 1811 3003 Nam
1871 2939 2160 3020 speciosa
2228 2938 2488 3022 quidem
2550 2950 2691 3004 erat

749 3022 989 3091 ducum
1014 3023 1278 3087 illorum
1305 3022 1673 3088 accusatio:
1713 3022 2029 3105 siquidem
2055 3024 2273 3089 David
2300 3024 2688 3093 Philistaeo-

746 3130 894 3176 rum
942 3108 1302 3193 praeputiis
1347 3128 1618 3173 uxorem
1642 3108 2040 3173 redemerat:
2085 3119 2151 3175 et
2182 3120 2440 3193 poterat
2462 3110 2687 3176 eadem

744 3196 1000 3263 ratione
1044 3215 1263 3278 regem
1310 3194 1433 3259 sibi
1478 3195 1803 3260 infensum
1843 3196 2210 3276 conciliare,
2253 3195 2451 3262 caede
2497 3197 2688 3261 nimi-

747 3303 897 3347 rum
976 3280 1504 3345 Philistaeorum.
1590 3279 2060 3346 Verumtamen
2150 3282 2354 3365 qnu'm
2435 3293 2690 3347 tantam

747 3366 1029 3441 Davidis
1107 3386 1265 3449 erga
1345 3387 1414 3431 se
1478 3364 1673 3431 fldem
1739 3377 2051 3450 expertus
2127 3379 2329 3448 esset,
2408 3380 2482 3432 ut
2540 3389 2688 3433 eum

747 3453 916 3519 nihil
962 3452 1093 3517 tale
1137 3450 1523 3516 moliturum
1583 3450 1856 3517 haberet
1913 3473 2319 3539 persuasum,
2379 3475 2513 3518 non
2570 3452 2689 3518 du-

750 3539 931 3605 bium
977 3547 1080 3602 est
1122 3537 1282 3620 quin
1327 3538 1515 3603 illum
1559 3537 1898 3602 dimittens
1921 3538 2210 3604 affecerit
2254 3540 2512 3604 iniuria.
2580 3539 2689 3603 Ex

746 3645 881 3707 quo
925 3634 1198 3708 apparet
1232 3644 1420 3707 reges
1457 3624 1873 3689 autoritatem
1910 3645 2094 3689 suam
2121 3625 2406 3689 retinere
2429 3625 2689 3708 cupien-

748 3706 876 3789 ὶθε,
930 3719 995 3774 et
1036 3710 1259 3775 odium
1306 3717 1422 3774 aut
1465 3709 1777 3775 invidiam
1823 3710 2012 3775 istius
2056 3710 2164 3775 vel
2210 3710 2389 3774 illius
2435 3711 2691 3795 fugien-

750 3802 877 3875 tes,
962 3816 1154 3878 saepe
1226 3795 1373 3879 cogi
1424 3794 1885 3861 innocentibus
1942 3796 2248 3861 iniuriam
2308 3798 2553 3876 facere,
2627 3809 2695 3860 et

753 3880 1014 3947 eosdem
1062 3882 1449 3964 opprimere.
1538 3882 1980 3963 Conspicuum
2026 3882 2199 3947 istud
2248 3895 2349 3947 est
2393 3881 2693 3966 exemplo

748 3967 943 4041 Darii
1002 3966 1321 4031 adversus
1364 3966 1742 4032 Danielem:
1811 3988 2001 4049 quem
2061 3968 2184 4032 etsi
2229 3966 2520 4033 divinum
2581 3967 2697 4032 ho·

752 4054 1000 4119 minem
1048 4060 1116 4121 et
1169 4060 1480 4134 tanquam
1527 4051 1653 4118 Dei
1699 4052 2004 4136 angelum
2066 4052 2367 4135 habebat,
2423 4075 2692 4119 suorum

755 4150 976 4206 tamen
1023 4158 1367 4222 procerum
1391 4139 1885 4220 importunitate
1930 4150 2194 4205 coactns
2217 4149 2314 4205 est
2333 4139 2692 4205 discrimini

753 4229 985 4293 mortis
1029 4244 1381 4307 exponere.
1469 4225 1555 4289 Et
1603 4245 1750 4289 eum
1807 4224 2068 4308 quidem
2117 4224 2396 4308 lugebat,
2457 4236 2521 4289 et
2581 4248 2695 4289 ex-

753 4313 1037 4395 positum
1104 4309 1439 4394 gemebat,
1506 4310 1836 4392 vitamque
1900 4312 2105 4393 ipsius
2181 4333 2301 4375 sua
2378 4310 2697 4377 redimere

755 4398 1050 4480 optabat:
1100 4394 1213 4462 sed
1261 4406 1336 4460 ut
1378 4396 1797 4460 autoritatem
1843 4418 2030 4461 suam
2072 4397 2372 4474 retineat,
2435 4407 2501 4462 et
2545 4398 2697 4462 sub·

755 4483 927 4548 ditos
973 4485 1041 4547 in
1103 4482 1339 4563 officio,
1402 4502 1485 4546 ne
1550 4482 1721 4546 facta
1779 4482 2096 4547 seditione
2151 4482 2454 4547 deficiant
2512 4502 2553 4546 a
2607 4502 2697 4562 se,

752 4568 1126 4646 contineat,
1210 4567 1499 4632 humano
1576 4567 1901 4651 sanguine
1968 4578 2035 4632 et
2101 4567 2221 4633 sibi
2290 4569 2497 4633 amico
2557 4589 2698 4632 sese

754 4654 1047 4738 polluere
1105 4653 1384 4736 cogitur.
1486 4651 1677 4733 Quod
1732 4652 1786 4717 si
1846 4653 2105 4736 regibus
2171 4665 2239 4717 et
2297 4654 2699 4737 principibus

758 4741 1018 4817 evenit,
1101 4739 1306 4804 multo
1374 4739 1586 4822 magis
1665 4738 1930 4803 evenire
1994 4750 2210 4822 potest
2273 4740 2354 4804 iis
2420 4761 2695 4824 quorum

754 4826 972 4891 minor
1040 4832 1141 4891 est
1205 4824 1560 4889 autoritas:
1628 4824 1798 4906 quod
1867 4824 2008 4907 ipsa
2073 4827 2475 4907 experientia
2541 4826 2697 4891 facit

754 4913 1178 4994 conspicuum
1226 4911 1298 4975 in
1341 4908 1902 4976 coniurationibus
1964 4932 2127 4992 quae
2184 4910 2373 4977 hodie
2434 4910 2517 4975 ab
2577 4913 2694 4976 im-

754 4998 976 5081 probis
1038 4995 1416 5062 hominibus
1476 4996 1789 5063 adversus
1833 4996 2247 5062 Christianos
2309 4999 2697 5063 excitantur.

753 5082 926 5149 Nam
975 5084 1030 5148 si
1074 5084 1220 5166 quis
1277 5080 1586 5147 damnum
1649 5084 1935 5166 patiatur
1991 5083 2246 5161 iniuria,
2308 5093 2423 5149 aut
2481 5104 2698 5165 perse-

754 5169 1161 5251 quutionem,
1220 5169 1367 5251 quis
1412 5168 1784 5234 istiusmodi
1848 5168 2291 5253 improborum
2352 5169 2698 5235 violentiae

750 5254 1050 5321 resistit?
1098 5254 1243 5319 Imo
1289 5254 1513 5320 statim
1555 5254 1815 5325 audias:
1862 5255 1973 5320 ille
2014 5255 2142 5338 ipsi
2185 5256 2554 5322 contrarius
2599 5262 2700 5321 est

2438 343 2854 413 HOMILIA
2898 344 3045 411 011.

4595 342 4717 408 676

2790 533 2900 616 qui
2947 533 3171 599 multis
3216 533 3444 600 amicis
3488 542 3675 598 tutus
3730 542 3862 599 est:
3930 532 4039 600 cui
4103 534 4159 599 si
4227 535 4554 610 resistam,
4605 552 4721 617 ego

2792 639 2896 683 me
2938 619 3227 702 ipsorum
3273 619 3437 684 odiis
3460 639 3806 703 exponam,
3854 632 3938 683 et·
3962 640 4081 701 pro
4103 618 4231 683 alio
4252 640 4502 704 poenas
4535 619 4725 684 lnam.

2792 703 2968 769 Hinc
3012 706 3086 770 fit
3132 713 3203 769 ut
3264 705 3676 770 dissimulare
3735 726 3961 770 omnes
4024 703 4293 782 discant,
4356 716 4424 771 et
4483 705 4728 769 interea

2789 790 3014 856 miseri
3059 792 3418 872 patiantur,
3462 803 3528 855 et
3572 789 3837 856 tandem
3885 801 4177 873 pereant,
4241 812 4472 857 eornm
4518 811 4731 856 socor-

2791 874 2898 942 dia
2947 876 3045 942 vel
3095 888 3274 942 metu
3318 878 3426 959 qui
3476 877 3594 942 bos
3654 877 3755 941 vel
3814 876 3960 942 illos
4006 898 4170 959 quos
4228 899 4366 943 non
4423 879 4733 961 oportuit,

2790 971 3116 1029 metuunt.
3185 963 3321 1029 Nos
3359 983 3515 1029 vero
3561 963 3886 1028 diseamus
3911 962 4285 1029 hominibus
4331 984 4469 1029 non
4517 963 4732 1041 fidere,

2789 1047 2899 1130 qui
2965 1048 3116 1114 licet
3170 1049 3337 1113 bene
3395 1049 3582 1113 nobis
3642 1047 3882 1127 velint,
3944 1058 4015 1113 et·
4071 1048 4355 1114 libenter
4412 1049 4735 1114 auxilinm

2789 1132 2989 1198 laturi
3032 1134 3185 1214 sint,
3210 1135 3582 1199 retinentur
3626 1146 3842 1199 tamen
3869 1135 4142 1218 periculi
4188 1148 4387 1213 metu,
4436 1149 4506 1200 et
4541 1135 4736 1201 minis

2789 1216 3023 1283 horum
3080 1220 3185 1284 vel
3249 1219 3512 1285 illorum
3590 1222 3801 1285 territi
3859 1226 3939 1283 ab
4003 1221 4217 1286 officio
4273 1220 4613 1299 resiliunt,
4675 1230 4738 1285 et

2790 1307 3004 1370 ventis
3040 1304 3296 1371 cedunt.
3385 1304 3608 1387 Quare
3655 1327 3857 1389 quum
3907 1318 4156 1371 tantam
4204 1308 4273 1372 in
4318 1309 4541 1372 iustae
4585 1327 4736 1372 can-

2788 1411 2899 1455 sae
2958 1390 3333 1457 defensione
3389 1391 3745 1457 socordiam
3805 1394 4258 1473 conspicimus,
4320 1412 4735 1475 summopere

2789 1475 3153 1541 cavendum
3197 1489 3297 1543 est
3341 1499 3422 1541 ne
3467 1478 3534 1542 in
3580 1478 3741 1561 ipsis
3787 1478 4088 1543 fiduciam
4134 1477 4566 1545 collocemus:
4627 1476 4737 1545 sed

2789 1561 2870 1626 ad
2915 1561 3134 1627 Deum
3183 1584 3627 1647 assurgamus,
3688 1577 3765 1629 ut
3807 1568 3945 1647 ipse
3988 1564 4076 1628 sit
4121 1566 4311 1631 nobis
4358 1585 4736 1650 propugna-

2788 1647 3006 1713 culum
3068 1661 3134 1714 et
3191 1649 3500 1714 defensio.
3588 1650 3911 1733 Exemplo
3967 1664 4107 1716 esto
4164 1651 4372 1717 Achis
4435 1652 4567 1716 iste
4621 1672 4737 1715 rex

2791 1733 3302 1799 Philistaeorum
3378 1756 3495 1818 per
3573 1756 3767 1817 quem
3835 1754 3964 1800 non
4032 1737 4321 1803 stetisset
4386 1738 4735 1819 quominus

2792 1818 3010 1886 David
3059 1821 3268 1904 primo
3309 1821 3446 1887 ictu
3514 1821 4010 1901 interficeretur,
4072 1824 4197 1887 nisi
4248 1824 4453 1889 duces
4495 1823 4734 1888 Philis-

2792 1916 3084 1971 taeorum
3151 1907 3275 1972 sibi
3335 1905 3417 1970 ab
3472 1907 3679 1989 ipsius
3733 1907 3939 1990 copiis
3999 1909 4414 1975 metuissent.
4507 1907 4638 1975 Sed
4681 1909 4734 1972 si

2792 1992 2863 2055 in
2907 1991 3235 2057 Davidem
3283 1993 3601 2075 impetum
3659 1992 3969 2058 fecissent
4024 1996 4239 2076 ipsum
4299 1995 4736 2071 interfecturi,

2791 2090 3041 2144 eertum
3090 2088 3192 2143 est
3233 2077 3438 2143 Achis
3482 2079 3682 2143 fuisse
3727 2079 3889 2161 ipsis
3931 2101 4292 2159 cessurum,
4339 2102 4474 2147 non
4525 2084 4737 2146 minus

2792 2184 2988 2246 qnam
3036 2184 3236 2246 quum
3279 2165 3650 2248 petentibus
3708 2164 3840 2230 illis
3883 2164 4147 2230 domum
4200 2167 4425 2249 ipsum
4468 2167 4735 2232 remisit.

2963 2249 3330 2335 Pergamus
3391 2251 3473 2316 ad
3529 2252 3886 2332 sequentia,
3952 2250 4189 2334 quibus
4255 2251 4596 2320 Davidem
4657 2251 4734 2317 ab

2792 2335 3000 2399 Achis
3023 2337 3413 2402 accersitum
3440 2335 3763 2415 audimus,
3808 2353 3877 2401 et
3919 2337 4256 2403 dimissum
4287 2340 4730 2423 respondisse:

2800 2420 2968 2501 Quid
3025 2422 3190 2486 enim
3244 2421 3416 2504 feci?
3476 2428 3532 2487 et
3585 2422 3883 2488 invenisti
3924 2425 3996 2488 in
4050 2444 4147 2488 me
4196 2437 4315 2491 etc.
4412 2426 4589 2507 Quid
4636 2427 4729 2488 ita

2793 2526 2863 2570 se
2925 2528 3050 2571 non
3112 2521 3452 2574 accusatus
3512 2507 3829 2573 excusat?
3894 2509 4149 2592 Nempe
4210 2513 4576 2577 verisimile
4633 2517 4728 2574 est

2794 2592 3004 2673 ipsum
3088 2594 3157 2657 in
3225 2595 3532 2659 maximis
3592 2594 3916 2677 angustiis
3996 2595 4196 2670 fuisse
4277 2600 4732 2673 constitutum,

2793 2678 2963 2760 quod
3011 2698 3214 2761 quum
3261 2680 3436 2744 inter
3481 2679 3727 2745 medios
3772 2679 3989 2744 hostes
4047 2694 4440 2759 versaretur,
4502 2688 4563 2748 si
4605 2685 4735 2748 vie-

2795 2763 3029 2828 toriam
3075 2764 3154 2830 de
3197 2765 3518 2831 Israelitis
3563 2775 4022 2848 reportassent,
4059 2767 4410 2834 videbatur
4450 2773 4736 2851 ipsorum

2792 2849 2997 2913 furori
3042 2852 3393 2932 expositus,
3452 2872 3726 2934 quornm
3789 2853 3857 2915 in
3916 2873 3989 2916 se
4045 2853 4287 2919 malam
4327 2856 4736 2921 voluntatem

2795 2936 3272 3017 experiebatur.
3398 2935 3577 3017 Quid
3651 2938 3826 3004 enim
3914 2959 4180 3020 sperare
4252 2940 4435 3007 aliud
4512 2941 4734 3024 potuit,

2794 3040 2989 3101 qnam
3035 3022 3193 3086 istos
3237 3021 3434 3087 duces
3478 3023 3751 3087 victoria
3795 3022 3999 3089 elatos
4056 3024 4126 3088 in
4173 3047 4246 3091 se
4290 3049 4580 3110 suosque
4621 3029 4734 3091 im-

2792 3115 3015 3188 petum
3076 3108 3381 3185 facturos,
3441 3118 3509 3172 et
3572 3127 3894 3173 memores
3955 3109 4235 3176 Davidis
4294 3113 4733 3189 victoriarum,

2795 3191 3145 3275 odiumque
3217 3193 3453 3258 animis
3513 3196 3649 3259 suis
3708 3195 4038 3273 foventes,
4107 3197 4330 3263 oblata
4403 3200 4732 3265 occasione

2794 3278 3137 3343 saevitiam
3205 3300 3392 3344 suam
3461 3279 3529 3343 in
3596 3301 3666 3344 se
3724 3301 4003 3362 suosque
4060 3284 4500 3365 experturos?
4560 3284 4734 3365 Ques

2796 3383 2951 3447 ergo
2994 3366 3119 3430 sibi
3162 3366 3449 3431 infensos
3473 3365 3689 3431 David
3736 3365 4219 3444 animadvertit,
4265 3391 4548 3453 quornm
4593 3390 4732 3435 ern·

2797 3446 3131 3514 delitatem
3178 3452 3384 3530 novit,
3442 3472 3573 3515 non
3619 3451 3947 3516 immerito
3992 3454 4251 3534 metuit,
4313 3476 4397 3520 ne
4457 3456 4733 3521 victoris

2796 3535 3150 3600 insolentes
3195 3536 3488 3602 clausum
3534 3537 3750 3619 ipsum
3792 3538 3858 3601 in
3903 3539 4064 3603 urbe
4108 3539 4330 3622 aliqua
4353 3541 4734 3608 Philistino·

2794 3641 2941 3684 rnm
3029 3621 3437 3687 invenientes
3550 3621 3899 3687 crudeliter
3982 3624 4390 3692 interimant.
4518 3628 4734 3709 Quare

2801 3707 3151 3772 verisimile
3194 3720 3293 3772 est
3318 3707 3645 3774 Davidem
3692 3719 3823 3773 tam
3871 3710 4141 3776 sollicite
4186 3732 4257 3776 se
4293 3713 4471 3796 apud
4517 3735 4732 3798 regem

2798 3813 3162 3871 excusasse,
3223 3815 3348 3875 quo
3392 3793 3514 3859 sibi
3558 3804 3821 3860 caveret
3863 3794 3931 3859 in
3979 3808 4329 3877 posterum,
4389 3812 4458 3864 et
4501 3821 4543 3864 a
4583 3800 4734 3866 Phi·

2801 3878 3174 3944 listaeornm
3239 3881 3453 3944 furore
3512 3889 3693 3944 tutus
3749 3892 3937 3960 esset,
3994 3893 4063 3945 et
4118 3883 4363 3948 ducum
4411 3906 4490 3951 ae
4535 3898 4736 3951 satra·

2801 3985 3030 4047 parum
3099 3965 3359 4030 illorum
3418 3965 3565 4030 odia
3624 3967 3898 4049 fugeret.
3998 3967 4142 4034 Hoc
4202 3971 4405 4037 fuisse
4466 3971 4737 4036 Davidis

2799 4051 3139 4115 consilium
3208 4054 3366 4117 satis
3432 4063 3748 4134 appar-et:-
3815 4051 3928 4116 sed
3993 4053 4254 4118 interim
4321 4058 4739 4122 simulatione

2799 4137 3352 4218 quadam'utitnr,
3400 4157 3601 4220 quum
3641 4138 3766 4202 ait:
3820 4137 3987 4218 Quid
4015 4140 4400 4206 inveni-atita
4425 4164 4530 4209 me
4569 4164 4739 4209 seme

2800 4226 2870 4287 ut
2919 4243 3044 4289 non
3108 4223 3386 4303 veniam,
3440 4229 3496 4286 et
3541 4243 3822 4305 paynem
3874 4229 4087 4290 contra
4150 4228 4448 4294 inimicos
4507 4230 4742 4295 donini

2799 4309 2920 4374 mei
2959 4309 3186 4391 reyis?
3245 4308 3475 4391 Neque
3518 4311 3692 4373 enim
3741 4307 4022 4374 habebat
4066 4313 4132 4376 in
4178 4314 4400 4379 animo
4447 4336 4742 4401 pugnare

2800 4405 3030 4460 contra
3072 4394 3201 4459 Dei
3259 4394 3587 4477 populum,
3656 4394 3841 4459 euius
3898 4396 3969 4458 in
4027 4398 4171 4479 ipso
4241 4400 4517 4480 praelio,
4573 4404 4744 4467 vitae

2800 4501 2958 4544 suae
3005 4481 3312 4562 periculo,
3371 4502 3439 4545 se
3498 4500 3703 4543 unum
3752 4501 3892 4546 esse
3935 4484 4302 4549 membrum
4363 4500 4742 4553 constanter

2805 4566 3227 4630 ostendisset:
3287 4576 3543 4630 tantum
3606 4566 3795 4631 abest
3848 4580 3920 4631 ut
3976 4567 4057 4631 ad
4103 4569 4307 4650 ipsius
4353 4574 4740 4659 sanguinem

2802 4650 3206 4716 fundendum
3273 4651 3505 4716 adduci
3573 4673 3643 4716 se
3719 4652 4113 4735 permiserit.
4232 4656 4405 4722 Nam
4487 4663 4610 4725 etsi
4667 4658 4742 4723 ad

2801 4737 3007 4802 Achis
3052 4740 3450 4821 confugerat,
3493 4750 3713 4809 tamen
3759 4739 3992 4820 quibus
4024 4742 4378 4821 gemitibus
4423 4760 4496 4809 et
4543 4747 4746 4829 lacry-

2802 4824 2928 4887 mis
2972 4823 3180 4886 vicem
3228 4845 3411 4887 suam
3470 4822 3716 4888 luxerit
3758 4823 4151 4909 audivimus,
4209 4830 4389 4910 quod
4449 4833 4743 4897 exsulare

2802 4910 3014 4991 patria
3057 4920 3417 4989 cogeretur,
3463 4918 3531 4972 et
3565 4908 3691 4974 Dei
3730 4913 4103 4977 sanctuario
4149 4913 4282 4979 frui
4329 4938 4468 4981 non
4518 4930 4742 5001 posset.

2802 5017 3013 5079 neque
3058 5017 3203 5059 cum
3253 4996 3378 5060 Dei
3423 4996 3660 5078 populo
3707 4995 3932 5063 landes
3975 4997 4184 5078 ipsius
4238 5002 4312 5064 in
4358 5018 4557 5070 coetu
4603 5004 4740 5070 fide-

2801 5082 2962 5145 lium
3033 5080 3440 5161 praedicare,
3522 5080 3725 5145 veluti
3796 5103 3997 5165 quum
4069 5085 4327 5166 psalmo
4395 5089 4486 5154 42
4574 5090 4739 5157 dicit.

2801 5167 2978 5237 Haec
3018 5168 3363 5232 recordans
3406 5167 3654 5247 effundo
3709 5167 3780 5232 in
3822 5187 3921 5233 me
3978 5171 4298 5237 animam.-
4348 5196 4450 5240 me
4506 5176 4740 5242 solem

2801 5274 2931 5320 esse
2985 5255 3255 5320 transire
3311 5253 3380 5318 in
3436 5251 3643 5333 turba,
3704 5254 3963 5336 yradiri
4012 5276 4156 5322 eum
4223 5258 4363 5326 illis
4416 5283 4615 5345 usque
4667 5260 4740 5327 nd
