5059 6059
793 261 919 331 307

794 479 966 524 mus.
1053 457 1248 537 Nam,
1301 457 1585 541 exempli
1634 459 1864 542 gratia,
1921 460 1979 525 si
2036 458 2294 543 quando
2351 460 2503 527 vilis
2548 468 2744 544 atque

798 543 1085 609 abiectae
1141 544 1536 611 conditionis
1580 543 1908 612 hominem
1957 546 2253 613 videmus
2291 547 2362 611 in
2408 568 2742 613 summum

798 629 1140 716 dignitatis
1207 641 1275 695 et
1332 630 1596 695 honoris
1654 632 1986 717 fastigium
2042 644 2339 699 evectum
2398 632 2742 710 dominari,

797 725 939 780 tum
986 717 1254 783 excitari
1313 738 1429 783 nos
1472 730 1745 800 oportet,
1804 731 1874 783 et
1935 722 2121 785 fateri
2167 733 2595 804 agnoscentes
2639 741 2745 785 res

798 822 1024 868 omnes
1104 802 1398 885 publicas
1476 815 1672 886 atque
1739 805 2015 887 imperia
2080 806 2276 871 unius
2342 826 2545 872 manu
2617 805 2742 870 Dei

798 888 1140 972 contineri,
1199 890 1423 965 foveri,
1485 901 1678 972 atque
1722 890 2057 955 immutari
2102 913 2186 956 ex
2230 890 2523 955 eiusdem
2570 890 2744 957 arbi-

799 975 925 1039 trio
968 985 1166 1058 atque
1211 975 1566 1050 voluntate,
1612 988 1686 1039 ut
1731 976 1922 1041 modo
1967 976 2478 1041 abiectissimum
2527 988 2592 1040 et
2642 978 2741 1041 vi-

797 1060 1084 1126 lissimae
1120 1060 1507 1126 conditionis
1532 1062 1880 1145 quemlibet
1917 1063 2195 1139 attollat,
2242 1072 2309 1127 et
2344 1062 2425 1127 ad
2450 1084 2742 1128 summos

798 1146 1079 1212 honores
1124 1146 1376 1222 evehat,
1437 1148 1629 1211 modo
1690 1149 2212 1230 potentissimum
2262 1157 2326 1213 et
2368 1149 2435 1214 in
2483 1168 2743 1214 summo

797 1232 1008 1317 gradu
1070 1233 1391 1297 honorum
1450 1233 1834 1299 collocatum
1881 1233 2221 1316 deprimat.
2312 1235 2401 1298 Et
2446 1234 2617 1299 hanc
2660 1233 2742 1299 ob

798 1337 1065 1383 causam
1110 1319 1488 1383 nominatim
1538 1319 1644 1383 hic
1688 1330 1754 1383 et
1797 1320 2043 1384 Psalm.
2092 1320 2237 1385 113.
2270 1321 2448 1384 Deus
2504 1319 2744 1384 dicitur

801 1424 834 1469 e
866 1405 1125 1484 pulvere
1166 1406 1379 1487 inopes
1421 1406 1674 1488 eriyere,
1719 1410 1775 1469 et
1817 1425 1850 1470 e
1890 1406 2263 1471 stercoribus
2306 1406 2580 1470 attollere
2622 1406 2742 1468 mi-

798 1510 995 1570 ser-08,
1064 1503 1134 1554 ut
1199 1491 1470 1556 collocet
1535 1510 1683 1554 cum
1751 1492 2159 1574 principibus
2223 1493 2334 1575 qui
2396 1495 2507 1555 vix
2568 1489 2738 1572 apud

802 1576 1099 1641 homines
1146 1576 1276 1640 ullo
1324 1575 1461 1641 loco
1505 1583 1716 1640 erant.
1804 1577 1973 1641 Nam
2035 1597 2232 1661 saepe
2278 1575 2497 1641 videas
2544 1578 2740 1641 mise·

798 1683 1022 1727 rorum
1050 1663 1388 1727 hominum
1414 1676 1479 1725 et
1514 1668 1782 1745 inopum
1819 1675 1951 1727 tam
2000 1684 2141 1728 esse
2177 1663 2484 1728 miseram
2512 1664 2737 1738 vitam,

798 1759 874 1813 ut
921 1750 1029 1813 vix
1069 1745 1240 1832 apud
1279 1747 1579 1812 homines
1616 1751 1826 1814 locum
1865 1749 2225 1815 inveniant.
2294 1749 2503 1812 Porro
2539 1768 2739 1830 quum

798 1832 985 1899 Deus
1031 1833 1274 1900 dicitur
1319 1836 1529 1899 facere
1577 1844 1649 1898 ut
1684 1835 1917 1899 solium
1957 1835 2200 1919 gloriae
2239 1833 2628 1917 possideant,
2674 1842 2742 1898 et

799 1941 1090 1985 summos
1135 1919 1411 1984 honores
1455 1932 1903 2002 assequantur,
1960 1942 2120 2004 quos
2176 1942 2334 1986 suus
2391 1933 2573 1985 ortus
2617 1919 2740 1983 mi-

801 2025 979 2070 seros
1045 2016 1110 2070 et
1178 2006 1460 2069 abiectos
1525 2006 1845 2082 effecerat,
1914 2018 2187 2088 apparet
2241 2008 2415 2089 ipsos
2480 2026 2611 2070 non
2668 2006 2738 2069 in

800 2105 1106 2175 paternas
1130 2113 1302 2173 opes,
1349 2112 1557 2174 neque
1594 2092 1661 2155 in
1700 2102 2001 2173 paternos
2049 2093 2326 2159 honores
2370 2092 2737 2172 succedere,

801 2177 915 2242 sed
960 2179 1220 2261 speciali
1272 2175 1548 2258 quadam
1589 2178 1841 2242 ratione
1878 2188 1945 2242 et
1980 2178 2543 2244 administratione
2578 2178 2739 2257 fieri,

804 2271 880 2328 ut
922 2263 1068 2328 licet
1115 2283 1327 2345 neque
1370 2283 1521 2327 suos
1567 2266 1864 2345 maiores,
1910 2285 2119 2347 neque
2164 2285 2348 2329 suam
2395 2266 2461 2328 in
2505 2284 2738 2346 paran-

802 2348 904 2415 dis
970 2348 1217 2413 divitiis
1280 2360 1347 2412 et
1406 2348 1763 2414 honoribus
1820 2350 2290 2434 consequendis
2347 2349 2737 2414 industriam

797 2433 1174 2517 praedicare
1242 2435 1510 2516 possint,
1581 2435 1751 2499 iusto
1816 2447 2034 2501 tamen
2103 2435 2298 2499 titulo
2364 2436 2737 2518 possideant

797 2540 959 2603 quos
1008 2522 1186 2586 Deus
1230 2521 1295 2584 in
1342 2522 1813 2602 possessionem
1857 2521 2039 2585 illam
2086 2523 2284 2585 misit.

974 2606 1171 2670 Ratio
1223 2608 1723 2672 conversionum
1775 2617 1841 2671 et
1885 2608 2320 2672 mutationum
2366 2603 2734 2670 istiusmodi

798 2690 1221 2777 subiungitur
1267 2691 1369 2756 his
1416 2692 1661 2757 verbis:
1727 2691 1902 2758 Nam
1947 2691 2206 2758 Iehovae
2262 2697 2411 2757 suut
2446 2691 2738 2757 cardines

797 2783 1016 2858 terrae,
1097 2777 1326 2860 quibus
1390 2778 1687 2858 imposuit
1747 2778 1948 2843 orbem
2012 2778 2428 2844 habitabilem.
2530 2778 2737 2841 Porro

798 2885 999 2947 quum
1048 2874 1260 2929 terrae
1303 2864 1602 2929 cardines
1645 2864 2047 2941 tribuuntur,
2094 2864 2608 2947 metaphoricam
2648 2863 2740 2925 lo-

798 2954 1176 3034 quutionem
1222 2971 1362 3015 esse
1405 2948 1758 3015 tenendum
1806 2959 1919 3015 est.
1986 2950 2155 3015 Nam
2192 2950 2319 3015 alio
2364 2950 2523 3026 loco,
2562 2947 2735 3013 Psal.

797 3037 900 3117 24,
953 3037 995 3101 2
1057 3049 1123 3101 et
1183 3036 1326 3113 136,
1388 3036 1430 3101 6
1498 3037 1679 3101 Deus
1750 3044 1991 3101 terram
2049 3057 2245 3118 super
2313 3035 2521 3100 maria
2593 3034 2740 3098 fun-

796 3123 1002 3200 dasse,
1064 3131 1129 3187 et
1175 3144 1374 3205 super
1423 3123 1698 3186 flumina
1742 3120 2135 3204 disposuisse
2180 3121 2438 3189 dicitur.
2529 3120 2735 3202 Atqui

792 3210 864 3275 in
930 3208 1313 3274 fluminibus
1391 3218 1505 3271 aut
1572 3207 1908 3291 uliginosis
1974 3228 2049 3273 ac
2114 3206 2512 3291 palustribus
2579 3205 2735 3270 locis

795 3295 1229 3372 aedificaturi,
1309 3293 1740 3358 fundamenta
1800 3293 1982 3376 palos
2046 3293 2115 3358 in
2177 3304 2418 3358 terram
2487 3291 2735 3356 defixos

794 3393 858 3446 et
902 3380 1167 3448 adactos
1211 3380 1421 3445 muris
1464 3379 1910 3453 substernunt,
1967 3400 2096 3444 non
2158 3380 2393 3444 futuris
2438 3377 2732 3460 alioquin

791 3467 1004 3532 firmis
1026 3467 1241 3533 saxeis
1266 3465 1727 3530 fundamentis.
1766 3465 1869 3530 Ita
1885 3466 2065 3531 Deus
2081 3464 2317 3530 dicitur
2340 3462 2543 3529 veluti
2569 3463 2735 3546 palis

792 3553 863 3617 in
899 3574 1079 3617 mare
1117 3552 1348 3617 defixis
1388 3565 1601 3616 terrae
1638 3550 1875 3616 molem
1914 3552 2051 3617 suis
2089 3549 2348 3617 basibus
2383 3550 2731 3614 fulcivisse.

794 3638 1049 3720 Nempe
1116 3637 1285 3722 quod
1357 3658 1554 3719 super
1617 3658 1817 3719 aquas
1883 3638 2209 3701 aedificari
2275 3635 2438 3700 nihil
2507 3635 2735 3719 possit,

796 3725 999 3789 immo
1045 3745 1130 3788 ne
1175 3723 1435 3806 lapillus
1478 3722 1738 3805 quidem
1784 3724 1977 3788 unius
2022 3724 2248 3788 unciae
2290 3731 2733 3805 supernatare,

798 3810 958 3894 quin
1005 3807 1307 3873 deorsum
1354 3806 1594 3885 tendat,
1652 3807 2177 3891 quandoquidem
2245 3828 2412 3891 aqua
2455 3806 2733 3871 fluidum

797 3906 898 3962 est
960 3893 1374 3975 elementum,
1442 3913 1516 3959 ac
1583 3895 1856 3977 proinde
1919 3894 2085 3959 nihil
2146 3915 2346 3977 grave
2391 3893 2733 3959 sustineat.

796 3980 933 4049 Sed
976 3981 1299 4063 scriptura
1342 3979 1421 4045 de
1464 3981 1609 4045 istis
1651 4002 1780 4046 non
1828 3981 2086 4046 disserit
2129 3991 2333 4061 acute,
2383 3977 2553 4062 quod
2600 3998 2730 4041 non

795 4069 884 4134 sit
941 4067 1035 4132 illi
1096 4067 1498 4150 propositum
1558 4086 1793 4132 arcana
1852 4065 2297 4149 philosophiae
2368 4064 2733 4130 accuratius

796 4153 985 4219 nobis
1052 4171 1447 4235 proponere,
1527 4153 1639 4217 sed
1718 4150 2053 4218 nobiscum
2116 4151 2325 4217 veluti
2391 4150 2730 4215 balbutire.

796 4242 896 4305 Ac
954 4258 1111 4304 sane
1162 4237 1342 4302 Deus
1401 4257 1472 4302 se
1526 4236 1608 4301 ad
1652 4236 1985 4303 rudiorum
2031 4247 2299 4319 captum
2343 4236 2437 4302 sic
2478 4256 2730 4301 accom-

795 4325 1067 4391 modare
1111 4322 1332 4402 voluit,
1377 4343 1460 4388 ne
1500 4324 1645 4406 quis
1689 4322 1769 4388 de
1805 4322 2189 4388 difficultate
2228 4338 2296 4388 et
2337 4322 2733 4387 obscuritate

795 4420 1268 4494 conqueratur:
1329 4430 1530 4492 quare
1588 4421 1846 4475 nostrae
1896 4410 2166 4474 ruditati
2211 4408 2529 4473 sermonis
2574 4405 2730 4470 faci·

792 4498 978 4562 litate
1023 4495 1369 4560 consuluit.
1432 4496 1666 4579 Itaque
1710 4516 1911 4578 quum
1957 4505 2133 4560 terra
2173 4494 2548 4561 cardinibus
2592 4492 2730 4556 suis

795 4592 863 4648 et
888 4582 1150 4648 basibus
1196 4583 1351 4646 nixa
1386 4579 1638 4660 dicitur,
1684 4602 1766 4646 ex
1804 4587 2025 4647 nostro
2060 4593 2252 4664 captu
2289 4579 2529 4645 dictum
2568 4575 2728 4641 illud

795 4666 1318 4753 intelligendum.
1422 4668 1590 4732 Nam
1649 4667 1933 4749 alioquin
1992 4676 2171 4732 terra
2228 4664 2508 4731 mediam
2555 4662 2731 4729 orbis

795 4756 1015 4821 sedem
1051 4754 1319 4830 obtinet,
1365 4763 1559 4836 atque
1596 4753 1784 4836 aquis
1817 4753 2125 4837 cingitur,
2171 4773 2246 4818 ac
2269 4750 2543 4835 proinde
2565 4769 2730 4832 aqua

795 4851 895 4907 est
957 4852 1135 4905 terra
1191 4839 1400 4914 altior,
1487 4838 1677 4920 Quod
1739 4860 1895 4903 vero
1945 4859 2094 4919 pars
2152 4837 2327 4904 illius
2386 4835 2572 4902 arida
2613 4843 2732 4914 est,

795 4927 1109 4991 miraculo
1153 4925 1447 5010 contigit,
1493 4925 1666 5007 quod
1713 4925 1819 4990 vel
1864 4925 2038 5008 ipsos
2082 4925 2270 4989 fateri
2307 4920 2731 5008 philosophos

797 5014 967 5084 ratio
1012 5014 1204 5096 cogit.
1294 5013 1545 5077 Natura
1611 5012 1789 5076 enim
1855 5009 2175 5093 poscebat,
2241 5032 2372 5076 non
2440 5019 2513 5073 ut
2579 5027 2731 5089 pars

796 5097 1113 5182 quaedam
1170 5099 1342 5164 sicca
1397 5107 1465 5163 et
1506 5096 1688 5162 arida
1732 5098 2065 5175 emineret,
2124 5095 2237 5162 sed
2282 5106 2359 5162 ut
2401 5103 2539 5161 tota
2579 5090 2729 5158 sub-

796 5185 1039 5251 sideret
1082 5193 1148 5250 et
1190 5185 1373 5268 aquis
1416 5195 1840 5269 mergeretur,
1888 5191 1956 5249 at
1991 5183 2172 5250 Deus
2207 5203 2391 5249 mare
2427 5188 2495 5247 et
2527 5198 2732 5263 aquas

2510 267 2920 338 HOMILIA
2965 270 3125 339 vll.

4623 276 4715 344 308

2848 463 2985 530 suis
3051 463 3293 530 finibus
3355 460 3707 539 conclusit,
3783 480 4117 543 nunquam
4200 458 4284 525 ad
4363 460 4726 543 operiendum

2849 552 3224 615 universam
3269 559 3511 615 terram
3560 547 3903 628 redituras,
3951 556 4023 611 ut
4068 545 4435 612 hominibus
4475 550 4726 631 praebeat

2849 635 3266 701 domicilium.
3356 635 3657 718 Denique
3717 645 3959 697 terram
4011 633 4386 698 universam
4430 635 4595 716 aquis
4629 638 4726 702 cir·

2848 723 3223 788 cumdatam
3284 721 3599 798 videmus,
3669 740 3787 785 nec
3845 717 4350 783 fundamentum
4409 718 4727 788 aliudima-

2848 808 3057 892 ginari
3099 828 3466 957 <possumus.
3536 805 3713 888 Quin
3760 808 3827 869 et
3871 825 4188 888 aquarum
4225 814 4498 880 montes,
4538 808 4726 887 quibus

2846 894 3091 960 obruen
3143 916 3183 959 a
3227 892 3561 960 videretur
3596 908 3792 971 terra,
3836 891 4271 973 conspicimus
4306 891 4443 956 suis
4485 894 4730 961 terminis

2848 981 3186 1060 contineri,
3255 980 3422 1063 quod
3491 979 3683 1061 plane
3745 991 4007 1060 praeter
4073 986 4143 1041 et
4196 987 4427 1042 contra
4475 991 4731 1044 naturam

2846 1065 3137 1148 ipsarum
3204 1078 3320 1131 est.
3445 1063 3669 1145 Quare
3734 1083 3936 1146 quum
4003 1072 4249 1127 tantam
4317 1063 4514 1127 maris
4570 1083 4732 1148 supra

2848 1160 3089 1216 terram
3147 1150 3556 1216 altitudinem
3612 1150 4012 1227 intueamur,
4069 1159 4136 1213 et
4190 1160 4410 1214 tamen
4468 1149 4530 1213 in
4585 1150 4733 1214 arida

2849 1237 3033 1302 nobis
3091 1237 3489 1302 domicilium
3549 1246 3617 1300 et
3669 1236 3890 1301 sedem
3953 1236 4211 1300 firmam
4249 1234 4411 1313 dari,
4467 1247 4733 1318 quantam

2848 1343 2989 1386 esse
3034 1333 3322 1389 nostram
3367 1321 3748 1400 socordiam,
3794 1332 4109 1405 quantum
4157 1333 4490 1401 stuporem
4531 1321 4734 1400 dixero,

2849 1408 2972 1472 nisi
3021 1409 3233 1473 Deum
3297 1419 3540 1473 terram
3601 1428 3799 1489 super
3853 1426 4055 1489 aquas
4108 1405 4420 1471 fundasse
4475 1427 4738 1488 agnosca-

2847 1492 3041 1559 mus?
3128 1494 3516 1576 Philosophi
3590 1492 3852 1575 quidem
3926 1513 4079 1557 suas
4137 1493 4422 1557 rationes
4459 1492 4736 1572 adferunt,

2847 1599 3101 1662 nempe,
3160 1589 3400 1644 terram
3458 1588 3535 1644 ut
3591 1579 3883 1642 omnium
3943 1577 4419 1643 elementorum
4470 1577 4740 1660 gravissi·

2847 1686 3021 1729 mam
3067 1677 3363 1730 centrum
3410 1683 3755 1746 occupare:
3804 1675 4252 1729 verumtamen
4317 1662 4739 1728 admirandum

2847 1749 2955 1815 hic
2996 1773 3160 1832 opus
3205 1750 3504 1816 divinum
3549 1772 3689 1815 esse
3734 1750 4024 1814 libenter·
4056 1747 4391 1813 fatendum
4428 1760 4542 1825 est,
4579 1751 4743 1814 immo

2847 1838 3093 1901 nostris
3152 1837 3452 1902 sensibus
3511 1835 4191 1918 incomprehensibile,
4260 1834 4431 1918 quod
4494 1835 4743 1918 alioquin

2844 1922 3195 1988 subsistere
3261 1944 3426 2006 quae
3491 1923 3562 1987 in
3618 1922 3837 1988 oculos
3904 1921 4248 1986 incurrunt
4307 1942 4441 1985 non
4497 1928 4743 2004 possent.

2845 2006 3065 2088 Quum
3133 2030 3289 2093 ergo
3356 2009 3463 2074 hic
3529 2021 3741 2073 terrae
3800 2005 4175 2073 cardinibus
4233 2005 4482 2072 Iehova
4538 2019 4746 2072 terram

2847 2093 3288 2174 habitabilem,
3362 2094 3429 2158 id
3474 2104 3573 2159 est
3617 2095 3806 2177 aquis
3848 2093 4236 2174 imposuisse
4300 2092 4567 2172 dieitur,
4626 2092 4747 2156 licet

2843 2199 3049 2263 aquae
3075 2182 3293 2246 fluxae
3317 2182 3467 2260 sint,
3510 2180 3605 2245 ita
3638 2180 3999 2246 maiestatis
4038 2178 4301 2242 divinae
4343 2198 4514 2262 opus
4554 2177 4749 2243 mandi

2844 2267 3086 2332 creatio
3144 2267 3525 2345 celebratur,
3593 2279 3663 2331 ut
3721 2285 3915 2330 nemo
3973 2264 4198 2328 mirari
4260 2263 4494 2329 debeat
4549 2275 4748 2329 cuncta

2844 2363 3011 2417 nutu
3048 2361 3115 2417 et
3148 2352 3415 2417 arbitrio
3467 2350 3645 2416 illius
3683 2354 3820 2435 regi
3858 2362 4056 2434 atque
4091 2348 4557 2416 administrari.
4611 2349 4751 2415 Nam

2844 2441 2898 2503 si
2946 2438 3125 2503 Deus
3180 2437 3472 2521 potentia
3524 2459 3644 2503 sua
3688 2448 3928 2502 terram
3988 2437 4258 2513 creavit,
4324 2436 4552 2500 eadem
4604 2436 4751 2499 illam

2846 2524 3090 2588 virtute
3133 2525 3340 2589 foveri
3387 2544 3647 2590 necesse
3693 2535 3810 2588 est.
3899 2523 4103 2586 Porro
4155 2522 4316 2587 haec
4376 2522 4643 2587 minime
4689 2520 4754 2584 de

2844 2609 3196 2675 universali
3242 2620 3417 2675 terra
3461 2620 3716 2674 tantum
3761 2617 3877 2673 aut
3921 2609 4059 2672 eius
4102 2609 4498 2674 cardinibus.
4549 2607 4652 2672 sed
4690 2604 4754 2669 de

2842 2695 3117 2779 singulis
3159 2696 3535 2778 provinciis,
3579 2695 3972 2778 regionibus,
4020 2694 4416 2758 monarchiis
4457 2704 4645 2777 atque
4672 2712 4754 2757 re·

2842 2780 3241 2865 buspublicis
3286 2792 3442 2846 sunt
3489 2779 3936 2864 intelligenda.
4028 2781 4276 2844 Earum
4337 2800 4501 2864 ergo
4544 2779 4756 2844 Iehova

2844 2866 3166 2932 Dominus
3245 2867 3511 2945 dicitur,
3593 2888 3723 2932 non
3803 2876 4063 2930 tantum
4135 2867 4523 2944 creationis,
4600 2861 4754 2947 quasi

2843 2952 3086 3018 mundo
3117 2965 3337 3019 creato
3375 2973 3599 3018 curam
3634 2951 3775 3017 eius
3804 2972 4065 3016 omnem
4088 2950 4398 3016 abiecerit
4434 2960 4627 3035 atque
4657 2951 4758 3014 for-

2844 3049 3043 3103 tunae
3104 3039 3461 3122 regendum
3516 3037 3936 3121 permisserit,
3998 3036 4107 3102 sed
4172 3047 4538 3121 perpetuae
4594 3054 4754 3104 curae

2842 3134 3035 3207 atque
3079 3123 3347 3189 virtutis
3390 3145 3545 3190 suae
3589 3135 3910 3208 respectu,
3972 3143 4102 3205 qua
4160 3123 4490 3188 mundum
4536 3144 4610 3189 ac
4648 3122 4758 3186 sin-

2841 3209 3030 3293 gulas
3064 3210 3207 3275 eius
3244 3220 3464 3293 partes
3499 3211 3592 3274 ita
3626 3212 3806 3275 fovet
3839 3220 4032 3291 atque
4068 3219 4307 3289 tuetur,
4353 3222 4434 3274 ut
4470 3210 4604 3273 sint
4629 3206 4758 3272 alio·

2842 3295 3003 3377 quin
3047 3295 3188 3361 sine
3233 3295 3413 3361 illius
3457 3295 3716 3361 assidua
3759 3315 3918 3361 cura
3954 3294 4264 3361 ruiturae.
4332 3295 4570 3376 Quare
4590 3310 4760 3377 quum

2841 3402 3058 3445 rerum
3105 3380 3584 3448 vicissitudines
3627 3394 3821 3463 atque
3865 3382 4321 3447 conversiones
4357 3381 4676 3447 eveniunt
4703 3378 4760 3442 in

2840 3465 2946 3531 his
2989 3470 3202 3545 terris,
3247 3468 3341 3533 sic
3383 3488 3608 3532 earum
3653 3466 4050 3532 instabilitas
4086 3467 4226 3532 sine
4261 3468 4537 3533 divinae
4572 3463 4763 3550 provi·

2840 3551 3096 3617 dentiae
3140 3574 3337 3618 manu
3383 3563 3448 3619 et
3490 3574 3649 3619 cura
3688 3553 3931 3637 patefit.
4020 3551 4111 3616 Et
4154 3551 4484 3620 hactenus
4528 3552 4609 3617 de
4643 3550 4762 3615 istis

2841 3649 2982 3704 esto
3027 3638 3291 3704 dictum.

3010 3722 3393 3808 Sequuntur
3427 3722 3627 3790 verba
3662 3723 3810 3804 illa,
3852 3725 3988 3788 fore
4029 3727 4100 3787 ut
4129 3725 4322 3807 pedes
4372 3744 4597 3790 eorum
4637 3737 4767 3804 quos

2838 3809 3088 3893 beniyne
3151 3811 3380 3893 accepit
3440 3815 3775 3890 conservet,
3837 3808 4112 3890 improbi
4185 3829 4332 3876 vero
4393 3811 4474 3875 in
4527 3805 4764 3875 tenebris

2837 3896 3262 3962 conticescant.-
3342 3917 3506 3980 quae
3572 3896 3843 3960 nimium
3934 3895 4266 3961 subtiliter
4337 3896 4616 3978 quidam
4681 3892 4764 3956 in·

2839 3991 3304 4064 terpretantur‚
3361 3983 3544 4066 quasi
3592 3982 3773 4046 Deus
3831 3979 4090 4047 dicatur
4131 3983 4308 4047 viam
4348 3981 4649 4047 fidelium
4687 3978 4762 4041 its

2837 4066 3199 4133 directurus
3243 4079 3318 4134 ut
3359 4069 3426 4133 in
3475 4068 3684 4151 ipsius
3723 4068 3956 4133 timore
4001 4067 4204 4131 vitam
4266 4067 4539 4152 degant.
4627 4065 4764 4131 Cer·

2839 4166 2977 4217 tum
3039 4154 3212 4219 enim
3262 4164 3362 4220 est
3406 4154 3734 4218 hominem
3781 4174 3910 4217 non
3958 4172 4149 4235 posse
4193 4153 4401 4219 libero
4448 4174 4572 4219 sno
4613 4148 4765 4245 arbi-.-

2837 4238 2964 4303 trio
3018 4260 3159 4304 sese
3218 4240 3300 4306 ad
3361 4240 3677 4305 virtutem
3736 4240 3984 4319 erigere
4041 4259 4116 4305 ac
4173 4259 4594 4323 componere,
4656 4235 4764 4301 nist

2837 4323 3018 4389 verbi
3076 4323 3285 4390 divini
3353 4335 3418 4389 et
3472 4326 3742 4407 spiritus
3806 4325 4016 4390 sancti
4084 4324 4329 4390 virtute
4400 4326 4762 4391 excitatum.

2840 4408 2970 4476 Sed
3027 4432 3157 4475 non
3219 4420 3375 4477 sunt
3428 4409 3588 4475 adeo
3648 4411 3807 4476 haec
3865 4409 4323 4494 restringenda
4368 4431 4549 4494 quae
4591 4407 4765 4474 latius

2837 4504 3082 4579 patent,
3143 4517 3376 4579 nempe
3420 4498 3555 4561 fore
3610 4508 3685 4560 ut
3727 4496 3913 4560 Deus
3972 4516 4123 4561 suos
4179 4497 4246 4561 in
4295 4498 4616 4563 omnibus
4659 4492 4765 4556 viis

2835 4584 3125 4662 ipsorum
3151 4582 3475 4647 custodiat
3496 4591 3562 4646 et
3583 4580 3841 4666 dirigat,
3887 4581 4438 4664 quemadmodum
4467 4580 4766 4668 prophete

2835 4667 3133 4744 Psa1.29‚
3158 4667 3199 4732 9
3235 4676 3303 4732 et
3323 4668 3426 4746 91,
3454 4668 3531 4733 11
3571 4667 3775 4734 docet.
3816 4666 4135 4751 Equidem
4160 4670 4561 4734 etinfideles
4613 4667 4698 4733 sic
4732 4682 4764 4725 a

2840 4755 2977 4817 Deo
3023 4755 3162 4838 regi
3211 4754 3437 4834 fateor,
3498 4762 3570 4819 ut
3627 4775 3707 4818 ne
3765 4754 3998 4837 pedem
4058 4754 4315 4836 quidem
4380 4756 4536 4820 sine
4585 4751 4764 4837 ipsius

2835 4838 3161 4921 permissu
3198 4860 3462 4905 movere
3498 4840 3782 4923 possint:
3825 4852 4023 4923 atque
4057 4839 4219 4905 adeo
4266 4861 4480 4906 manu
4518 4842 4658 4907 eins
4689 4836 4767 4900 sic

2833 4925 3152 4989 contineri
3198 4935 3270 4990 ut
3309 4946 3428 5010 pro
3474 4927 3747 4990 arbitrio
3792 4947 3912 4992 suo
3957 4926 4085 4991 huc
4129 4937 4193 4991 et
4235 4927 4395 4991 illuc
4443 4949 4557 4992 eos
4601 4929 4763 5008 agat:

2835 5010 2991 5092 quin
3048 5011 3179 5075 imo
3237 5032 3371 5076 non
3416 5012 3607 5077 aliter
3650 5033 3760 5078 eos
3804 5032 4068 5078 versare
4111 5032 4306 5095 quam
4353 5012 4639 5096 quilibet
4678 5028 4768 5072 ar·

2835 5097 2997 5161 tifex
3041 5097 3239 5162 sicam
3301 5108 3414 5162 aut
3456 5097 3640 5162 aliud
3679 5097 4012 5182 quodlibet
4055 5097 4605 5164 instrumentum.
4686 5092 4766 5157 Et

2832 5181 2926 5246 ita
2976 5182 3236 5266 quidem
3293 5184 3577 5268 improbi
3634 5195 3702 5250 et
3755 5185 4063 5271 flagitiosi
4117 5184 4426 5252 homines
4485 5184 4613 5251 Dei
4661 5181 4770 5246 im·
