5059 6059
317 317 427 382 189
1595 316 1694 383 IN
1739 318 1793 383 Ι.
1839 317 2019 384 LIB.
2065 316 2464 386 SAMUEL.
2510 319 2708 388 OAP.
2753 321 2980 387 XVII.

315 511 546 592 Magna
586 505 848 589 quidem
885 506 981 571 illi
1026 506 1210 574 clade
1254 507 1422 571 caesi
1467 506 1799 589 fugatique
1831 505 2111 585 fuerant,
2158 514 2230 571 ut

311 613 631 676 nunquam
661 591 1035 658 viderentur
1058 592 1414 657 exercitum
1452 594 1992 677 redintegraturi:
2030 613 2230 674 quare

317 700 545 747 novum
590 687 655 743 et
698 678 987 743 insolens
1033 677 1196 743 illud
1240 678 1599 755 videbatur,
1646 678 1816 760 quod
1861 698 1993 742 non
2041 677 2229 742 modo

313 765 639 838 rebellant,
698 763 810 829 sed
871 765 1045 828 ultro
1107 765 1386 829 victores
1431 775 1621 828 antea
1666 762 2002 829 Israelitas
2043 764 2228 827 inva-

313 854 488 917 dunt.
602 849 1000 932 Magnopere
1065 851 1201 915 suis
1265 850 1519 915 viribus
1585 851 1858 914 confisos
1922 849 2228 932 oportuit,

311 959 455 1003 nam
494 934 665 1000 unde
704 948 920 1001 tantos
966 936 1219 1000 animos
1264 949 1615 1011 sumerent,
1651 955 1852 1017 quum
1896 947 2089 1000 antea
2133 945 2230 999 tot

312 1021 642 1088 bominum
700 1021 912 1086 millia
970 1043 1050 1086 ex
1112 1023 1269 1104 ipsis
1323 1041 1510 1086 caesa
1555 1023 1865 1085 fuissent:
1911 1018 2229 1103 quomodo

309 1109 433 1174 iam
491 1109 703 1171 denuo
753 1108 1127 1190 praeliaturi
1191 1116 1445 1173 tantum
1510 1107 1864 1171 exercitum
1925 1106 2228 1189 colligere

307 1200 679 1278 potuerunt,
725 1205 790 1256 et
835 1205 1016 1257 tanta
1062 1193 1332 1258 audacia
1361 1191 1692 1258 Israelitas
1737 1192 1983 1275 agressi
2029 1189 2226 1255 sunt?

306 1279 440 1345 Nae
463 1279 650 1343 Deus
694 1280 933 1344 reiecto
961 1278 1180 1357 Saule,
1225 1280 1378 1343 fecit
1420 1278 1549 1342 illis
1587 1279 1854 1355 animos,
1901 1278 2227 1359 quoniam,

306 1375 376 1430 ut
436 1375 592 1430 ante
637 1363 940 1442 diximus,
1005 1364 1188 1428 Deus
1248 1364 1587 1429 hominum
1648 1364 1843 1428 corda
1887 1364 2090 1447 regit:
2154 1382 2228 1426 ac

299 1449 574 1534 proinde
640 1451 749 1531 qui
816 1450 1006 1516 modo
1065 1469 1302 1534 magno
1358 1461 1421 1514 et
1477 1446 1727 1513 excelso
1787 1448 2003 1513 animo
2063 1447 2226 1511 nihil

298 1536 782 1613 extimescebat,
848 1548 1114 1618 repente
1174 1537 1242 1599 in
1303 1535 1628 1618 ignaviam
1692 1545 1757 1599 et
1813 1534 2226 1598 timiditatem

297 1620 543 1686 incidit.
634 1621 881 1686 Contra
929 1643 1079 1686 vero
1127 1622 1239 1703 qui
1284 1637 1476 1684 antea
1524 1619 1769 1696 timide,
1817 1620 2070 1698 humili,
2118 1618 2226 1683 de-

294 1708 496 1772 misso
543 1707 878 1789 fractoque
925 1710 1140 1771 animo
1187 1706 1352 1770 nihil
1396 1705 1690 1783 audebat,
1736 1717 2002 1788 repente
2046 1725 2225 1788 mag-

292 1814 413 1858 nos
449 1802 518 1856 et
566 1793 768 1857 elatos
806 1794 1055 1858 animos
1094 1813 1327 1876 gerens
1363 1791 1685 1874 quaelibet
1721 1794 1924 1856 ardua
1968 1790 2227 1855 leonina

295 1878 581 1960 quadam
649 1879 884 1943 ferocia
949 1880 1233 1960 suscipit,
1303 1889 1370 1942 et
1434 1879 1500 1940 in
1567 1878 1667 1940 sui
1735 1876 2227 1941 admirationem

292 1984 525 2028 omnes
574 1964 876 2029 traducit.
945 1965 1087 2028 'Pali
1134 1963 1402 2029 audacia
1446 1962 1840 2027 Philistaeos
1889 1963 2069 2026 Deus
2113 1983 2226 2025 ex·

291 2050 561 2127 citavit,
639 2061 711 2113 ut
776 2064 992 2115 coacto
1057 2049 1352 2114 exercitu
1418 2049 1725 2131 populum
1791 2048 2224 2113 Israeliticum

289 2136 464 2199 ultro
536 2135 1085 2219 aggrederentur,
1156 2135 1448 2216 belloque
1516 2134 1926 2210 lacesserent,
1993 2145 2059 2197 et
2125 2154 2227 2197 re-

336 2221 552 2285 ‘onem
617 2226 904 2303 ipsorum
948 2219 1368 2285 invaderent:
1428 2228 1493 2284 et
1539 2220 1657 2285 hoc
1701 2221 2107 2301 potissimum
2154 2230 2226 2283 ut

340 2306 449 2371 aul
476 2307 862 2390 puniretur:
911 2308 976 2370 in
1015 2308 1197 2372 cuius
1232 2306 1589 2387 punitionis
1626 2316 1875 2388 partem
1912 2304 2223 2388 populum

284 2391 489 2456 etiam
531 2394 758 2456 venire
799 2394 1098 2474 oportuit.
1169 2393 1268 2456 Ea
1303 2402 1458 2456 sunt
1502 2391 1675 2455 enim
1721 2388 1942 2455 divina
1983 2390 2227 2455 iudicia

287 2487 360 2541 ut
396 2498 883 2560 nonnunquam
923 2478 1196 2561 populus
1232 2497 1350 2559 pro
1395 2477 1566 2559 regis
1613 2475 1844 2541 delicto
1890 2478 2111 2541 veniat
2154 2479 2222 2542 in

282 2575 548 2644 partem
621 2584 894 2645 poenae:
966 2584 1428 2644 nonnunquam
1497 2573 1718 2625 contra
1782 2583 1968 2645 reges
2026 2565 2223 2628 etiam

276 2649 672 2730 plectantur
691 2649 980 2714 immissa
1004 2650 1068 2713 in
1096 2648 1346 2731 plebem
1370 2646 1772 2712 calamitate:
1797 2647 1968 2730 quod
1985 2652 2222 2714 mirum

279 2735 496 2800 videri
559 2754 696 2798 non
756 2733 962 2804 debet,
1022 2733 1538 2817 quandoquidem
1600 2755 1724 2798 non
1788 2743 1945 2799 sunt
2001 2736 2222 2819 populi

278 2820 701 2899 innocentes,
762 2834 829 2885 et
883 2824 1056 2884 omni
1102 2820 1292 2902 culpa
1337 2821 1543 2894 vacui,
1604 2840 1799 2902 quum
1847 2841 2029 2904 reges
2077 2843 2220 2905 pec-

273 2917 453 2986 cant,
519 2917 594 2970 et
652 2906 1031 2988 puniuntur.
1122 2905 1232 2971 Sic
1294 2904 1586 2969 videmus
1651 2905 1954 2971 hocloco
2001 2907 2223 2974 Saulis

274 3011 574 3076 regnum
636 3011 675 3055 a
721 2991 1003 3055 Domino
1063 2991 1262 3056 fuisse
1307 2991 1746 3066 maledictum,
1798 3005 1862 3055 et
1906 2995 2221 3076 populum

270 3079 481 3143 etiam
513 3076 792 3160 dignum
831 3077 1034 3142 fuisse
1070 3078 1176 3159 qui
1215 3078 1520 3159 gravibus
1557 3078 1779 3158 poenis
1816 3080 2239 3161 multaretur„

271 3163 449 3245 quod
520 3184 564 3227 a
612 3163 938 3228 Samuelis
999 3162 1365 3227 obedientia
1421 3183 1490 3227 se
1535 3161 1970 3243 subduxisset,
2031 3187 2221 3249 quem

270 3261 509 3314 tamen
580 3249 718 3332 ipse
765 3248 942 3313 Deus
999 3248 1125 3332 ipsi
1184 3251 1597 3330 praefecerat,
1657 3269 1974 3331 suumque
2019 3253 2221 3317 veluti

265 3334 584 3418 legatum
620 3335 1014 3399 instituerat.
1080 3333 1402 3416 Equidem
1447 3355 1601 3398 vero
1646 3335 1847 3400 fateor
1870 3335 1994 3401 Dei
2042 3338 2221 3403 boni·

269 3431 488 3485 tatem
567 3430 820 3484 tantam
883 3421 1198 3484 malitiam
1257 3441 1612 3502 superasse,
1679 3424 2220 3502 quemadmodum

268 3517 478 3571 antea
519 3506 829 3579 vidimus,
877 3506 988 3570 sed
1029 3527 1156 3570 non
1192 3508 1284 3569 ita
1321 3518 1537 3570 tamen
1580 3515 1650 3569 ut
1696 3528 1851 3572 suae
1897 3510 2222 3576 vindictae

267 3592 502 3658 locum
552 3612 690 3656 non
737 3591 1084 3674 reliquerit,
1130 3613 1326 3674 quum
1375 3592 1550 3656 locus
1593 3601 1658 3656 et
1701 3604 1955 3675 tempus
2000 3608 2222 3678 postu·

264 3678 510 3743 larunt
551 3677 795 3760 corrigi
826 3678 1018 3741 istam
1057 3679 1372 3742 offensam
1419 3677 1729 3742 adversus
1775 3681 1984 3762 ipsum
2005 3681 2220 3747 Deum

267 3765 686 3830 admissam:
751 3763 868 3828 etsi
926 3763 1005 3826 ad
1067 3779 1320 3845 tempus
1381 3762 1817 3828 dissimulavit
1874 3778 1941 3830 et
1997 3768 2220 3851 populi

265 3849 714 3915 rebellionem
763 3849 1082 3913 toleravit.
1172 3847 1346 3929 Quid
1393 3849 1566 3914 Mosi
1610 3851 1951 3933 contigerit
1996 3857 2062 3915 in
2112 3854 2220 3918 de-

264 3949 477 4013 sert0,
537 3943 691 4018 post
726 3934 981 4017 culpam
1019 3935 1197 3998 illam
1236 3934 1458 4017 populi
1494 3936 1603 4017 qui
1639 3936 1915 4001 vitulum
1953 3959 2221 4003 aureum

260 4023 684 4088 conflaverit
727 4021 885 4085 satis
931 4031 1154 4083 notum
1203 4031 1317 4084 est.
1385 4019 1553 4084 Nam
1601 4043 1799 4103 quum
1846 4022 2223 4089 ardentibus

260 4109 598 4191 precibus
653 4107 912 4187 saepius
971 4106 1259 4188 repetitis
1320 4105 1486 4168 iram
1544 4106 1668 4172 Dei
1726 4110 1960 4190 populo
2007 4111 2220 4175 immi·

259 4207 562 4259 nentem
610 4193 989 4273 deprecatus
1035 4193 1276 4270 fuisset,
1320 4202 1384 4255 et
1427 4190 1609 4256 Deus
1655 4194 1887 4276 populo
1933 4196 2223 4278 placatus

255 4281 453 4344 illius
521 4279 829 4362 precibus
884 4276 1135 4355 fuisset,
1194 4277 1362 4358 quod
1423 4278 1703 4342 vitulum
1748 4298 2019 4344 aureum
2066 4301 2221 4346 con-

256 4366 531 4441 flasset,
585 4364 1014 4428 nihilominus
1060 4375 1273 4426 tamen
1320 4363 1556 4427 iustam
1600 4364 1773 4430 illius
1818 4364 2221 4433 idololatriae

255 4452 658 4517 vindictam
739 4451 808 4512 in
875 4461 1131 4531 tempus
1195 4461 1633 4531 opportunum
1703 4450 1975 4517 distulit.
2088 4452 2220 4518 Sed

253 4558 502 4602 nonne
573 4536 643 4599 in
701 4536 842 4600 istis
904 4555 1205 4616 magnam
1251 4554 1391 4597 esse
1436 4538 1936 4618 repugnantiam
1984 4538 2223 4604 dixerit

251 4624 563 4706 aliquis:
625 4621 766 4704 Ego
814 4621 1183 4698 miserebor,
1226 4633 1292 4683 et
1337 4629 1549 4684 tamen
1599 4622 1951 4687 vindictam
1995 4625 2060 4687 in
2108 4645 2220 4707 op·

251 4723 646 4791 portunum
687 4715 945 4790 tempus
982 4703 1322 4769 differam?
1368 4705 1724 4771 Sciendum
1768 4709 1980 4791 itaque
2005 4708 2220 4775 Deum

247 4805 564 4878 peccata
623 4793 878 4874 quidem
941 4795 1272 4856 remittere
1329 4813 1522 4875 quum
1586 4815 1660 4857 ea
1715 4812 1846 4857 non
1905 4797 2093 4876 punit
2137 4797 2218 4860 ex'

247 4893 618 4963 tempore:
664 4878 774 4942 sed
823 4898 986 4960 quae
1031 4878 1331 4958 deinceps
1377 4879 1580 4960 punit,
1629 4878 1795 4962 quod
1841 4880 2072 4962 quibus
2117 4902 2218 4946 re-

246 4969 482 5032 missa
537 4963 930 5028 videbantur
973 4963 1051 5028 ad
1078 4962 1291 5026 Deum
1340 4966 1505 5028 serio
1551 4985 1677 5029 non
1725 4965 1857 5028 sint
1898 4968 2216 5044 conversi,

245 5073 498 5136 neque
562 5049 776 5131 ipsum
823 5051 1207 5128 invocarint,
1262 5057 1328 5112 et
1370 5049 1822 5130 impunitatem
1870 5051 1991 5115 sibi
2039 5050 2219 5133 polli-

246 5148 512 5205 centes
584 5137 766 5218 parvi
819 5136 1024 5220 ipsius
1069 5136 1280 5198 minas
1323 5135 1609 5199 fecerint.
1700 5141 1791 5198 At
1835 5156 2034 5217 quum
2081 5151 2210 5202 tam

243 5225 625 5308 patienter
682 5231 970 5287 nostram
1030 5222 1514 5285 conversionem
1561 5221 1775 5287 Deum
1838 5231 2214 5305 exspectare

4148 328 4272 393 190

2332 509 2654 588 videmus,
2700 512 3138 577 testimonium
3185 514 3388 597 ipsius
3430 516 3813 582 clementiae
3856 525 3923 580 et
3968 537 4263 583 mansue—

2334 593 2580 659 tudinis
2605 593 2955 693 babemus:
2995 618 3159 679 quae
3196 611 3415 665 tamen
3455 604 3777 686 gravitate
3814 620 4061 686 poenae
4097 625 4266 668 com-

2330 691 2643 762 pensetur
2679 701 2747 744 in
2784 701 2895 745 eos
2930 688 3041 765 qui
3078 686 3457 767 patientiam
3500 690 3705 770 ipsius
3748 688 3941 753 novis
3982 691 4263 772 peccatis

2332 765 2763 863 provocarint.
2890 766 3274 835 Cuiusmodi
3355 773 3724 856 exemplum
3808 774 3913 839 hic
3979 774 4261 857 populus

2329 851 2517 916 nobis
2563 852 2834 932 praebet
2877 853 3193 921 adversus
3237 878 3427 939 quem
3454 859 3849 925 Philistaeos
3892 859 4256 937 rebellasse,

2332 945 2399 1001 et
2456 936 2697 1000 bellum
2756 958 3107 1005 renovasse
3173 945 3637 1026 conspicimus:
3698 955 3762 1008 et
3805 955 4019 1010 castra
4060 946 4261 1012 fuisse

2335 1033 2611 1087 metatos
2656 1024 2724 1086 in
2771 1023 2984 1088 media
3027 1025 3201 1092 tribu
3243 1028 3451 1094 Iudae
3494 1030 3948 1112 conspicimus.

2503 1108 2780 1172 Interim
2847 1123 3064 1175 tamen
3130 1117 3342 1180 omnis
3410 1115 3517 1181 hic
3583 1126 3932 1198 apparatus
3996 1115 4258 1182 videtur

2331 1191 2652 1258 Davidem
2691 1192 3019 1276 adiuvare,
3064 1208 3131 1262 et
3165 1199 3358 1264 rebus
3400 1201 3604 1283 ipsius
3646 1222 3957 1285 magnum
4002 1200 4257 1286 pondus

2333 1278 2616 1375 adferre:
2699 1278 3220 1365 quandoquidem
3297 1286 3611 1352 adversus
3677 1288 4057 1352 Goliatbum
4133 1291 4257 1352 im-

2329 1385 2586 1462 manem
2625 1364 2809 1428 illum
2856 1369 3186 1450 gigantem
3230 1371 3405 1435 ultro
3449 1373 3763 1454 praelium
3808 1372 3983 1438 solus
4027 1393 4256 1455 aggre-

2332 1451 2524 1514 ditur.
2616 1449 2749 1516 Sed
2794 1471 2988 1533 quam
3032 1455 3263 1536 impari
3310 1459 3690 1523 certaminel
3767 1458 3905 1523 Nae
3949 1459 4155 1523 veluti
4199 1459 4256 1524 si

2332 1555 2555 1600 musca
2590 1535 3027 1619 elephantum,
3070 1541 3173 1604 vel
3208 1544 3476 1609 formica
3520 1551 3780 1608 taurum
3826 1544 3930 1608 vel
3972 1545 4256 1627 aliquam

2330 1621 2607 1685 similem
2672 1626 2875 1687 feram
2943 1623 3300 1693 lacesseret.
3413 1628 3581 1709 Quis
3646 1650 3801 1712 ergo
3864 1628 3969 1694 vel
4035 1642 4255 1696 mente

2331 1710 2645 1788 cogitaret
2704 1707 3029 1773 Davidem
3092 1713 3213 1776 hac
3270 1716 3380 1778 via
3440 1726 3907 1797 perventurum
3952 1716 4032 1779 ad
4078 1736 4254 1781 sum-

2333 1815 2502 1857 mam
2568 1793 3000 1877 dignitatem?
3104 1795 3234 1863 Sed
3296 1800 3478 1864 Deus
3534 1800 3624 1864 ita
3684 1801 3846 1864 solet
3902 1821 4097 1883 opera
4134 1823 4253 1866 sua

2331 1880 2636 1962 perficere
2698 1877 2903 1944 modis
2963 1880 3363 1950 admirandis
3421 1899 3482 1949 et
3535 1886 3718 1950 nobis
3762 1886 4255 1968 incomprehen-

2330 1965 2656 2030 sibilibus:
2704 1967 2920 2048 itaque
2978 1988 3171 2049 quem
3232 1971 3372 2035 vult
3430 1972 3745 2055 attollere,
3806 1971 4138 2054 deprimit:
4194 1983 4261 2038 et

2328 2071 2518 2132 quem
2548 2051 2892 2125 vivificare,
2930 2053 3178 2132 occidit,
3217 2067 3292 2119 ut
3312 2078 3561 2122 sacram
3599 2057 3987 2141 scripturam
4015 2058 4256 2140 passim

2328 2138 2500 2219 loqui
2550 2135 2862 2202 videmus.
2952 2143 3169 2221 Atque
3214 2140 3304 2206 ita
3347 2143 3515 2207 fiunt
3558 2144 3696 2208 eius
3739 2163 3933 2225 opera
3976 2143 4251 2222 notiora,

2327 2242 2490 2305 quae
2526 2222 2810 2306 alioquin
2847 2224 3034 2305 parvi
3079 2226 3362 2292 facerent
3407 2228 3719 2308 homineS,
3765 2230 3819 2293 si
3865 2228 4054 2293 modo
4097 2250 4250 2311 quo·

2328 2311 2475 2372 dam
2536 2310 2858 2374 ordinario
2918 2319 2983 2371 et
3044 2310 3147 2374 via
3189 2313 3476 2395 generali
3520 2313 3795 2396 quadam
3841 2327 4252 2397 operaretur:

2328 2416 2402 2459 ac
2448 2394 2716 2476 proinde
2762 2406 2949 2460 autor
2993 2416 3122 2458 non
3168 2411 3650 2480 agnosceretur,
3695 2420 3904 2481 neque
3949 2401 4069 2482 ipsi
4114 2400 4253 2499 glo-

2326 2482 2426 2545 ria
2462 2481 2677 2546 debita
2714 2482 3134 2559 tribueretur,
3182 2483 3294 2547 sed
3338 2483 3634 2550 fortunae
3678 2489 3892 2570 potius
3931 2484 4254 2552 adscribe-

2328 2579 2572 2631 rentur.
2661 2565 2839 2632 Sane
2892 2586 3092 2648 quum
3154 2588 3237 2632 ex
3293 2569 3560 2635 arbitrio
3620 2581 3838 2637 nostro
3891 2591 3997 2636 res
4039 2590 4254 2638 succe·

2330 2655 2510 2731 dunt,
2556 2664 2802 2719 eertum
2841 2662 2956 2729 est,
2998 2673 3113 2717 nos
3149 2675 3278 2719 non
3313 2656 3393 2719 ad
3418 2656 3631 2721 Deum
3669 2678 3875 2739 usque
3909 2676 4251 2740 assurgere
4346 2667 4349 2670 '

2329 2752 2399 2803 ut
2426 2749 2717 2804 autorem
2764 2737 3136 2805 laudemus:
3184 2761 3395 2823 neque
3441 2755 3573 2807 tam
3620 2742 3750 2808 alte
3793 2742 4011 2807 oeulos
4056 2743 4250 2806 attol-

2327 2825 2460 2889 lere
2497 2834 2572 2890 ut
2607 2826 2744 2891 eius
2790 2826 3119 2900 virtutem,
3165 2846 3326 2906 quae
3363 2835 3585 2892 tamen
3619 2827 3689 2891 in
3723 2827 3856 2893 illis
3891 2847 4032 2892 sese
4076 2838 4249 2909 pate·

2325 2910 2500 2990 facit,
2567 2909 3156 2994 apprehendamus:
3229 2913 3645 2993 quamobrem
3713 2923 3962 2996 oportet
4028 2913 4248 2977 Deum

2328 3007 2555 3062 contra
2597 2997 2804 3063 nostri
2847 2995 3066 3060 iudicii
3111 3006 3175 3059 et
3218 2997 3487 3062 rationis
3532 3020 3793 3063 sensum
3839 2998 4111 3080 operari,
4173 3005 4247 3062 ut

2330 3086 2467 3149 eius
2511 3103 2774 3148 manum
2818 3099 3259 3164 agnoscamus.
3328 3083 3631 3167 Exempli
3676 3084 3901 3164 gratia,
3946 3083 4004 3147 si
4025 3082 4246 3149 David

2325 3170 2394 3234 in
2464 3169 2711 3253 regiam
2778 3167 3159 3251 dignitatem
3227 3167 3546 3234 admissus
3615 3170 3844 3235 fuisset
3906 3190 4245 3251 nunquam

2328 3255 2646 3321 debellato
2713 3254 3053 3328 Goliatho,
3120 3253 3247 3318 Dei
3314 3254 3525 3338 gratia
3591 3255 3784 3337 longe
3845 3254 4077 3321 fnisset
4139 3254 4245 3320 ob-

2324 3343 2591 3408 scurior.
2640 3339 2771 3407 Sed
2802 3359 3003 3422 quum
3039 3349 3365 3404 certamen
3401 3340 3562 3406 illud
3597 3342 3809 3423 impar
3842 3361 4243 3425 aggressum,

2325 3441 2391 3492 et
2451 3426 2632 3491 velut
2683 3427 2753 3490 in
2812 3426 3193 3489 immensam
3245 3425 3545 3506 abyssum
3601 3426 4003 3506 immersum,
4059 3425 4243 3492 Deus

2325 3514 2478 3578 facit
2523 3532 2875 3596 emergere,
2916 3522 2981 3576 et
3022 3511 3363 3576 victoriam
3406 3513 3724 3598 insignem
3768 3513 3893 3597 ipsi
3937 3511 4016 3577 de
4061 3511 4247 3578 hoste

2324 3599 2650 3666 coneedit:
2697 3618 2918 3680 quum,
2965 3599 3247 3678 inquam,
3285 3597 3490 3681 gigas,
3550 3609 3614 3663 et
3672 3597 3931 3681 quidem
3977 3599 4069 3664 sic
4115 3617 4251 3662 om·

2327 3686 2515 3751 nibus
2553 3685 2748 3748 armis
2785 3684 3161 3758 instructus,
3206 3691 3273 3745 et
3305 3682 3374 3746 in
3412 3705 3481 3748 re
3524 3684 3791 3748 militari
3836 3685 4249 3763 exercitatus,

2327 3786 2398 3836 ut
2441 3790 2636 3853 rupes
2680 3768 2994 3851 quaedam
3038 3779 3151 3831 aut
3193 3770 3749 3852 propugnaculum
3797 3768 4145 3847 videretur,
4207 3789 4247 3834 a

2323 3857 2576 3923 Davide
2642 3863 3004 3937 superatur,
3070 3862 3135 3917 et
3200 3873 3273 3917 eo
3339 3854 3592 3933 iuvene,
3662 3863 3727 3918 et
3794 3854 4050 3935 inermi,
4116 3854 4244 3920 nisi

2326 3941 2497 4026 quod
2521 3941 2766 4023 aliquot
2801 3939 3043 4021 lapillis
3077 3937 3145 4001 in
3182 3958 3338 4020 pera
3371 3940 3674 4022 pastorali
3710 3942 4006 4023 sumptis,
4045 3940 4246 4006 funda

2326 4045 2573 4093 turrem
2634 4027 2811 4090 illam
2872 4035 2937 4088 et
2998 4024 3553 4106 propupnaeulum
3620 4035 3913 4092 evertere
3974 4038 4243 4092 conatus

2326 4125 2439 4179 est.
2543 4112 2707 4176 Nam
2766 4110 2970 4192 ipsius
3023 4108 3310 4192 gigantis
3369 4121 3688 4177 staturam
3733 4124 3801 4176 et
3844 4127 4242 4176 armaturam

2326 4196 2655 4273 attendite,
2699 4201 2831 4260 erat
2862 4195 3222 4261 altitudinis
3254 4215 3365 4260 sex
3403 4196 3743 4263 cubitorum
3784 4204 3840 4261 et
3874 4197 4112 4277 palmi.-
4156 4195 4243 4259 Et

2323 4286 2525 4352 cassis
2556 4302 2739 4348 aerea
2771 4301 2961 4363 super
3001 4285 3189 4361 caput
3228 4281 3399 4347 eius.-
3440 4288 3495 4346 et
3536 4283 3734 4349 lorica
3774 4286 4102 4365 squamata
4145 4281 4238 4345 in-

2322 4369 2645 4437 cruebatur.
2733 4367 2821 4432 Ec
2876 4386 3083 4431 ocreas
3136 4386 3355 4432 aereas
3410 4367 3665 4434 habebat
3708 4369 3779 4432 in
3822 4366 4107 4433 cruribus
4125 4391 4144 4430 .·
4185 4369 4242 4429 et

2323 4457 2566 4541 clypeus
2630 4473 2848 4519 aereus
2897 4452 3123 4534 teyebat
3176 4451 3461 4518 humeros
3515 4455 3670 4518 eius.
3772 4451 4025 4532 Quibus
4082 4472 4238 4515 vero

2323 4553 2546 4609 contra
2601 4539 2894 4604 munitus
2937 4537 3134 4603 armis
3178 4547 3319 4602 erat
3362 4537 3623 4603 David?
3714 4538 3870 4615 Nae,
3913 4535 4129 4601 nudus
4172 4546 4239 4601 et

2322 4627 2593 4693 inermis
2672 4624 3015 4689 adversum
3087 4633 3223 4687 tam
3290 4622 3451 4688 bene
3515 4635 3835 4689 armatum
3905 4624 4236 4706 gigantem

2322 4711 2747 4797 progreditur,
2794 4708 3079 4791 exceptis
3112 4708 3337 4790 paucis
3371 4708 3612 4790 lapillis
3654 4721 3721 4773 et
3764 4707 3981 4773 funda.
4048 4705 4239 4788 Quae

2321 4799 2581 4882 quidem
2656 4797 2942 4877 profecto
3002 4814 3216 4877 nugae
3274 4795 3488 4876 potius
3545 4814 3739 4877 quam
3796 4794 4039 4859 serium
4098 4813 4238 4858 cer-

2322 4897 2535 4948 tamen
2584 4882 2786 4945 videri
2834 4889 3106 4963 possent.
3184 4879 3315 4945 Sed
3361 4877 3513 4944 hinc
3556 4880 3762 4943 maior
3805 4880 4016 4943 oritur
4058 4899 4239 4945 occa-

2319 4971 2413 5035 sio
2472 4967 2727 5034 divinae
2786 4964 3048 5031 virtutis
3108 4973 3176 5030 et
3232 4966 3552 5047 potentiae
3609 4964 4111 5050 praedicandae:
4172 4974 4236 5029 et

2318 5053 2725 5138 praeparatio
2791 5051 3102 5134 quaedam
3168 5072 3277 5117 seu
3341 5049 3705 5132 proludium
3774 5050 3855 5115 ad
3907 5049 4234 5116 Davidem

2318 5140 2730 5206 celebriorem
2763 5135 3147 5214 faciendum,
3192 5136 3395 5201 donec
3430 5135 3498 5199 in
3537 5136 3720 5220 regni
3766 5135 4229 5218 possessionem

2319 5227 2634 5291 venisset:
2704 5244 2868 5307 quae
2932 5233 3147 5287 tamen
3208 5242 3337 5287 non
3399 5221 3682 5288 humano
3738 5221 3970 5288 iudicio
4029 5223 4234 5289 conti·
