5059 6059
282 304 391 371 669

281 491 491 561 Mle
541 489 805 556 salutem
854 489 1103 572 fecerat.
1190 490 1453 557 Deinde
1497 490 1754 557 venisse
1798 490 2181 555 universum

280 577 607 647 exercitum
652 574 987 659 Gilgalem
1044 578 1301 642 monitu
1364 576 1712 651 Samuelis,
1770 576 1850 641 ad
1909 573 2181 641 Saulem

276 669 334 734 in
386 663 562 748 regni
617 660 1025 745 possessione
1079 662 1620 739 confirmandum,
1678 670 1745 728 et
1803 659 2065 744 quidem
2111 660 2182 723 in

278 748 520 820 Domini
583 757 934 831 conspectu
1010 762 1197 831 gesta
1258 748 1376 813 illa
1441 748 1665 814 omnia
1728 748 1961 813 fuisse:
2030 765 2183 828 quo·

274 840 429 905 niam
482 831 737 900 solenni
794 832 1113 899 sacrificio
1169 834 1430 900 litatum
1477 845 1614 900 est:
1672 834 1842 917 quod
1889 834 2011 898 fuit
2053 831 2185 896 evi-

275 922 509 990 dentius
569 918 1018 985 testimonium
1078 920 1222 986 sine
1276 922 1721 987 controversia
1779 918 2182 984 reddendum

272 1012 560 1076 honorem
615 1012 693 1070 -et
755 1002 1044 1070 debitam
1109 1005 1543 1072 obedientiam
1612 1007 1670 1072 ei
1736 1026 1927 1091 quem
2000 1005 2185 1068 Deus

271 1100 394 1180 1000
418 1101 575 1245 gest
615 1091 992 1157 unctionem
1038 1112 1257 1175 regem
1302 1093 1588 1177 elegerat
1622 1101 1691 1157 et
1725 1092 2184 1159 constituerat:

269 1181 374 1247 etsi
467 1176 681 1243 amuel
719 1176 1150 1242 nihilominus
1194 1179 1606 1243 autoritatem
1653 1178 1826 1263 apud
1872 1175 2184 1258 populum

270 1268 573 1332 retineret.
661 1262 882 1345 Atque
926 1263 1100 1329 hanc
1142 1263 1225 1328 ob
1269 1284 1530 1329 causam
1585 1264 1691 1330 hie
1734 1264 1812 1328 fit
1858 1261 2184 1330 Samuelis

269 1350 608 1418 honorifica
663 1348 931 1427 mentio,
987 1349 1101 1432 qui
1159 1359 1470 1433 tanquam
1529 1350 1727 1415 iudex
1786 1348 2182 1434 agnoscitur.

267 1440 347 1505 Et
402 1434 681 1519 quidem,
756 1435 986 1515 fateor,
1045 1434 1127 1500 de
1166 1434 1392 1501 Saulis
1457 1436 1776 1519 agebatur
1841 1454 2057 1512 causa,
2114 1433 2183 1497 in

268 1542 382 1608 1100
418 1521 642 1587 sedere
685 1519 884 1587 iudex
929 1540 1060 1586 non
1106 1532 1399 1604 poterat:
1446 1522 1559 1586 sed
1606 1531 1825 1587 tamen
1873 1538 2185 1586 verecun-

264 1612 360 1676 dia
414 1607 562 1673 duci
622 1606 936 1691 populum
996 1606 1317 1682 videmus,
1379 1608 1508 1673 nisi
1554 1605 1928 1673 Samuelem
1976 1627 2015 1671 a
2059 1624 2186 1687 quo

263 1704 350 1761 tot
398 1704 741 1775 acceperat
794 1691 1148 1767 benefacta,
1210 1693 1423 1758 debito
1481 1693 1730 1758 honore
1770 1712 2186 1776 prosequere-

261 1790 379 1857 tur,
454 1779 612 1845 licet
674 1797 1008 1843 summum
1072 1777 1266 1843 illum
1347 1778 1688 1862 dignitatis
1768 1779 2044 1863 gradum
2125 1774 2188 1840 ei

261 1864 612 1943 ademisset,
671 1884 869 1947 quem
930 1885 970 1929 a
1011 1862 1158 1929 Deo
1216 1872 1440 1929 tamen
1484 1876 1838 1947 acceperat.
1924 1862 2186 1929 Nihilo-

261 1952 465 2018 minus
514 1958 743 2016 tamen
792 1948 1074 2032 quadam
1122 1948 1384 2015 ducitur
1417 1951 1838 2034 poenitentia,
1884 1971 2016 2015 non
2052 1949 2191 2031 1101-

263 2039 395 2103 dem
436 2036 614 2120 quod
659 2055 881 2118 regem
925 2034 1360 2118 efflagitatum
1406 2035 1626 2112 nollet,
1673 2036 1785 2101 sed
1832 2044 1908 2100 ut
1941 2035 2189 2100 honore

264 2122 622 2191 Samuelem
666 2121 974 2198 afficeret,
1019 2130 1086 2184 et
1129 2120 1606 2204 quodammodo
1645 2123 1960 2187 offensam
2007 2120 2188 2185 illam

269 2219 329 2275 01
360 2206 852 2293 ingratitudinis
895 2215 1121 2271 notam
1165 2207 1434 2273 elueret.
1501 2208 1776 2272 Interim
1822 2207 1929 2275 hic
1972 2206 2191 2272 obser-

267 2294 554 2374 vandum,
646 2302 894 2377 quanta
958 2293 1044 2358 sit
1108 2293 1293 2375 vulgi
1358 2295 1816 2372 inconstantia,
1882 2303 1959 2359 ut
2025 2290 2187 2357 nihil

263 2401 528 2463 unquam
605 2377 957 2455 moderate,
1023 2378 1194 2443 nihil
1261 2388 1701 2462 temperanter
1766 2380 1992 2460 faciat3
2075 2376 2191 2443 sed

260 2466 434 2532 modo
486 2465 558 2529 in
625 2464 800 2530 hanc
851 2463 1048 2529 modo
1105 2464 1172 2528 in
1234 2464 1414 2529 illam
1477 2476 1724 2548 partem
1773 2463 2187 2548 propendeat.

260 2554 347 2617 Ac
384 2571 540 2618 sane
589 2551 663 2615 in
710 2559 895 2615 tanta
937 2549 1360 2615 multitudine
1396 2571 1654 2633 semper
1688 2550 1908 2633 aliqua
1942 2549 2191 2615 suberit

259 2638 547 2718 confusio,
610 2637 742 2702 nisi
794 2635 1089 2720 praesint
1132 2636 1484 2701 autoritate
1526 2635 1824 2720 praediti,
1885 2637 2000 2719 qui
2043 2634 2190 2700 illos

255 2723 520 2806 impetus
565 2731 641 2788 et
684 2721 887 2787 veluti
930 2721 1173 2787 fluctus
1213 2720 1575 2787 cohibeant.
1623 2726 1839 2787 Antea
1883 2721 2189 2800 vidimus,

256 2830 372 2874 non
424 2809 520 2875 ita
579 2807 843 2891 pridem
900 2806 1144 2872 multos
1202 2808 1487 2873 excitata
1545 2807 1864 2873 seditione
1922 2809 2189 2873 obmur-

255 2914 550 2976 mutasse,
626 2913 967 2976 nunquam
1023 2904 1454 2976 regnaturum
1500 2892 1766 2959 Saulem
1824 2914 2022 2977 super
2080 2913 2182 2959 se:

253 2982 371 3045 iam
423 3001 586 3047 vero
648 2980 734 3045 ad
791 2999 1033 3062 poenas
1090 2989 1495 3062 repetuntur,
1556 2980 1739 3063 quasi
1796 2977 1926 3044 duo
1971 2988 2189 3045 tresve

259 3074 501 3131 tantum
559 3065 767 3131 huius
822 3062 1163 3131 seditionis
1222 3076 1482 3131 autores
1539 3065 1834 3132 fuissent.
1936 3065 2186 3131 Notum

259 3160 463 3217 antem
529 3153 696 3219 satis
760 3155 922 3230 erat,
986 3150 1100 3234 qui
1164 3150 1606 3230 rebellassent,
1686 3160 1756 3217 01
1818 3152 1956 3234 1000
2021 3148 2189 3217 Saul

257 3236 586 3304 audiverat
646 3244 714 3301 et
771 3235 1333 3302 dissimulaverat:
1387 3237 1606 3320 itaque
1663 3259 1794 3302 non
1839 3257 2004 3320 opus
2047 3243 2188 3301 erat

257 3321 438 3407 longa
489 3322 920 3407 inquisitione
976 3323 1044 3387 in
1098 3342 1172 3386 re
1232 3330 1364 3387 tam
1421 3323 1785 3407 perspicua.
1872 3323 1964 3388 Et
2028 3341 2189 3388 sane

255 3408 534 3476 fortassis
591 3409 885 3474 maxima
941 3428 1093 3490 pars
1151 3407 1448 3486 istorum,
1514 3410 1622 3490 qui
1681 3409 1811 3474 iam
1857 3407 2018 3474 adeo
2058 3408 2188 3473 fer-

256 3493 373 3559 vidi
415 3505 595 3572 sunt,
655 3494 728 3560 in
773 3494 1227 3559 seditiosorum
1274 3502 1418 3559 erat
1462 3515 1756 3560 numero.
1843 3494 2073 3559 Veluti
2117 3493 2188 3557 in

257 3581 561 3647 seditione
598 3588 670 3647 et
701 3580 990 3645 maximo
1023 3578 1334 3658 tumultu,
1381 3580 1445 3643 in
1483 3579 1670 3646 cuius
1706 3588 1956 3663 partem
1996 3598 2190 3645 vene-

255 3665 378 3732 rint
432 3687 668 3733 omnes
725 3667 1168 3748 cuiuscunque
1225 3664 1477 3730 ordinis
1535 3675 1601 3728 01
1642 3665 2072 3732 conditionis:
2132 3664 2188 3730 si

255 3749 425 3818 Deus
482 3752 728 3819 deinde
787 3750 1034 3819 sedatis
1083 3749 1278 3816 rebus
1337 3751 1879 3834 tranquillitatem
1934 3750 2187 3827 reddat,

258 3838 355 3920 1101
419 3840 721 3904 maxime
783 3838 878 3903 101
946 3843 1106 3902 0001
1159 3836 1520 3917 seditionis,
1584 3835 2046 3902 discessionem
2107 3835 2189 3900 ab

256 3923 387 3989 aliis
449 3925 705 3992 facient
774 3922 1177 4005 poenitentia
1243 3921 1442 4002 ducti,
1522 3934 1589 3987 et
1651 3924 1836 4005 quasi
1900 3922 2190 3987 maxime

253 4007 628 4078 innocentes
665 4009 870 4076 veluti
904 4008 1216 4093 perfricta
1243 4008 1459 4073 fronte
1489 4007 1770 4091 reliquos
1801 4028 2190 4092 persequen-

255 4102 376 4176 tur,
438 4104 506 4162 et
572 4115 818 4179 poenas
875 4113 1114 4178 magno
1173 4093 1456 4159 elamore
1521 4103 1878 4176 reposcent.
1979 4094 2187 4176 Atqui

256 4180 397 4246 socii
441 4181 794 4248 seditionis
837 4181 1116 4245 fuerant.
1175 4177 1309 4245 Sed
1354 4181 1445 4243 ita
1487 4178 1873 4264 plerumque
1917 4181 2185 4246 accidit:

253 4265 404 4333 istos
459 4287 612 4335 esse
673 4266 1016 4332 1100110001
1077 4285 1290 4331 mores
1346 4266 1721 4347 quotidiana
1786 4266 2188 4349 experientia

254 4353 390 4434 11100
443 4354 618 4420 00110
678 4351 883 4419 docet.
972 4350 1196 4432 Quare
1253 4350 1481 4415 mirari
1526 4352 1792 4417 minime
1857 4351 2189 4429 debemus,

254 4456 444 4520 quum
487 4439 811 4523 populum
852 4435 1154 4503 audimus
1200 4436 1281 4502 ad
1326 4434 1703 4502 Samuelem
1750 4439 2009 4503 venisse
2044 4459 2193 4521 poe-

254 4543 366 4590 nas
406 4529 769 4609 repetitum
832 4523 916 4588 de
972 4523 1054 4588 iis
1097 4521 1210 4606 qui
1253 4522 1322 4587 in
1369 4522 1576 4605 ipsius
1619 4523 2189 4607 inaugurationem

253 4628 376 4676 non
441 4619 954 4687 consenserant,
1032 4618 1099 4674 et
1163 4628 1445 4694 regnum
1525 4609 1664 4675 0100
1729 4607 2189 4675 detrectarent.

253 4691 520 4761 Interim
570 4694 1062 4762 observandum
1105 4695 1270 4761 istos
1308 4694 1607 4760 homines
1641 4716 1773 4759 non
1811 4694 1894 4759 ob
1929 4694 2193 4760 divinae

256 4781 498 4864 gratiae
538 4782 976 4861 dilectionem,
1021 4781 1135 4846 sed
1172 4781 1256 4846 ob
1291 4781 1629 4846 victoriam
1667 4793 1922 4864 partam
1959 4780 2194 4847 adduc-

253 4873 351 4931 tos
391 4876 466 4933 ut
511 4866 897 4935 Samuelem
942 4866 1196 4933 vellent
1239 4886 1480 4949 poenas
1525 4865 1604 4930 de
1647 4866 1792 4932 istis
1835 4886 2191 4950 reposcere.

257 4950 358 5016 En
410 4961 485 5019 ut
529 4954 652 5038 qui
695 4953 885 5018 vivas
942 4951 1334 5017 verae-fidei
1379 4961 1447 5017 et
1492 4952 1899 5017 obedientiae
1944 4951 2193 5017 radices

255 5057 379 5102 1100
444 5052 753 5124 egerunt,
817 5059 1013 5122 saepe
1077 5038 1338 5121 quidem
1405 5037 1792 5121 quibusdam
1862 5036 2193 5103 beneficiis

258 5119 487 5191 divinis
543 5123 815 5191 adducti
872 5124 995 5190 zeli
1051 5122 1379 5207 quandam
1439 5123 1722 5207 speciem
1777 5144 1936 5206 prae
1988 5143 2061 5188 se
2102 5123 2191 5188 fe·

257 5217 419 5291 rant,
476 5210 596 5276 sed
660 5231 825 5293 quae
869 5217 1323 5276 momentanea
1366 5230 1564 5292 1100111
1611 5210 1715 5288 011,
1775 5210 1995 5274 0101110
2042 5229 2193 5275 eva-

1621 301 1719 367 IN
1764 300 1818 365 1.
1865 298 2046 364 LIB.
2093 295 2497 363 SAMUEL.
2545 292 2743 360 CAP.
2789 293 2917 362 XI.

4093 297 4223 363 670

2287 486 2512 552 nescit.
2603 483 2789 550 Dens
2830 504 2990 550 vero
3032 483 3346 551 miraculo
3388 482 3634 571 insigni
3677 484 3901 552 Saulis
3942 506 4221 572 regnum

2287 580 2647 656 augustum
2704 571 2966 636 fecerat.
3058 568 3344 636 Sortitae
3400 572 3576 636 enim
3642 570 3819 637 inter
3883 591 3954 637 se
4008 575 4222 641 tribus

2286 658 2569 734 fuerant,
2629 667 2699 722 et
2751 667 2927 722 sorte
2983 656 3185 723 electa
3227 656 3438 723 1111100
3480 657 3854 722 Beniamini
3900 659 4115 725 fuerat
4157 670 4225 727 et

2284 744 2355 807 in
2415 764 2494 809 ea
2538 742 2763 809 Saulis
2820 742 3087 808 familia.
3177 741 3311 824 Qui
3365 763 3565 827 quum
3628 743 3697 810 in
3756 744 3979 829 populi
4036 752 4221 813 coetu

2287 851 2419 894 non
2478 830 2914 914 inveniretur,
2973 847 3282 911 expressa
3336 828 3734 895 revelatione
3798 830 3974 896 inter
4016 833 4223 917 impe·

2287 914 2577 980 dimenta
2643 915 2855 980 latens
2922 913 3369 997 deprehensus
3429 916 3661 981 fuerat.
3751 916 3933 982 Deus
3998 918 4223 1003 itaque

2286 1002 2493 1085 signis
2529 1000 2942 1067 evidentibus
2980 999 3245 1068 Saulem
3284 1000 3677 1082 designarat,
3714 1011 3779 1066 et
3813 1005 3987 1068 inter
4019 1005 4225 1089 impe·

2288 1086 2582 1154 dimenta
2640 1086 2950 1153 latentem
3008 1107 3127 1152 000
3177 1087 3364 1169 110001
3424 1106 3624 1151 10000
3682 1087 3948 1171 produci
3994 1089 4223 1156 volue-

2287 1183 2409 1251 rat,
2456 1183 2530 1238 ut
2574 1174 2794 1257 populi
2833 1173 2969 1238 dux
3003 1181 3070 1239 et
3101 1174 3461 1255 imperator
3495 1172 3577 1237 ab
3611 1173 3754 1256 ipso
3787 1174 3933 1239 Deo
3966 1183 4224 1242 01001110

2287 1269 2769 1344 agnosceretur.
2859 1259 3085 1341 Quare
3150 1267 3247 1324 tot
3310 1259 3699 1324 testimoniis
3763 1260 3922 1326 satis
3987 1263 4225 1328 confir·

2287 1358 2539 1411 matum
2595 1354 2739 1411 erat
2782 1344 3007 1412 Saulis
3050 1363 3363 1428 regnum:
3419 1344 3575 1427 quid
3632 1344 3764 1409 iam
3809 1366 3920 1412 eos
3962 1347 4226 1431 impulit

2286 1440 2362 1496 01
2420 1438 2852 1496 renovaretur
2892 1451 3171 1515 regnum
3214 1429 3458 1513 Saulis,
3512 1439 3579 1495 et
3632 1430 4055 1499 seditionibus
4111 1434 4226 1498 via

2290 1516 2871 1599 praecluderetur?
2962 1518 3216 1600 Nempe
3274 1536 3502 1581 recens
3546 1516 3626 1582 de
3669 1516 3963 1583 hostibus
4005 1517 4224 1584 debel-

2289 1603 2439 1668 latis
2487 1603 2754 1668 victoria
2796 1613 2862 1668 et
2903 1602 3301 1684 triumphus.
3373 1602 3482 1666 Ex
3525 1601 3759 1685 quibus
3802 1611 4075 1686 apparet
4116 1627 4226 1671 eos

2290 1690 2400 1771 qui
2467 1689 2592 1755 Dei
2659 1688 2913 1754 timoris
2990 1687 3419 1753 fundamenta
3481 1708 3640 1752 vera
3701 1709 3833 1753 non
3909 1689 4224 1769 iecerunt,

2288 1780 2506 1858 saepe·
2541 1773 2801 1858 quidem
2863 1774 3144 1856 acceptis
3210 1795 3249 1839 a
3307 1772 3453 1839 Deo
3518 1772 3849 1839 beneficiis
3907 1783 3974 1840 et
4026 1776 4222 1843 rebus

2289 1861 2446 1943 ipsis
2490 1880 2575 1925 ex
2617 1861 2835 1926 animo
2878 1858 3375 1926 succedentibus
3408 1859 3621 1942 ipsum
3658 1859 3869 1925 colere
3907 1868 3977 1925 et
4031 1882 4225 1928 vene-

2290 1946 2450 2013 rari:
2530 1946 2643 2011 sed
2711 1955 3239 2011 momentaneum
3313 1944 3382 2009 id
3450 1963 3626 2010 esse:
3702 1944 4224 2029 quandoquidem

2292 2041 2522 2097 contra
2557 2032 2702 2098 Deo
2745 2052 2854 2097 res
2898 2031 3208 2097 adversas
3242 2030 3663 2108 immittente,
3705 2052 3900 2097 suum
3934 2032 4228 2099 furorem

2292 2118 2703 2201 despumant,
2764 2128 2830 2182 et
2873 2116 3283 2200 blasphemas
3328 2137 3518 2182 voces
3560 2124 3877 2196 eructant,
3935 2127 4005 2183 et
4044 2122 4227 2204 peni-

2292 2214 2399 2270 tus
2453 2204 2780 2268 immutati
2828 2203 2959 2269 Dei
3012 2203 3450 2287 praesentiam
3494 2203 3773 2286 amplius
3814 2225 3944 2269 non
3990 2225 4227 2290 agnos-

2293 2297 2469 2356 cunt.
2573 2289 2763 2371 Quae
2816 2287 3163 2373 diligenter
3217 2307 3256 2353 a
3324 2288 3510 2355 nobis
3585 2297 3744 2354 00111
3806 2289 4229 2372 observanda,

2293 2386 2369 2442 ut
2413 2375 2544 2441 Dei
2585 2374 2899 2441 beneficia
2957 2374 3192 2458 quibus
3237 2374 3318 2440 ad
3362 2373 3540 2440 illius
3583 2393 3870 2440 amorem
3910 2376 4232 2443 trahimur

2295 2470 2746 2546 agnoscentes,
2784 2461 2981 2527 etiam
3017 2460 3231 2545 parati
3267 2463 3472 2526 simus
3506 2479 3613 2524 res
3647 2458 3971 2544 quaslibet
4003 2461 4232 2529 adver-

2294 2569 2419 2625 sae,
2468 2557 2534 2612 et
2576 2568 2654 2612 ea
2697 2546 3011 2612 exercitia
3054 2554 3122 2611 et
3156 2545 3619 2630 castigationes
3654 2565 3818 2629 quas
3853 2547 3978 2630 ipsi
4015 2547 4229 2614 visum

2293 2634 2496 2700 fuerit
2558 2633 2884 2716 patienter
2946 2632 3263 2697 tolerare:
3334 2651 3615 2714 eumque
3677 2631 3877 2698 rebus
3941 2632 4233 2700 adversis

2295 2741 2427 2786 non
2485 2721 2705 2785 minus
2764 2738 2956 2802 quam
3005 2715 3304 2784 secundis
3348 2715 3619 2782 adorare
3662 2725 3729 2782 et
3773 2719 4097 2784 venerari:
4172 2733 4240 2785 01

2293 2825 2632 2889 nunquam
2680 2804 2875 2871 rebus
2919 2802 3104 2868 nobis
3149 2823 3230 2868 ex
3276 2801 3481 2867 animi
3522 2803 3850 2869 sententia
3885 2803 4237 2870 succeden-

2292 2892 2468 2957 tibus
2526 2891 2620 2956 sio
2677 2889 2964 2968 haerere,
3022 2888 3182 2972 quin
3238 2887 3424 2952 Deus
3479 2886 3755 2971 gradum
3812 2908 4007 2955 suum
4062 2890 4234 2972 apud

2291 2998 2410 3043 nos
2489 2977 2785 3057 retineat,
2866 2975 3053 3058 eique
3130 2971 3713 3058 quomodocunque
3786 2994 3906 3039 nos
3992 2983 4237 3041 tractet

2290 3070 2522 3147 sponte
2580 3059 3021 3139 subiiciamur,
3079 3068 3145 3126 01
3185 3060 3254 3124 10
3305 3059 3484 3124 illius
3526 3057 3892 3124 obedientia
3936 3080 4225 3143 quocun-

2292 3169 2418 3232 que
2475 3167 2597 3213 nos
2651 3147 3016 3213 versaverit
3056 3164 3565 3229 perseveremus,
3600 3143 3694 3208 sic
3735 3144 3940 3227 ipsius
3982 3144 4225 3214 addicti

2291 3234 2599 3316 obsequio
2653 3240 2727 3298 ut
2779 3251 3202 3317 quaecunque
3267 3231 3458 3315 signa
3522 3230 3890 3296 severitatis
3956 3230 4227 3312 dederit,

2289 3319 2717 3385 nihilominus
2760 3326 2983 3385 tamen
3026 3325 3284 3402 patrem
3325 3324 3619 3382 nostrum
3661 3316 3880 3399 ipsum
3917 3336 4227 3401 agnosca-

2287 3426 2458 3481 mus,
2513 3411 2581 3469 et
2638 3424 2919 3488 aequum
2978 3423 3121 3469 esse
3174 3400 3494 3468 fateamur
3542 3408 3620 3466 ut
3675 3400 3759 3466 ad
3816 3402 4025 3485 ipsius
4090 3426 4225 3469 non

2289 3504 2508 3559 autem
2560 3489 2642 3555 ad
2701 3498 2999 3554 nostrum
3057 3486 3401 3554 arbitrium
3448 3507 3791 3570 regamur,
3850 3498 4045 3571 prout
4083 3489 4227 3574 ipse

2289 3576 2478 3644 nobis
2521 3574 2606 3640 ad
2648 3576 2926 3641 salutem
2973 3574 3134 3640 utile
3175 3594 3318 3639 esse
3370 3572 3768 3657 cognoverit.
3856 3574 3960 3641 De
4005 3574 4228 3643 Saulis

2288 3684 2447 3729 vero
2505 3682 2819 3745 responso
2875 3666 3146 3745 apparet
3201 3658 3392 3723 illum
3454 3680 3493 3724 a
3545 3658 3676 3725 Dei
3733 3660 3972 3743 spiritu
4030 3662 4231 3729 fuisse

2290 3749 2748 3834 gubernatum,
2806 3746 2978 3829 quod
3036 3745 3424 3827 sanguinem
3483 3752 3581 3808 tot
3640 3743 3986 3811 hominum
4044 3748 4225 3813 fundi

2288 3856 2419 3901 non
2466 3833 2855 3916 permiserit.
2942 3832 3113 3897 Nam
3158 3852 3318 3896 0000
3361 3830 3718 3896 infaustum
3763 3832 3997 3897 fuisset
4038 3835 4226 3919 regni

2288 3918 2724 4005 primordium
2785 3919 2865 3985 ab
2925 3938 3152 3982 eorum
3209 3916 3407 3983 caede
3464 3916 3581 3999 qui
3634 3916 3951 3983 adversus
4011 3919 4221 4001 ipsum

2289 4012 2803 4071 murmurarant.
2889 4003 3123 4087 Neque
3187 4003 3381 4082 001111,
3443 4010 3519 4068 ut
3583 3999 3720 4067 dixi
3784 4004 3989 4088 prius,
4054 4025 4226 4069 unus

2291 4104 2405 4158 aut
2446 4092 2617 4156 alter
2660 4110 2812 4156 reus
2857 4088 3193 4156 seditionis
3236 4095 3512 4165 coortae,
3556 4085 3674 4154 sed
3718 4088 4058 4154 hominum
4100 4110 4225 4154 nu·

2291 4199 2511 4245 merus
2554 4177 2790 4260 ingens
2833 4175 3210 4242 tenebatur:
3256 4194 3461 4256 quare
3503 4174 3845 4258 oportebat
3878 4181 3994 4240 aut
4028 4174 4227 4240 offen·

2291 4284 2429 4330 sam
2487 4262 2734 4329 remitti
2787 4270 2855 4327 et
2892 4259 3187 4352 ἀμνηστίᾳ
3231 4259 3452 4335 deleri,
3512 4266 3628 4324 aut
3669 4260 3924 4344 ingenti
3966 4259 4226 4325 laniena

2291 4349 2647 4416 multorum
2689 4348 3031 4412 hominum
3068 4346 3336 4429 expiari.
3382 4344 3758 4411 Prudenter
3799 4346 4019 4427 itaque
4064 4344 4222 4411 Saul

2292 4444 2541 4501 tantam
2601 4433 2859 4500 caedem
2916 4431 3061 4497 fieri
3115 4432 3468 4516 prohibuit,
3535 4429 3750 4514 priore
3805 4430 3922 4495 illa
3963 4431 4223 4514 potissi-

2291 4543 2471 4587 mum
2538 4518 2762 4604 populi
2827 4518 3205 4586 confusione
3270 4516 3608 4595 adductus,
3688 4515 3981 4581 nondum
4058 4516 4224 4582 bene

2291 4606 2647 4674 constituta
2701 4605 2926 4688 politia
2968 4612 3034 4670 et
3075 4613 3252 4669 statu
3289 4603 3404 4669 illo
3447 4604 3646 4687 regio.
3731 4599 3832 4667 Ao
3887 4622 4048 4667 00110
4090 4622 4223 4667 non

2292 4699 2567 4777 possunt
2620 4712 2889 4759 severae
2948 4687 3028 4755 de
3083 4688 3450 4755 istiusmodi
3506 4686 3933 4754 seditionibus
3977 4706 4224 4770 poenae

2292 4778 2521 4861 repeti,
2587 4778 2646 4843 si
2702 4786 2854 4842 ante
2910 4777 3332 4842 constitutam
3385 4772 3849 4857 rempublicam
3894 4772 4031 4837 sola
4072 4794 4225 4840 con-

2293 4866 2461 4928 fusio
2517 4871 2585 4926 et
2647 4862 3056 4947 perturbatio
3120 4882 3340 4928 rerum
3402 4859 3621 4937 fuerit,
3688 4857 4001 4942 improbis
4064 4859 4227 4925 viris

2294 4948 2628 5014 meliorem
2674 4957 2927 5031 partem
2973 4945 3457 5031 superantibus.
3521 4944 3720 5024 Fieri,
3762 4944 4049 5027 inquam,
4093 4966 4225 5011 non

2294 5042 2509 5118 potest
2552 5043 2627 5099 ut
2670 5037 2739 5100 in
2781 5042 2965 5099 tanta
3008 5054 3226 5099 rerum
3260 5030 3776 5114 perturbatione,
3819 5030 3934 5096 ubi
3969 5030 4225 5116 legibus

2293 5120 2536 5200 nullus,
2590 5120 2812 5187 nullus
2870 5120 3107 5186 rationi
3164 5120 3345 5184 locus
3387 5125 3508 5195 est,
3567 5115 3646 5183 de
3700 5116 3781 5182 iis
3833 5116 4225 5201 inquiratur,

2297 5215 2365 5274 et
2421 5226 2673 5292 poenae
2729 5214 3077 5273 sumantur
3135 5204 3250 5289 qui
3292 5202 3482 5270 istius
3524 5202 3921 5270 confusionis
3964 5212 4227 5270 autores
