5059 6059
303 307 419 375 225

301 496 419 562 rito
460 490 537 557 de
583 489 826 574 populo
865 489 1222 557 Israelitico
1259 497 1481 556 actum
1520 511 1662 557 esse
1702 490 1993 570 dixisset,
2034 511 2222 574 prae-

300 589 666 660 sentemque
733 585 1009 641 mortem
1066 578 1208 642 sine
1265 597 1381 660 spe
1443 577 1696 658 auxilii,
1758 577 1887 641 nisi
1951 578 2222 644 coelitus

299 671 426 750 ipse
470 663 649 728 Deus
693 682 965 727 manum
1010 661 1424 728 admovisset.
1486 662 1703 729 David
1746 664 1962 746 itaque
1997 663 2224 730 Golia·

298 754 476 817 thum
520 768 839 832 superans
883 748 1005 814 hoc
1047 759 1366 831 apparatu
1413 757 1722 813 testatum
1770 749 1920 812 fecit
1969 748 2221 814 nullum

296 839 397 903 hic
440 835 742 900 humanis
798 834 1053 899 viribus
1111 843 1228 899 aut
1270 832 1630 899 industriae
1675 834 1886 900 locum
1931 856 2075 901 esse
2119 855 2222 899 re·

293 924 530 1004 lictum,
587 920 700 985 sed
761 918 980 984 Deum
1038 941 1227 985 usum
1287 919 1544 985 Davide
1602 931 1912 1003 tanquam
1973 923 2220 987 instru-

296 1017 507 1075 mento
551 1027 670 1091 per
712 1026 784 1071 se
826 1005 1076 1070 inutili:
1120 1006 1370 1089 sibique
1406 1005 1520 1071 uni
1557 1026 1924 1072 reservasse
1945 1006 2220 1090 gloriam

294 1094 512 1162 salutis
556 1112 752 1175 quam
799 1091 1037 1175 populo
1083 1112 1201 1158 suo
1245 1104 1406 1157 tunc
1451 1092 1691 1157 attulit.
1778 1091 1968 1157 Istud
2013 1094 2220 1177 igitur

291 1182 357 1246 in
397 1179 626 1263 primis
669 1176 1152 1243 observandum
1194 1198 1280 1242 ex
1320 1198 1396 1242 eo
1441 1177 1612 1261 quod
1659 1176 1878 1243 David
1921 1178 2222 1243 omnibus

291 1266 481 1331 armis
526 1263 797 1348 spoliari
852 1263 1079 1329 voluit.
1167 1262 1470 1346 Namque
1526 1264 1844 1347 potuisset
1900 1263 2092 1330 facile
2150 1265 2222 1328 in

290 1361 420 1417 toto
460 1350 754 1415 exercitu
799 1349 1053 1434 galeam
1097 1349 1222 1414 sibi
1269 1352 1782 1427 convenientem,
1828 1356 1897 1414 et
1931 1350 2219 1428 loricam,

291 1436 706 1522 gladiumque
748 1434 1065 1514 invenire,
1108 1446 1183 1498 ut
1224 1456 1353 1499 non
1389 1435 1582 1518 plane
1617 1435 1889 1501 inermis
1922 1436 1994 1500 in
2030 1455 2221 1520 prae-

287 1524 440 1589 lium
487 1520 1008 1606 progrederetur.
1096 1519 1231 1587 Sed
1290 1519 1475 1586 illum
1536 1523 1629 1587 sic
1673 1521 1964 1603 oportuit
2006 1520 2221 1586 homi-

287 1629 440 1674 num
485 1606 733 1690 exponi
767 1606 1074 1671 ludibrio.
1139 1607 1231 1671 Et
1266 1616 1606 1690 praeterea
1641 1629 1772 1672 non
1809 1618 1911 1672 est
1946 1606 2219 1672 dubium

283 1695 438 1779 quin
487 1693 715 1778 gravis
772 1693 1048 1758 tentatio
1106 1692 1425 1758 invaserit
1465 1714 1691 1759 omnes
1734 1713 1844 1759 eos
1887 1694 1998 1776 qui
2042 1693 2220 1759 hune

285 1785 675 1864 apparatum
721 1778 1163 1844 intuebantur.
1255 1777 1384 1844 Sed
1429 1779 1690 1844 illorum
1737 1777 1934 1844 fidem
1976 1779 2069 1845 sic
2111 1800 2220 1844 ex·

283 1867 539 1949 plorare
581 1864 769 1930 Deus
813 1864 1040 1930 voluit.
1129 1863 1351 1945 Quare
1394 1867 1564 1947 quod
1609 1864 1932 1931 Davidem
1981 1865 2214 1930 adver·

279 1973 389 2018 sus
425 1949 817 2016 Goliathum
857 1949 1162 2034 progredi
1204 1952 1669 2035 permiserunt,
1715 1951 1919 2016 animi
1941 1951 2219 2034 quadam

275 2035 775 2122 perturbatione
817 2037 1059 2101 factum
1105 2046 1236 2101 est:
1284 2036 1832 2119 quemadmodum
1869 2036 2011 2101 heri
2056 2036 2220 2101 dixi-

277 2145 424 2189 mus
469 2129 896 2189 excaecatum
942 2121 1145 2188 fuisse
1192 2120 1458 2189 Saulem
1504 2143 1704 2206 quum
1751 2122 2077 2188 Davidem
2122 2121 2220 2186 di·

276 2209 596 2275 mitteret.
688 2205 823 2288 Qui
881 2228 1039 2273 vero
1099 2229 1295 2273 sensu
1355 2209 1573 2292 aliquo
1624 2208 1902 2292 praediti
1947 2209 2220 2274 fuerunt

272 2296 414 2360 sine
459 2293 668 2360 dubio
712 2295 1018 2360 iuvenem
1078 2294 1265 2360 illum
1314 2295 1456 2360 sine
1500 2294 1770 2360 horrore
1815 2314 1949 2359 non
2038 2304 2218 2359 otue-

267 2389 428 2446 runt
471 2380 704 2447 videre
740 2400 881 2445 sese
917 2388 1134 2446 certae
1168 2382 1363 2446 morti
1397 2390 1860 2464 exponentem:
1897 2402 1966 2446 se
2033 2379 2217 2444 Deus

267 2466 533 2532 eosdem
581 2467 1020 2545 confirmavit,
1063 2477 1133 2531 et
1175 2468 1241 2531 in
1289 2465 1522 2532 bonam
1568 2488 1751 2550 spem
1796 2467 2027 2532 erexit.
2083 2464 2214 2528 De·

267 2554 468 2636 nique
513 2551 743 2618 David
801 2572 929 2616 non
992 2563 1269 2635 apparat
1326 2574 1395 2618 se
1452 2552 1533 2617 ad
1592 2551 1912 2637 praelium
1972 2571 2047 2615 ea
2092 2550 2211 2616 sibi

268 2659 454 2705 arma
498 2658 892 2721 comparans
937 2639 1174 2721 quibus
1218 2639 1474 2704 munire
1517 2659 1587 2704 se
1632 2639 1931 2702 homines
1964 2636 2211 2701 solent:

264 2723 379 2790 sed
422 2744 630 2808 quam
675 2724 874 2789 semel
922 2724 1144 2789 infixit
1174 2724 1393 2790 animo
1429 2724 1842 2801 sententiam,
1880 2725 1948 2788 in
1985 2722 2210 2788 eadem

262 2817 539 2894 perstat,
590 2810 806 2874 Deum
852 2810 995 2875 sine
1032 2811 1337 2875 humanis
1373 2810 1716 2894 praesidiis
1749 2809 2092 2875 victoriam
2128 2807 2209 2872 de

259 2896 452 2961 hoste
528 2915 1028 2962 concessurum:
1097 2895 1616 2979 quandoquidem
1677 2895 1804 2960 Dei
1869 2896 2080 2960 virtus
2142 2902 2211 2959 et

259 2983 561 3064 potentia
607 2980 808 3046 nullis
850 2981 1158 3047 humanis
1201 2983 1537 3066 praesidiis
1574 2981 1840 3046 nititur:
1886 3001 2051 3063 quae
2085 2978 2208 3044 sibi

259 3067 380 3132 soli
440 3067 711 3146 sufficit,
778 3078 843 3132 et
907 3089 1038 3133 non
1101 3089 1264 3151 opus
1326 3068 1520 3134 habet
1584 3066 1847 3132 aliunde
1904 3065 2208 3131 mutuari.

259 3152 719 3234 Quamobrem
779 3157 949 3219 hanc
1008 3153 1358 3219 utilitatem
1415 3176 1501 3220 ex
1557 3152 1828 3219 historia
1883 3152 2212 3236 praesenti

257 3253 717 3322 reportemus,
798 3249 870 3304 ut
934 3240 991 3305 si
1055 3239 1361 3305 miseram
1439 3238 1776 3306 ecclesiam
1857 3238 2212 3303 viderimus

257 3326 607 3404 afflictam,
663 3332 732 3390 et
789 3325 967 3391 velut
1022 3326 1347 3392 aviculam
1407 3333 1559 3391 ante
1615 3326 1885 3408 aucupis
1951 3323 2214 3407 laqueos

254 3411 683 3496 fugitantem,
743 3418 862 3475 aut
904 3421 1218 3495 tanquam
1265 3415 1535 3478 miseras
1593 3423 1659 3476 et
1703 3409 2015 3495 pauculas
2059 3430 2212 3474 oves

254 3497 442 3562 mille
516 3497 697 3581 lupis
761 3498 1194 3564 circumdatas
1256 3498 1576 3581 laborare,
1634 3507 1702 3562 et
1763 3495 2055 3579 undique
2120 3495 2212 3560 sic

252 3584 469 3666 premi
519 3594 598 3647 ut
643 3582 861 3648 nullus
906 3582 1225 3650 evadendi
1267 3585 1448 3650 locus
1507 3591 1834 3668 appareat,
1903 3593 1970 3647 et
2027 3579 2214 3646 nulla

248 3668 594 3754 praesidia
643 3669 930 3733 humana
973 3690 1043 3735 se
1086 3669 1383 3750 offerant,
1444 3681 1781 3735 teneamus
1823 3677 2046 3732 tamen
2092 3687 2212 3732 nos

249 3777 292 3820 a
334 3754 491 3821 Deo
541 3756 613 3819 iu
659 3758 927 3819 suo-‘um
974 3776 1322 3821 numerum
1381 3777 1521 3822 esse
1581 3751 1897 3839 receptos,
1943 3775 2018 3818 ac
2065 3773 2210 3836 pro-

246 3842 408 3907 inde
453 3842 686 3924 ipsum
732 3841 1134 3924 singularem
1181 3842 1386 3907 nostri
1430 3861 1652 3908 curam
1699 3840 1959 3919 babere,
2004 3853 2069 3903 et
2113 3839 2209 3903 fa·

247 3928 374 3994 cile
417 3935 900 4010 superaturum
934 3947 1349 4011 quascunque
1384 3927 1666 3993 mundus
1701 3926 2049 3991 adversum
2090 3945 2209 3990 nos

246 4014 430 4080 vires
463 4012 822 4100 excitarit:
867 4020 932 4078 et
976 4034 1062 4079 ex
1107 4012 1286 4077 mille
1331 4015 1560 4079 mortis
1602 4010 1911 4097 periculis
1953 4011 2206 4093 quoties

240 4099 552 4165 voluerit.
615 4107 1014 4181 erepturum.
1104 4098 1332 4182 Neque
1391 4120 1548 4165 vero
1594 4100 1707 4165 abs
1751 4119 1824 4162 re
1867 4096 2203 4161 interdum

239 4186 514 4270 patitur
566 4185 748 4249 Deus
807 4185 1112 4249 omnibus
1170 4207 1293 4250 nos
1333 4187 1637 4251 humanis
1693 4180 2035 4267 praesidiis
2094 4182 2202 4245 de-

239 4272 458 4350 stitui,
520 4279 598 4335 ut
642 4269 726 4333 ad
783 4268 998 4352 ipsum
1054 4291 1395 4355 assurgere
1451 4270 1793 4349 discamus,
1831 4277 1896 4334 et
1939 4268 2019 4333 ab
2064 4268 2204 4351 ipso

240 4357 389 4424 solo
438 4355 755 4441 pendere,
803 4366 876 4420 ut
918 4377 1113 4439 quum
1160 4358 1301 4426 eius
1345 4357 1661 4423 auxilium
1707 4354 1960 4438 experti
2004 4352 2204 4420 fueri·

237 4464 420 4525 mus,
483 4449 561 4507 et
618 4440 837 4507 hostes
892 4443 1221 4527 profligati
1281 4443 1552 4522 fuerint,
1620 4444 1932 4509 virtutem
1995 4440 2201 4523 ipsius

237 4528 721 4595 miraculosam
769 4539 1196 4608 agnoscentes
1239 4550 1369 4594 non
1415 4530 1622 4594 simus
1665 4526 1930 4612 ingrati,
1992 4546 2199 4607 neque

235 4636 316 4680 eo
388 4614 758 4699 pravitatis
821 4613 1244 4681 deveniamus
1309 4625 1382 4680 ut
1443 4615 1687 4681 nostris
1753 4611 2018 4686 viribus,
2085 4625 2201 4678 aut

236 4702 569 4766 fortunae
625 4698 977 4782 quidquam
1043 4698 1516 4781 adscribamus,
1597 4699 1709 4765 sed
1775 4717 2038 4763 sursum
2116 4697 2198 4762 ad

235 4785 476 4852 Deum
553 4784 747 4851 corda
812 4797 1037 4851 nostra
1096 4787 1501 4866 attollamus,
1576 4795 1644 4851 et
1707 4782 1991 4850 terrenis
2054 4784 2199 4849 istis

236 4873 574 4937 omnibus
616 4872 1114 4936 renunciemus:
1181 4871 1374 4956 hanc,
1442 4873 1726 4956 inquam,
1790 4870 1872 4935 ob
1938 4889 2196 4935 causam

229 4956 437 5024 Deus
487 4977 688 5041 saepe
730 4957 981 5041 patitur
1025 4977 1143 5024 nos
1180 4959 1482 5025 omnibus
1517 4957 1823 5024 humanis
1858 4955 2198 5038 praesidiis

230 5042 522 5109 nudari.
613 5043 963 5109 Caeterum
1020 5050 1088 5108 et
1140 5044 1267 5109 ista
1323 5045 1508 5110 nobis
1572 5042 1878 5128 prodesse
1940 5041 2196 5119 debent,

231 5139 314 5194 ut
385 5131 956 5211 comparationem
1020 5130 1441 5195 instituamus
1505 5130 1766 5196 divinae
1843 5148 2000 5212 erga
2076 5148 2197 5193 nos

229 5214 598 5292 bonitatis,
642 5235 790 5280 cum
836 5236 915 5281 ea
957 5235 1088 5298 qua
1131 5214 1456 5299 reliquum
1500 5214 1822 5282 mundum
1864 5214 2197 5299 prosequi·

425 5316 660 5373 enim
693 5334 881 5388 opera.
959 5316 1075 5373 νοτ.
1103 5316 1297 5372 xxx

1585 301 1685 368 IN
1726 301 1781 367 I.
1825 300 2007 368 LIB.
2055 297 2454 371 SAMUEL.
2500 302 2700 372 OAP.
2743 303 2975 371 XVII.

4145 308 4278 378 226

2327 500 2455 558 tur.
2543 492 2716 559 Nam
2775 494 2980 577 ipsius
3039 493 3300 577 quidem
3358 494 3612 561 bonitas
3670 516 3878 579 usque
3944 495 4026 560 ad
4091 497 4275 580 ipsas

2328 577 2568 645 bestias
2611 578 2964 663 pertingit:
3026 591 3092 644 et
3149 579 3353 646 solem
3398 602 3589 646 suum
3634 582 3790 646 oriri
3833 582 4030 646 etiam
4071 603 4272 666 super

2325 664 2657 748 improbos
2700 664 2888 731 facit:
2933 672 3003 730 et
3037 665 3356 731 increduli
3394 667 3582 732 bonis
3617 668 3822 750 ipsius
3859 667 4270 752 nutriuntur,

2326 761 2395 815 et
2459 750 2709 816 virtute
2772 751 2982 835 ipsius
3047 763 3540 819 conservantur.
3631 753 3763 819 Sed
3818 754 4104 838 speciale
4165 766 4271 822 est

2325 836 2611 901 filiorum
2655 837 2784 903 Dei
2840 837 3258 921 privilegium
3318 848 3385 903 et
3437 838 3854 922 particularis
3898 839 4142 923 gratia:
4199 853 4270 907 et

2325 932 2638 1006 paternus
2680 943 2865 988 amor
2906 943 3063 1005 prae
3108 923 3454 989 dilectione
3497 944 3629 1008 qua
3674 925 3990 1007 reliquam
4036 926 4269 993 muudi

2324 1016 2578 1092 partem
2623 1007 3095 1091 complectitur.
3185 1008 3626 1090 Quamobrem
3673 1010 4109 1093 magnifacere
4151 1011 4267 1079 bo·

2327 1095 2601 1159 nitatem
2644 1094 2829 1159 illam
2875 1092 3201 1175 debemus,
3260 1105 3329 1160 et
3386 1094 3604 1181 dignis
3648 1095 3951 1161 laudibus
3995 1097 4265 1164 efferre:

2325 1189 2502 1247 certo
2547 1180 2844 1262 persuasi
2877 1179 3015 1246 fore
3048 1181 3270 1245 irritos
3308 1202 3528 1246 rerum
3566 1184 3858 1247 omnium
3894 1193 4267 1250 creatarum

2324 1264 2676 1332 adversum
2737 1287 2854 1332 nos
2908 1276 3202 1341 conatus,
3268 1278 3331 1331 et
3391 1287 3508 1350 pro
3562 1269 3754 1333 vanis
3819 1277 3888 1333 et
3952 1268 4265 1336 inanibus

2324 1350 2518 1417 rebus
2561 1350 2916 1417 habeamus
2960 1349 3517 1435 despiciamusque
3559 1351 3873 1436 quidquid
3911 1352 4263 1421 adversum

2324 1458 2445 1502 nos
2488 1437 2952 1517 insurrexerit3
3011 1438 3537 1521 quandoquidem
3582 1438 3722 1503 Deo
3766 1438 4015 1522 placuit
4056 1461 4179 1506 nos
4220 1461 4265 1507 a

2322 1524 2572 1606 reliquo
2632 1522 2876 1589 mundo
2935 1524 3254 1588 eximere:
3304 1544 3617 1606 suamque
3672 1525 4008 1590 ecclesiam
4066 1526 4262 1606 tueri,

2322 1619 2392 1673 et
2444 1608 2706 1691 quidem
2766 1608 3304 1675 extraordinariis
3364 1608 3599 1676 mediis
3652 1610 3833 1675 vult:
3898 1610 4070 1694 quod
4136 1632 4257 1680 nos

2320 1694 2672 1778 multiplex
2717 1695 3126 1780 experientia
3167 1695 3327 1760 satis
3370 1716 3696 1778 superque
3739 1695 3978 1761 docuit.

2493 1782 2857 1865 Pergamus
2910 1779 2993 1845 ad
3052 1778 3305 1864 reliqua
3379 1780 3898 1865 Goliathumque
3968 1783 4260 1849 vicissim

2321 1865 2667 1933 adversum
2691 1866 3022 1931 Davidem
3068 1865 3474 1950 gradientem
3519 1866 3963 1952 inspiciamus.
4022 1867 4261 1951 Itaque

2322 1952 2674 2018 Goliatbus
2738 1961 3128 2036 arroganter
3191 1962 3257 2016 et
3316 1953 3606 2018 fastuose
3672 1952 3988 2019 adversus
4065 1953 4257 2019 illum

2318 2058 2704 2122 progressus
2762 2038 3078 2121 despexit,
3140 2037 3310 2120 quod
3372 2058 3503 2102 non
3563 2051 3735 2104 esset
3772 2038 4059 2104 eiusdem
4104 2059 4255 2104 cum

2316 2125 2460 2207 ipso
2490 2123 2856 2208 qualitatis:
2894 2135 2961 2188 et
2995 2124 3138 2189 istis
3176 2121 3392 2190 verbis
3427 2125 3873 2206 conqueritur:
3923 2124 4262 2207 Numquid

2389 2230 2425 2276 o
2478 2211 2657 2275 canis
2706 2229 2869 2288 sum,
3143 2213 3212 2272 tu
3265 2209 3441 2275 venis
3495 2211 3583 2276 ad
3634 2231 3733 2277 me
3787 2230 3926 2276 cum
3978 2208 4255 2276 baculo?

2386 2295 2646 2362 avidem
2690 2295 2972 2360 ludibrio
3016 2294 3246 2360 habuit
3281 2294 3452 2378 quod
3488 2316 3637 2362 cum
3677 2296 3905 2362 baculo
3937 2294 4253 2380 pastorali

2318 2403 2433 2448 seu
2476 2380 2644 2465 pedo
2686 2380 3204 2464 progrederetur,
3257 2389 3570 2463 tanquam
3629 2381 3944 2447 adversus
4001 2401 4254 2463 canem,

2318 2479 2385 2533 et
2425 2469 2517 2532 ita
2561 2489 2647 2532 ex
2690 2466 3033 2532 iracundia
3074 2467 3256 2531 infit:
3321 2466 3474 2533 Veni
3520 2468 3606 2532 ad
3646 2487 3762 2547 me,
3806 2471 3862 2532 et
3903 2467 4063 2534 dabo
4103 2487 4249 2533 ear-

2314 2573 2431 2619 nes
2470 2559 2615 2619 tuas
2654 2552 3009 2619 volatilibus
3066 2553 3215 2618 coeli
3277 2558 3336 2618 et
3375 2553 3586 2619 bestiis
3627 2558 3850 2619 terrae.
3940 2553 4062 2620 Oui
4109 2553 4248 2617 Da-

2316 2639 2429 2704 vid
2475 2638 2879 2724 respondens
2924 2641 3046 2704 ait:
3114 2639 3216 2703 Tu
3262 2640 3436 2704 venis
3478 2639 3564 2703 ad
3606 2659 3704 2704 me
3743 2659 3882 2705 cum
3922 2639 4151 2723 qladiO,
4196 2642 4257 2704 a
4372 2706 4376 2710 ,

2315 2726 2516 2800 hasta,
2571 2730 2625 2789 et
2680 2725 2915 2809 clypeo:
2975 2744 3081 2808 eqo
3138 2729 3348 2789 atatem
3398 2725 3576 2789 venio
3628 2725 3715 2791 ad
3771 2729 3827 2789 te
3881 2725 3951 2789 in
4004 2725 4253 2791 nomine

2314 2810 2584 2877 Domini
2626 2812 2999 2877 wcituum
3016 2860 3032 2888 ,
3074 2809 3206 2876 Dei
3246 2811 3571 2893 cyminum
3613 2809 3839 2888 Israel,
3883 2809 3988 2876 cui
4029 2829 4249 2891 expro-

2315 2896 2530 2963 brasti.
2622 2896 2832 2977 Quasi
2888 2895 3082 2976 dicat,
3141 2897 3327 2961 Deus
3382 2895 3495 2960 ille
3550 2895 3758 2961 Israel
3817 2905 3917 2962 est
3981 2895 4052 2959 in
4119 2916 4250 2979 quo

2315 2984 2516 3048 totius
2581 2983 2806 3065 populi
2872 2982 2996 3047 sita
3061 2992 3164 3047 est
3225 2982 3457 3046 virtus.
3545 2981 3647 3045 Tu
3707 2980 3875 3046 banc
3934 2982 4248 3046 virtutem

2314 3068 2762 3151 contempsisti
2805 3077 2871 3133 et
2911 3066 3189 3132 ludibrio
3230 3065 3553 3132 habuisti:
3598 3087 3798 3148 quare
3832 3067 3970 3148 ipse
4004 3067 4252 3133 senties

2317 3154 2444 3219 Dei
2488 3152 2808 3218 auxilium
2853 3153 3205 3219 adversum
3251 3164 3335 3216 te.
3400 3151 3581 3217 Hine
3621 3152 3699 3215 fit
3743 3152 3952 3236 magis
3996 3152 4252 3234 conspi-

2313 3260 2506 3305 cuum
2544 3237 2714 3321 quod
2752 3239 2881 3304 iam
2921 3250 3072 3304 ante
3112 3238 3319 3322 attigi,
3366 3239 3580 3303 Deum
3620 3236 3900 3303 voluisse
3937 3236 4249 3320 populum

2314 3346 2504 3390 suum
2548 3335 2709 3390 tuno
2753 3345 3014 3390 servare
3050 3324 3242 3392 modo
3277 3322 3554 3407 quodam
3600 3323 4138 3401 extraordinario,
4183 3333 4254 3389 et

2313 3412 2652 3476 bominum
2712 3411 3041 3476 sententia
3102 3410 3295 3494 plane
3355 3408 3663 3474 ridiculo:
3722 3418 3799 3474 ut
3838 3408 4247 3476 liberationis

2313 3497 2457 3562 laus
2525 3495 2740 3561 omnis
2802 3495 2948 3560 Deo
3013 3495 3134 3560 soli
3197 3496 3625 3560 tribueretur:
3704 3492 3877 3578 quod
3944 3492 4245 3561 homines

2357 3582 2637 3649 roclives
2680 3583 2815 3646 sint
2858 3583 2924 3646 in
2970 3581 3101 3646 Dei
3145 3590 3613 3665 contemptum,
3659 3593 3726 3644 et
3769 3579 3984 3646 debito
4029 3581 4244 3662 ipsum

2312 3605 2558 3734 honore
2600 3669 3018 3733 frustrentur.
3107 3667 3384 3732 Interim
3440 3686 3601 3730 vero
3646 3664 3830 3731 Deus
3882 3686 4036 3732 suos
4094 3686 4247 3732 nos-

2314 3767 2579 3839 trosque
2624 3753 2844 3819 hostes
2887 3763 3212 3836 excaecat,
3258 3772 3459 3835 quum
3505 3749 3901 3817 debilitatem
3949 3761 4246 3817 nostram

2310 3841 2672 3916 intuentur,
2717 3848 2783 3904 et
2827 3839 2957 3903 iam
3004 3849 3309 3922 paratum
3353 3838 3491 3904 suis
3532 3837 3828 3903 faucibus
3873 3836 4093 3902 bolum
4139 3857 4245 3902 ar-

2309 3927 2662 4004 bitrantur,
2702 3923 2975 4007 ideoque
3014 3923 3323 4008 superbia
3356 3923 3638 3987 maxime
3672 3922 4058 4006 efferuntur,
4081 3943 4249 4005 quae

2309 4013 2651 4076 interitum
2710 4019 2778 4075 et
2841 4012 3097 4075 ruinam
3165 4011 3457 4092 ipsorum
3524 4008 3862 4074 accelerat.
3969 4007 4247 4074 Duobus

2310 4099 2511 4181 igitur
2556 4096 2766 4161 modis
2810 4097 3038 4178 patefit
3081 4096 3208 4160 Dei
3254 4105 3542 4177 potestas
3601 4106 3670 4159 et
3711 4094 3988 4172 bouitas,
4040 4114 4245 4175 quum

2309 4204 2426 4249 nos
2481 4181 2784 4247 omnibus
2852 4182 3155 4246 humanis
3220 4178 3566 4263 praesidiis
3622 4181 3897 4245 nudatos
3956 4178 4241 4244 adiuvat.

2304 4269 2476 4334 Nam
2521 4290 2604 4334 ex
2650 4277 2833 4350 parte
2869 4267 3087 4333 hostes
3123 4279 3383 4331 nostros
3417 4266 3783 4332 confusioni
3820 4265 4121 4346 exponit:
4158 4285 4240 4329 ex

2305 4354 2513 4420 altera
2570 4374 2729 4418 vero
2785 4374 2905 4418 nos
2962 4351 3041 4418 ad
3101 4374 3172 4418 se
3229 4353 3469 4418 invitat
3528 4364 3594 4416 et
3637 4351 3859 4427 allicit,
3917 4357 3991 4413 ut
4030 4348 4242 4432 ipsius

2305 4440 2549 4505 tutelae
2608 4448 2677 4502 et
2725 4440 3114 4521 protectioni
3174 4460 3297 4503 nos
3351 4446 3521 4503 totos
3580 4438 4101 4503 committamus:
4169 4443 4240 4501 et

2302 4535 2651 4610 praeparat
2695 4525 2891 4589 etiam
2937 4537 3014 4588 ut
3056 4535 3319 4589 nostrae
3362 4522 3593 4588 salutis
3638 4523 3883 4606 gratias
3922 4521 4046 4604 ipsi
4086 4539 4244 4604 aga·

2303 4634 2468 4677 mus.
2557 4609 2887 4676 Increduli
2945 4629 3104 4675 vero
3164 4631 3323 4675 sane
3382 4628 3638 4691 semper
3682 4606 4053 4689 arrogantia
4096 4615 4239 4672 tur-

2302 4709 2493 4782 gent:
2541 4695 2703 4761 nihil
2752 4695 2926 4761 enim
2973 4695 3182 4780 magis
3219 4694 3438 4760 deiicit
3475 4693 3804 4756 hominem
3841 4711 4041 4773 quam
4077 4711 4237 4756 vera

2301 4784 2463 4850 fides
2529 4795 2594 4847 et
2660 4780 2786 4846 Dei
2853 4782 3153 4865 cognitio.
3253 4780 3423 4845 Nam
3490 4777 3792 4842 omnibus
3859 4776 4239 4843 hominibus

2301 4881 2539 4935 natura
2597 4866 2834 4931 vitium
2894 4878 2998 4932 est
3054 4867 3325 4932 insitum
3384 4861 3707 4945 superbia,
3771 4875 3838 4926 et
3903 4861 4234 4928 eminendi

2299 4976 2495 5040 super
2554 4952 2717 5018 alios
2771 4953 3126 5036 cupiditas:
3184 4960 3261 5016 ut
3315 4951 3402 5016 sit
3448 4947 3749 5013 accidens
3793 4946 4235 5031 inseparabile

2299 5042 2383 5106 ab
2427 5039 2765 5106 hominum
2808 5051 3051 5104 natura
3093 5037 3414 5121 superbia,
3458 5034 3834 5117 arrogantia
3868 5042 3935 5099 et
3969 5034 4235 5099 temeri-

2299 5137 2438 5192 tas:
2494 5124 2655 5192 adeo
2711 5125 2972 5206 quidem
3032 5133 3106 5189 ut
3161 5123 3265 5188 vel
3320 5123 3386 5186 in
3432 5119 3684 5185 intimis
3722 5117 4027 5185 medullis
4070 5121 4234 5185 resi·

2299 5213 2468 5279 deat.
2558 5209 2743 5280 Nihil
2808 5222 3023 5276 autem
3090 5208 3300 5294 magis
3363 5207 3446 5271 ad
3502 5225 3732 5274 veram
3791 5205 4235 5273 humilitatem
