5059 6059
855 269 988 338 659

2419 277 2836 346 HOMILIA
2876 276 3285 346 XXXVIII.

4670 288 4764 355 660

869 472 1051 539 libus
1127 468 1438 555 populum
1522 487 1817 549 onerare,
1897 474 1965 537 et
2025 488 2266 554 pompa
2326 474 2394 536 et
2457 468 2812 554 magnifico
2913 467 3198 553 effodiat,
3260 490 3348 535 ex
3408 469 3597 536 cuius
3668 469 4017 537 effossione
4081 470 4503 540 vehementer
4556 473 4766 543 alterum

872 567 1191 643 apparatu
1250 576 1396 622 sese
1447 554 1923 636 commendare,
1978 555 2087 621 vel
2146 555 2344 621 etiam
2387 554 2809 640 tyrannidem
2913 554 3106 634 affici,
3165 561 3362 638 atque
3414 555 3615 622 etiam
3668 555 3922 642 reliqua
3963 556 4165 623 totius
4207 558 4489 641 corporis
4525 562 4766 643 membra,

860 664 1171 713 exercere
1231 653 1298 707 et
1353 642 1427 706 in
1469 642 1787 725 populum
1832 642 2106 709 saevire.
2198 641 2452 706 Verum
2494 641 2608 706 ille
2652 659 2808 706 con-

867 738 974 798 tra
1029 750 1332 796 reversus
1390 737 1490 793 est
1525 726 1608 792 ad
1664 747 1899 812 greges
1940 728 2013 792 in
2056 728 2234 812 agris
2290 727 2669 811 pascendos,
2733 746 2809 795 ac

866 817 1007 883 vita
1067 815 1285 899 priore
1351 822 1699 881 contentus
1763 813 2011 879 nemini
2076 834 2219 880 esse
2284 813 2508 898 gravis
2573 812 2805 879 voluit.

858 900 968 970 Ex
1023 899 1257 986 quibus
1317 906 1564 985 quanta
1621 899 1821 965 fuerit
1864 898 2086 968 Saulis
2138 898 2213 964 in
2257 906 2442 965 tanta
2485 898 2806 984 dignitate

860 988 1198 1056 constituti
1263 985 1585 1051 modestia
1648 987 1810 1053 satis
1870 994 1972 1052 est
2036 985 2478 1069 conspicuum.
2579 984 2805 1067 Quum

859 1074 1065 1157 igitur
1128 1073 1316 1139 illum
1393 1078 1661 1155 repente
1724 1073 1793 1137 in
1859 1073 2030 1137 iram
2095 1071 2420 1138 exarsisse
2484 1069 2804 1150 videmus,

856 1169 925 1227 et
981 1169 1299 1227 terrorem
1356 1157 1622 1223 nomine
1664 1177 1781 1223 suo
1825 1158 2143 1236 attulisse,
2200 1166 2276 1223 ut
2317 1156 2614 1243 singulos
2655 1176 2804 1241 per-

856 1246 1124 1313 celleret
1180 1253 1248 1311 et
1288 1243 1371 1308 ad
1414 1243 1699 1310 officium
1745 1244 2182 1328 compelleret,
2240 1242 2525 1310 debitam
2568 1263 2805 1325 nempe

861 1333 988 1399 sibi
1046 1330 1485 1398 reverentiam
1532 1337 1601 1395 et
1656 1329 1991 1411 honorem,
2045 1329 2318 1394 minime
2371 1328 2641 1394 dubium
2706 1335 2808 1394 est

868 1422 1026 1503 quin
1070 1416 1432 1485 vocationis
1476 1435 1635 1481 suae
1680 1416 2004 1482 rationem
2045 1414 2315 1482 habeat:
2372 1426 2438 1479 et
2479 1434 2806 1481 veneran-

870 1505 1020 1570 dam
1085 1504 1271 1569 illam
1340 1499 1614 1567 reddere
1680 1501 1959 1582 studeat,
2044 1511 2110 1567 et
2174 1501 2248 1565 in
2313 1521 2522 1566 unum
2586 1501 2806 1566 Deum

858 1611 1045 1674 spem
1089 1610 1278 1656 suam
1323 1595 1392 1654 et
1433 1587 1735 1653 fiduciam
1780 1608 2040 1654 omnem
2085 1585 2403 1668 reficiens,
2458 1586 2806 1652 commisso

856 1677 981 1742 sibi
1041 1696 1315 1742 munere
1372 1681 1440 1738 et
1496 1674 1708 1740 officio
1758 1674 2026 1759 defungi
2083 1673 2487 1757 propositum
2546 1672 2804 1738 habeat.

852 1761 1075 1846 Atque
1134 1762 1306 1827 hanc
1361 1760 1444 1825 ob
1501 1779 1769 1825 causam
1813 1758 2190 1826 Samuelem
2250 1760 2319 1824 in
2380 1758 2505 1823 hoc
2545 1758 2806 1841 negotio

854 1849 980 1914 sibi
1041 1846 1356 1930 collegam
1414 1845 1714 1927 associat,
1771 1852 1847 1911 ut
1901 1865 2093 1911 suum
2140 1865 2417 1930 regnum
2462 1843 2608 1908 Deo
2653 1864 2804 1926 pro-

853 1933 996 1999 bari
1056 1933 1278 2017 palam
1344 1932 1561 2009 faciat,
1621 1931 1795 2014 quod
1853 1953 1973 2016 per
2029 1952 2102 1998 os
2144 1930 2501 2016 prophetae
2544 1929 2644 1995 sui
2689 1948 2804 2012 pa-

856 2018 991 2085 lam
1031 2018 1548 2104 praedicaverat.
1615 2017 1788 2083 Nam
1833 2018 1957 2084 etsi
2002 2016 2161 2084 satis
2205 2016 2477 2084 evidens
2511 2023 2579 2081 et
2621 2014 2804 2081 suffi-

854 2107 1038 2172 ciens
1120 2111 1296 2172 esset
1360 2101 1758 2186 approbatio,
1839 2103 2020 2170 illius
2095 2110 2315 2168 tamen
2380 2102 2805 2187 praecipuum

852 2190 1034 2257 istud
1079 2197 1222 2256 erat
1263 2188 1793 2267 fundamentum,
1838 2205 1912 2255 ut
1957 2188 2486 2272 quandoquidem
2537 2186 2802 2255 Samuel

857 2278 1061 2342 totius
1104 2275 1330 2360 populi
1367 2274 1908 2358 gubernationem
1944 2273 2283 2355 habuerat,
2328 2282 2397 2341 et
2431 2273 2514 2339 ad
2551 2291 2807 2340 summa

854 2384 1082 2428 rerum
1151 2360 1597 2446 gubernacula
1663 2360 1775 2427 diu
1837 2359 2115 2444 sederat,
2181 2370 2249 2426 et
2305 2380 2548 2426 munus
2610 2379 2804 2425 suum

856 2447 1051 2514 alteri
1110 2446 1495 2525 tradiderat,
1564 2466 1690 2530 quo
1753 2467 1826 2513 se
1882 2455 2113 2530 sponte
2170 2446 2522 2524 abdicarat,
2587 2445 2804 2529 palam

857 2541 1144 2599 testatus
1205 2534 1424 2599 Deum
1484 2554 1707 2616 regem
1764 2532 1942 2598 hunc
1999 2530 2272 2599 Saulem
2336 2530 2583 2617 populo
2649 2531 2806 2597 dare

858 2627 926 2684 et
986 2620 1360 2704 praeficere,
1414 2617 1623 2700 ipsius
1662 2618 2087 2703 praeconium
2130 2629 2302 2684 esset
2343 2619 2555 2684 instar
2598 2614 2806 2685 divini

861 2704 1108 2771 decreti
1167 2706 1234 2770 in
1295 2703 1536 2789 vulgus
1594 2712 1907 2788 tanquam
1967 2705 2163 2772 tubae
2207 2724 2368 2771 sono
2410 2701 2804 2788 pervulgati.

857 2790 1304 2871 Quamobrem
1366 2788 1693 2857 Samuelis
1749 2790 2110 2876 prophetae
2166 2791 2539 2874 praesentia
2583 2786 2807 2856 Saulis

855 2897 926 2942 re
1024 2896 1064 2941 o
1120 2877 1479 2942 maximam
1524 2877 1941 2943 autoritatem
1987 2897 2145 2961 prae
2188 2875 2460 2943 caeteris
2500 2874 2806 2941 omnibus

857 2983 930 3027 re
975 2983 1055 3028 us
1137 2960 1492 3029 adferebat.
1602 2961 1882 3028 Interim
1969 2961 2449 3029 observandum
2532 2960 2805 3046 pulchre

857 3046 1128 3115 Saulem
1189 3048 1315 3114 sibi
1374 3046 1687 3132 collegam
1742 3048 2100 3133 adiungere
2156 3047 2572 3116 Samuelem:
2628 3043 2806 3130 quod

855 3134 913 3201 si
970 3144 1286 3218 perpetuo
1343 3132 1625 3216 fecisset,
1690 3154 1824 3201 non
1889 3133 2126 3202 fuisset
2194 3152 2486 3218 unquam
2552 3152 2593 3198 a
2655 3130 2803 3197 Deo

850 3219 1158 3296 reiectus,
1217 3218 1389 3304 quod
1455 3219 1553 3285 illi
1615 3222 1837 3287 tamen
1896 3228 2121 3304 postea
2162 3219 2511 3304 contigisse
2557 3216 2805 3286 videbi-

849 3326 1020 3373 mus.
1110 3303 1457 3372 Summam
1538 3306 1717 3372 enim
1796 3306 2319 3373 coniunctionem
2396 3326 2546 3372 cum
2626 3303 2809 3385 regia

862 3391 1188 3477 dignitate
1253 3400 1319 3457 et
1385 3392 1553 3457 dono
1619 3392 2003 3477 prophetiae
2065 3391 2176 3457 hic
2244 3389 2404 3460 Saul
2463 3390 2805 3475 patefacit:

855 3498 1025 3561 quae
1069 3499 1229 3544 sane
1272 3478 1368 3542 sic
1409 3478 1586 3543 inter
1629 3498 1699 3544 se
1745 3485 1974 3544 mutuo
2017 3499 2200 3544 nexu
2238 3478 2682 3556 cohaererent,
2728 3480 2807 3540 ut

857 3583 1203 3647 nunquam
1261 3562 1754 3646 divellerentur,
1811 3564 1943 3630 nisi
1985 3564 2290 3631 homines
2334 3583 2418 3629 ex
2461 3570 2803 3629 contuma-

851 3648 958 3715 cia
998 3669 1143 3715 sese
1187 3648 1314 3714 Dei
1357 3649 1689 3733 potentiae
1731 3649 2216 3728 subtraherent,
2277 3657 2347 3714 et
2387 3649 2528 3715 eius
2570 3649 2802 3732 iugum

854 3735 1030 3800 ferre
1088 3743 1487 3812 recusarent,
1555 3736 1847 3819 adeoque
1912 3756 2055 3802 sese
2112 3742 2417 3820 proterve
2523 3740 2802 3814 arerent,

855 3828 938 3886 ut
990 3818 1195 3885 nullis
1249 3820 1533 3886 vinculis
1587 3821 1658 3888 in
1717 3822 1933 3888 officio
1989 3821 2422 3887 retineantur.
2469 3756 2802 3902 &nemob-

856 3925 1004 3973 rem
1062 3922 1492 3990 agnoscamus
1548 3908 1645 3973 ita
1698 3905 1922 3975 Deum
1989 3907 2225 3973 mundi
2300 3907 2497 3972 huius
2564 3904 2802 3991 guber-

857 3991 1099 4058 nacula
1144 4010 1389 4075 regere,
1435 3999 1510 4057 ut
1550 4014 1741 4078 reges
1785 4001 1855 4058 et
1885 3992 2217 4078 principes
2260 4014 2336 4059 ac
2379 3992 2805 4077 magistratus

856 4098 1002 4144 esse
1060 4076 1243 4157 velit,
1297 4084 1364 4142 et
1421 4077 1585 4144 alios
1641 4079 1993 4165 primariae
2052 4080 2394 4164 dignitatis
2447 4079 2629 4147 viros
2687 4076 2803 4161 qui

857 4162 1138 4231 caeteris
1196 4162 1491 4245 praesint
1545 4172 1613 4230 et
1666 4164 1960 4250 gladium
2016 4173 2270 4249 gerant,
2338 4183 2467 4248 quo
2530 4170 2806 4230 utantur

859 4250 1035 4317 sicut
1095 4250 1257 4333 ipsis
1320 4247 1507 4314 Deus
1575 4251 1998 4335 praeceperit.
2102 4253 2203 4318 Ac
2267 4249 2559 4317 vicissim
2625 4248 2802 4316 aliud

857 4336 1056 4403 etiam
1114 4357 1155 4401 a
1198 4335 1345 4400 Deo
1404 4335 1749 4418 spirituale
1801 4337 2096 4419 regimen
2152 4337 2584 4403 constitutum
2639 4336 2801 4401 scia-

857 4442 1007 4488 mus
1049 4421 1120 4486 in
1166 4420 1456 4495 ecclesia,
1500 4422 1813 4487 nimirum
1849 4422 2032 4489 verbi
2078 4424 2183 4488 sui
2226 4420 2802 4506 praedicationem,

856 4508 964 4573 cui
1043 4526 1273 4573 omnes
1340 4506 1792 4587 subiicientur,
1868 4515 1935 4574 et
1992 4507 2309 4575 adversus
2386 4505 2559 4590 quod
2622 4507 2805 4573 nulla

855 4591 1127 4660 rebellio
1172 4591 1516 4659 toleretur:
1574 4593 1692 4660 sed
1730 4602 1806 4659 ut
1846 4593 2136 4661 cuiusvis
2169 4592 2558 4661 conditionis
2594 4592 2803 4659 homi-

859 4699 980 4744 nes
1040 4699 1184 4745 sese
1236 4677 1335 4743 illi
1396 4679 1719 4763 regendos
1773 4688 2088 4764 tanquam
2147 4701 2304 4748 oves
2360 4679 2613 4764 pastori
2655 4699 2804 4763 per-

859 4762 1169 4844 mittant,
1227 4764 1413 4830 cuius
1456 4766 1658 4833 unius
1701 4786 1928 4833 vocem
1973 4764 2259 4847 audiant,
2308 4773 2376 4833 et
2418 4785 2806 4851 quocunque

859 4850 1197 4916 vocaverit
1264 4858 1645 4933 sequantur.
1754 4853 1908 4918 Duo
1977 4854 2195 4937 itaque
2258 4852 2360 4918 illi
2437 4852 2701 4917 ordines
2766 4871 2807 4915 a

861 4931 1010 5001 Deo
1053 4935 1391 5002 constituti
1435 4958 1567 5003 non
1612 4938 1790 5004 inter
1831 4960 1902 5004 se
1946 4960 2104 5023 repu
2204 4946 2356 5017 ant
2402 4946 2479 5003 ut
2519 4936 2694 5024 ignis
2739 4945 2808 5002 et

950 5041 1038 5085 ua
1079 5021 1255 5086 inter
1296 5042 1367 5087 se
1410 5033 1570 5089 sunt
1611 5025 1977 5091 contraria:
2021 4961 2255 5091 seffit
2299 5022 2456 5101 dixi,
2500 5046 2608 5090 res
2651 5029 2808 5089 sunt

862 5122 903 5168 a
951 5124 1030 5170 eo
1081 5107 1482 5188 coniunctae,
1538 5118 1621 5175 ut
1667 5131 1804 5176 una
1859 5108 2134 5190 sublata,
2190 5108 2322 5175 alia
2379 5108 2808 5176 vehementer

849 5187 1135 5256 laboret.
1239 5191 1391 5257 Non
1458 5214 1646 5262 secus
1709 5217 1784 5263 ac
1850 5196 1908 5261 si
1974 5195 2120 5278 quis
2185 5194 2448 5261 oculum
2519 5193 2806 5281 cuipiam

2910 661 3177 708 necesse
3241 648 3380 708 est:
3468 650 3582 708 aut
3639 640 4023 710 detruncato
4087 664 4174 710 ex
4237 662 4501 727 corpore
4549 643 4769 726 brachio,

2909 725 3191 793 alterum
3265 725 3462 793 valde
3540 727 3871 807 laborare,
3950 738 4017 794 et
4095 726 4366 813 proinde
4442 729 4632 796 solum
4676 754 4769 799 non

2908 832 3099 896 posse
3152 813 3499 898 utriusque
3554 813 3765 880 labori
3809 814 4131 881 sufficere.
4221 814 4643 896 Quamobrem
4674 839 4771 884 cer

2908 905 3049 965 tum
3107 906 3208 965 est
3264 897 3532 967 Saulem
3588 900 3714 967 sibi
3758 898 4137 966 Samuelem
4203 901 4629 981 associantem,
4674 910 4772 969 tan

2907 1005 3104 1069 quam
3148 984 3277 1051 Dei
3335 985 3743 1070 prophetam,
3801 994 3869 1052 et
3910 985 4239 1053 doctorem
4297 987 4381 1053 ad
4422 987 4635 1053 salutis
4668 988 4774 1056 doc-

2906 1070 3146 1137 trinam
3209 1070 3701 1156 proponendam
3765 1071 4081 1156 optimam
4143 1072 4519 1141 societatem
4577 1074 4772 1140 iniisse:

2906 1155 3452 1240 quemadmodum
3497 1168 3728 1224 contra
3769 1177 3972 1241 quum
4009 1180 4080 1225 se
4113 1159 4195 1225 ab
4231 1158 4459 1225 eodem
4495 1163 4772 1243 separavit.

2906 1250 2976 1308 et
3030 1244 3174 1308 sine
3227 1242 3341 1308 illo
3390 1243 3635 1328 aliquid
3693 1264 3892 1310 ausus
3955 1251 4057 1310 est
4118 1243 4409 1329 aggredi,
4492 1245 4776 1312 infeliciter

2908 1328 3129 1394 omnia
3184 1328 3376 1395 illum
3419 1330 3699 1414 gessisse
3743 1337 3810 1395 et
3853 1327 4313 1396 detestandum
4355 1330 4557 1396 fuisse
4594 1330 4777 1398 videbi

2904 1436 3072 1493 mus,
3117 1434 3320 1499 quum
3367 1415 3476 1481 hic
3517 1435 3917 1500 magnopere
3958 1436 4001 1481 a
4042 1416 4185 1483 Deo
4231 1415 4597 1483 honoretur.
4657 1417 4775 1483 Nam

2908 1498 3209 1584 deinceps
3254 1499 3535 1585 additur,
3589 1501 3721 1569 Dei
3762 1502 4044 1568 timorem
4083 1503 4378 1570 cecidisse
4418 1523 4607 1585 super
4630 1523 4777 1587 popu

2907 1586 3058 1653 lum.
3161 1585 3386 1668 Quare
3449 1584 3673 1653 Saulis
3738 1587 3969 1654 inanes
4025 1599 4297 1655 conatus
4361 1589 4644 1671 fuissent,
4694 1591 4781 1655 nisi

2905 1673 3092 1737 Deus
3167 1672 3579 1756 singulorum
3657 1673 3914 1740 animos
3989 1674 4063 1738 in
4142 1674 4353 1758 ipsius
4418 1674 4781 1741 obedientiam

2906 1758 3356 1825 convertisset.
3444 1756 3632 1824 Idem
3690 1757 3773 1824 de
3814 1758 4363 1826 Nebucadnezare
4417 1759 4780 1845 praedicatur,

2905 1865 3161 1928 nempe,
3206 1851 3418 1909 totum
3453 1844 3775 1909 orientem
3814 1864 4037 1911 coram
4080 1847 4222 1929 ipso
4257 1848 4614 1926 tremuisse,
4651 1856 4781 1912 tants

2906 1930 3034 1996 fuit
3089 1929 3268 1996 illius
3322 1929 3631 1996 maiestas
3675 1938 3746 1995 et
3785 1931 4097 2014 potentia.
4187 1929 4382 2012 Quod
4427 1931 4607 1999 Deus
4644 1934 4781 1997 nimi

2904 2037 3052 2082 rum
3106 2015 3180 2081 in
3236 2023 3492 2082 tantam
3546 2015 3936 2101 dignitatem
3991 2016 4181 2083 illum
4226 2016 4573 2097 evexisset,
4624 2026 4694 2098 et,
4735 2026 4782 2081 ut

2905 2122 3024 2168 suo
3083 2100 3344 2169 decreto
3397 2101 3617 2168 locum
3660 2102 3925 2181 faceret,
3984 2101 4130 2169 eius
4173 2102 4484 2169 timorem
4525 2123 4648 2169 non
4684 2112 4777 2167 tan

2905 2198 3047 2254 tum
3090 2188 3161 2254 in
3197 2187 3516 2267 homines,
3561 2186 3675 2253 sed
3710 2188 3784 2253 in
3818 2187 4060 2255 bestias
4099 2208 4416 2272 agrorum
4450 2197 4519 2255 et
4550 2188 4783 2256 volucres

2906 2273 3120 2341 aerias
3162 2272 3509 2340 iniecisset.
3556 2274 3760 2357 Atqui
3803 2274 3987 2339 nulla
4028 2272 4274 2353 bestiis,
4315 2295 4534 2359 neque
4565 2274 4780 2341 volucri

2908 2359 3030 2425 bus
3087 2360 3263 2426 inest
3324 2360 3523 2425 ratio:
3580 2358 3697 2426 sed
3760 2359 3896 2425 illis
3955 2358 4177 2426 verbis
4219 2359 4413 2428 Deus
4456 2361 4784 2447 significavit

2909 2466 2981 2512 se
3039 2445 3261 2511 omnia
3313 2444 3635 2511 elementa
3690 2465 3766 2512 ac
3820 2466 3927 2511 res
3981 2465 4212 2512 omnes
4264 2454 4524 2513 creatas
4564 2448 4629 2513 in
4664 2444 4783 2512 ordi

2910 2553 3060 2598 nem
3117 2538 3496 2599 coacturum
3554 2538 3621 2597 et
3677 2530 4121 2598 subiecturum
4177 2531 4276 2596 illi
4319 2552 4520 2616 quem
4560 2533 4624 2599 in
4660 2552 4784 2598 sum

2908 2638 3056 2684 mae
3115 2616 3389 2685 alicuius
3449 2615 3788 2702 dignitatis
3845 2615 4125 2703 gradum
4182 2618 4505 2699 evexerit,
4552 2629 4625 2684 ut
4657 2617 4785 2683 nulls

2908 2707 2979 2769 in
3035 2711 3174 2770 toto
3228 2711 3555 2770 terrarum
3610 2703 3766 2770 orbe
3820 2705 3943 2781 vis,
4003 2709 4517 2789 quantacunque
4567 2703 4668 2770 illa
4715 2702 4784 2777 sit,

2911 2790 3169 2857 decreto
3227 2809 3348 2855 suo
3404 2808 3733 2854 remoram
3789 2788 4059 2857 iniicere
4121 2790 4345 2873 possit.
4443 2789 4628 2872 Quod
4680 2809 4783 2855 vero

2910 2875 2991 2942 de
3031 2875 3095 2941 N
3098 2875 3581 2943 ebucadnezare
3637 2874 4075 2958 praedicatur,
4133 2883 4391 2942 certum
4451 2884 4552 2943 est
4590 2875 4660 2942 de
4692 2895 4784 2941 om-

2910 2960 3101 3027 nibus
3146 2959 3432 3045 regibus,
3485 2960 3910 3046 principibus,
3953 2960 4458 3045 magistratibus
4501 2967 4568 3028 et
4602 2962 4786 3046 prima

2907 3048 3047 3114 riae
3113 3046 3454 3131 dignitatis
3518 3046 3682 3113 viris
3750 3045 3897 3113 dici.
3999 3045 4173 3112 Nam
4240 3068 4451 3131 quum
4516 3068 4648 3114 sese
4697 3045 4783 3110 illis

2907 3132 3130 3217 populi
3185 3132 3563 3214 subiiciunt,
3618 3132 3701 3199 ab
3742 3131 3874 3199 illis
3916 3130 4021 3199 ius
4065 3132 4411 3216 accipiunt,
4459 3133 4624 3201 dicto
4657 3132 4783 3198 deni

2907 3240 3035 3303 que
3089 3217 3423 3297 obediunt,
3481 3238 3680 3303 seque
3737 3218 3818 3284 ab
3881 3216 4016 3285 illis
4081 3216 4356 3285 iudicari
4426 3227 4497 3287 et
4557 3216 4785 3286 damnari

2908 3305 3268 3389 patiuntur,
3328 3310 3581 3370 certum
3624 3311 3727 3370 est
3785 3302 4011 3371 divino
4064 3304 4134 3369 id
4191 3314 4379 3371 motu
4427 3314 4498 3374 et
4538 3305 4787 3373 instinctu

2905 3392 3068 3471 fieri,
3123 3390 3236 3474 qui
3293 3388 3668 3456 hominibus
3739 3389 3919 3456 hunc
3989 3389 4292 3457 timorem
4370 3392 4640 3459 immisit
4678 3408 4786 3474 quos

2906 3476 3150 3560 alioqui
3209 3495 3549 3560 nunquam
3609 3495 3751 3542 sese
3795 3474 3942 3541 aliis
3983 3476 4397 3544 subiecturos
4442 3486 4680 3545 certum
4705 3484 4784 3541 at.

2905 3562 3094 3645 Quae
3161 3563 3247 3629 sit
3306 3561 3483 3629 enim
3539 3560 3821 3646 singulis
3874 3561 4248 3628 hominibus
4303 3563 4539 3631 innata
4582 3562 4782 3630 ambitio

2904 3648 3181 3715 scimus:
3226 3654 3293 3713 et
3339 3667 3535 3732 quam
3578 3647 3666 3712 sit
3707 3647 3984 3731 quisque
4028 3646 4499 3717 dominationis
4541 3647 4781 3733 cupidus:

2902 3743 2977 3799 ut
3018 3733 3288 3801 omnino
3330 3734 3419 3801 sit
3460 3739 3737 3799 naturae
3780 3739 4041 3799 nostrae
4081 3735 4511 3817 contrarium,
4560 3734 4782 3803 cervices

2903 3820 3178 3887 alterius
3221 3818 3652 3887 dominationi
3685 3817 4020 3886 subiicere.
4064 3817 4336 3905 Oontra,
4376 3841 4585 3905 quum
4614 3837 4781 3886 veram

2903 3904 3341 3972 obedientiam
3400 3915 3467 3972 et
3510 3904 3978 3971 subiectionem
4021 3903 4292 3990 regibus
4334 3916 4407 3973 et
4451 3905 4782 3992 magistrati

2906 3991 3028 4058 bus
3073 3991 3378 4070 debitam,
3437 3991 3740 4057 homines
3780 3998 4137 4075 praestant,
4176 3992 4616 4060 certissimum
4652 3990 4781 4055 testi

2903 4077 3199 4143 monium
3242 4086 3309 4144 et
3349 4075 3668 4143 indicium
3712 4084 3816 4143 est
3857 4077 3996 4144 eius
4038 4078 4209 4161 quod
4254 4078 4365 4144 hic
4409 4079 4650 4159 dicitur,
4694 4072 4784 4141 Dei

2907 4163 3208 4229 timorem
3284 4163 3357 4228 in
3429 4183 3549 4229 nos
3619 4160 3959 4229 incidisse:
4027 4163 4202 4247 quod
4264 4164 4558 4250 alioquin
4613 4158 4783 4229 subiici

2907 4250 3018 4315 alii
3087 4249 3232 4315 aliis
3297 4248 3597 4316 homines
3662 4248 4013 4333 refugiant,
4079 4250 4209 4315 nisi
4264 4251 4457 4318 Deus
4513 4258 4784 4318 contumi-

2904 4335 3072 4401 ciam
3132 4333 3316 4401 illam
3386 4335 3639 4401 cunctis
3710 4334 4084 4402 hominibus
4143 4335 4442 4402 innatam
4502 4336 4785 4406 rofi-met,

2905 4428 2971 4488 et
3025 4441 3139 4489 cor
3190 4422 3510 4501 immutet,
3566 4429 3644 4487 ut
3700 4442 3845 4488 sese
3901 4441 4038 4487 non
4091 4420 4343 4487 homini
4384 4420 4663 4502 mortali,
4706 4414 4784 4484 ssd

2903 4508 3192 4592 potentis
3233 4507 3367 4573 Dei
3408 4509 3633 4574 manui
3677 4506 4027 4574 subiiciant
4043 4556 4059 4586 ,
4125 4508 4310 4591 quasi
4352 4529 4515 4576 suae
4545 4524 4784 4601 praesep-

2905 4595 3039 4660 tiae
3111 4601 3338 4660 notam
3403 4593 3762 4678 apponenti
3825 4592 3897 4658 in
3961 4592 4329 4659 istiusmodi
4394 4594 4692 4679 personis,
4735 4607 4785 4653 m

2907 4680 3145 4764 quibus
3208 4679 3333 4745 sibi
3407 4676 3722 4746 honorem
3796 4676 4025 4745 haberi
4103 4680 4445 4764 praecipit,
4524 4688 4591 4747 et
4656 4694 4785 4745 sum

2906 4787 3087 4832 mum
3132 4765 3597 4851 imperatorem
3653 4765 3935 4850 agnosci.
4022 4764 4248 4851 Digna
4301 4787 4467 4832 sane
4506 4766 4629 4832 ista
4663 4776 4783 4846 quae

2908 4851 3257 4953 diligenter
3312 4849 3822 4952 cqnsideremus,
3879 4849 4124 4951 multas
4181 4852 4263 4918 ob
4321 4871 4569 4918 causas.
4658 4848 4782 4914 Nam

2905 4958 3074 5090 13
3078 4937 3364 5104 milflzltsos,h
3366 4956 3712 5088 mofggitlilgis

2909 5108 3143 5177 debere
3221 5110 3295 5175 in
3368 5106 3710 5175 hominum
3772 5110 4246 5177 contumaciam
4311 5111 4640 5195 inspicere.
4705 5120 4782 5201 (1311

2907 5195 3071 5281 ipsis
3122 5195 3404 5263 libenter
3458 5194 3856 5275 resisterent,
3916 5194 4033 5262 sed
4086 5198 4160 5263 in
4203 5196 4443 5278 Deum,
4502 5215 4542 5262 a
4593 5210 4703 5278 quo
4732 5204 4782 5252 m
