5059 6059
295 308 389 378 333
1557 309 1656 375 IN
1701 310 1753 375 I.
1801 307 1976 374 LIB.
2023 309 2423 377 SAMUEL.
2474 310 2671 378 CAP.
2716 311 2912 378 xlx.
4091 314 4220 379 334

299 514 352 573 et
382 500 610 588 gladius
653 498 845 564 verbi
891 498 1119 579 divini,
1177 511 1250 565 ut
1296 501 1436 565 Deo
1481 498 1855 566 obedientes
1895 501 1962 565 in
2012 501 2184 567 viam

294 589 479 659 salutis
521 585 645 652 sibi
690 586 1067 651 commissas
1111 605 1267 651 oves
1313 585 1618 671 dirigant.
1666 583 1982 673 (Multum
2031 606 2185 652 vero

294 671 596 743 dissimiles
640 672 784 737 istis
828 681 984 737 sunt
1027 670 1124 736 illi
1169 673 1511 738 sacrificuli
1558 679 1623 737 et
1658 670 2186 754 pseudoprophe-

290 774 386 840 tae,
442 759 546 843 qui
658 766 757 823 ost
822 756 1069 823 obitum
1137 759 1522 824 miserarum
1588 759 1812 823 ovium
1878 779 1995 842 pro
2057 757 2186 822 illis

291 846 613 917 sacrificant
650 894 664 909 .
710 842 906 908 Hanc
950 844 1030 909 ob
1076 863 1338 910 causam
1383 844 1633 910 Paulus
1676 844 2010 910 ecclesiam
2055 843 2184 909 Dei

288 935 386 1000 hoc
432 930 703 1015 insignit
756 930 963 1005 titulo,
1033 940 1105 993 ut
1163 951 1305 995 eam
1368 930 1545 997 dicat
1608 952 1749 996 esse
1814 930 2185 996 columnam

287 1016 564 1085 veritatis.
652 1014 802 1080 Non
848 1014 1134 1099 quidem,
1190 1018 1372 1097 quasi
1420 1017 1543 1082 Dei
1605 1016 1874 1081 verbum
1922 1037 2054 1080 non
2100 1015 2186 1081 sit

284 1107 343 1172 in
380 1123 439 1169 se
477 1102 858 1187 perfectum,
920 1110 985 1165 et
1028 1122 1210 1166 suam
1257 1103 1609 1185 puritatem
1655 1102 1797 1167 sine
1841 1100 2183 1167 hominum

285 1210 449 1275 opera
512 1207 645 1252 non
713 1188 920 1270 possit
984 1188 1297 1253 retinere:
1364 1185 1479 1254 sed
1543 1187 1726 1253 Deus
1792 1209 1869 1252 ea
1933 1189 2185 1253 ratione

284 1275 461 1342 voluit
523 1273 710 1338 nobis
775 1272 1006 1337 salutis
1071 1282 1334 1339 nostrae
1415 1272 1779 1339 remedium
1848 1274 2184 1357 applicari.

282 1362 473 1443 Quare
515 1360 572 1425 si
617 1356 1024 1443 negligentes
1068 1360 1386 1423 fuerimus
1428 1359 1499 1423 in
1543 1359 1838 1424 fovendis
1882 1361 1991 1443 qui
2027 1359 2179 1425 olim

282 1447 461 1513 officio
519 1445 859 1510 doctorum
918 1448 1293 1528 fungantur,
1363 1459 1426 1510 et
1485 1445 1553 1509 in
1611 1445 1693 1510 iis
1753 1444 2063 1511 docendis
2118 1455 2186 1510 et

277 1529 645 1607 erudiendis,
722 1531 1015 1595 futurum
1071 1542 1171 1595 est
1228 1543 1299 1595 ut
1355 1530 1480 1597 Dei
1543 1531 1788 1596 veritas
1844 1531 1912 1595 in
1973 1529 2184 1596 medio

279 1630 544 1684 nostrum
606 1614 967 1682 collabatur
1024 1628 1090 1680 et
1149 1616 1629 1700 exstinguatur.
1706 1617 1796 1681 Et
1848 1626 2076 1682 contra
2129 1616 2185 1680 si

274 1703 477 1771 sedulo
542 1702 715 1767 hanc
781 1700 1142 1768 doctrinam
1212 1703 1714 1780 exercuerimus,
1798 1712 1863 1767 et
1927 1722 2184 1766 omnem

272 1811 475 1856 curam
537 1785 1023 1852 adhibuerimus
1081 1789 1150 1852 in
1208 1788 1654 1853 conservanda
1700 1789 1947 1852 ratione
1991 1807 2185 1871 quam

270 1875 437 1940 Deus
495 1873 827 1939 ordinavit
884 1873 962 1936 ad
1033 1873 1238 1956 ipsius
1297 1874 1660 1939 voluntatis
1730 1873 2186 1958 cognitionem,

268 1969 505 2028 certum
565 1970 665 2024 est
729 1958 866 2023 fore
922 1970 996 2022 ut
1052 1979 1171 2024 sua
1231 1959 1401 2024 dona
1457 1970 1524 2024 et
1565 1960 1843 2045 gratiam
1888 1960 1955 2023 in
2004 1958 2188 2024 nobis

265 2054 508 2132 augeat,
565 2044 800 2127 quibus
842 2045 911 2107 in
968 2045 1172 2127 ipsius
1232 2065 1451 2110 amore
1496 2052 1562 2110 et
1605 2046 1837 2110 timore
1882 2051 2186 2110 constan-

260 2144 356 2198 ter
414 2131 838 2208 retineamur,
925 2151 1007 2194 ne
1070 2151 1361 2214 unquam
1423 2132 1504 2196 ab
1569 2130 1711 2214 ipso
1780 2129 2186 2194 divellamur.

263 2219 604 2283 Praeterea
667 2215 990 2281 discamus
1051 2238 1178 2281 non
1239 2215 1382 2281 ideo
1440 2217 1496 2282 si
1557 2216 1793 2282 desunt
1837 2215 2188 2298 prophetae

260 2302 503 2387 plebem
564 2310 863 2384 oportere
923 2304 991 2365 in
1049 2303 1419 2385 ignorantia
1478 2323 1599 2368 sua
1642 2323 1912 2386 pergere
1957 2310 2025 2366 et
2067 2300 2190 2365 sibi

257 2388 615 2473 indulgere,
675 2385 844 2470 quod
903 2388 1146 2452 factum
1205 2396 1421 2453 tamen
1466 2388 1536 2453 in
1584 2405 1822 2473 papatu
1872 2385 2186 2452 videmus.

252 2474 415 2540 Nam
477 2476 532 2540 si
595 2472 675 2537 de
735 2470 897 2552 Deo,
953 2474 1008 2539 si
1070 2472 1148 2538 de
1205 2472 1356 2550 fide,
1411 2474 1466 2539 si
1526 2473 1605 2538 de
1649 2474 1793 2538 aliis
1839 2470 2187 2538 virtutibus

248 2562 441 2626 fiebat
484 2557 735 2624 mentio
780 2560 1016 2641 quibus
1052 2559 1131 2623 ab
1170 2559 1347 2623 omni
1393 2560 1805 2644 corruptione
1853 2559 1988 2624 vita
2031 2579 2184 2642 pur-

246 2654 531 2731 garetur,
580 2653 647 2710 et
686 2663 725 2707 a
768 2644 1014 2709 mundo
1059 2644 1139 2709 ad
1186 2644 1419 2710 salutis
1453 2646 1630 2710 viam
1667 2643 2182 2728 amplectendam

246 2731 721 2810 retraheretur,
797 2738 939 2795 tum
996 2750 1066 2795 se
1122 2751 1206 2795 ex
1265 2730 1451 2815 plebe
1506 2732 1779 2814 quisque
1837 2728 2187 2796 excusabat

245 2837 375 2882 non
436 2837 584 2883 esse
625 2815 954 2894 clericum,
1014 2837 1148 2881 non
1184 2816 1593 2897 monachum,
1651 2815 1766 2880 illa
1808 2814 1940 2881 illis
1985 2814 2182 2881 relin-

239 2903 506 2986 quenda
550 2902 664 2985 qui
710 2900 879 2967 hanc
938 2902 1406 2985 professionem
1450 2909 1891 2985 susceperunt,
1948 2921 2020 2967 se
2061 2900 2183 2965 mi-

241 3010 464 3054 serum
512 2987 802 3066 idiotam,
848 2989 957 3070 qui
1005 2985 1357 3055 domestica
1403 2996 1659 3054 tantum
1703 2994 1906 3055 curet.
1967 2987 2187 3070 Atque

236 3072 402 3141 haec
469 3075 599 3140 fuit
659 3072 841 3157 vulgi
902 3072 1155 3156 opinio:
1223 3075 1407 3157 quasi
1471 3075 1684 3139 omnis
1748 3073 2058 3138 sanctitas
2123 3081 2189 3135 et

235 3159 351 3225 lux
415 3159 726 3227 veritatis
783 3157 940 3224 solis
985 3158 1116 3225 illis
1160 3158 1651 3225 monachalibus
1695 3159 1995 3225 claustris
2039 3177 2187 3223 con-

233 3247 591 3321 tineretur,
652 3252 718 3309 et
774 3243 1096 3326 reliquam
1157 3246 1332 3311 orbis
1375 3255 1624 3329 partem
1669 3244 2039 3330 ignorantia
2081 3265 2186 3309 oc-

228 3340 535 3415 cuparet.
628 3328 763 3395 Sed
824 3351 1081 3414 quaeso,
1139 3330 1283 3413 quis
1326 3331 1550 3411 nescit,
1607 3331 1819 3415 qualis
1879 3329 2189 3396 sanctitas

221 3417 294 3481 in
344 3416 571 3483 foedis
613 3415 744 3481 illis
787 3415 1019 3482 cloacis
1077 3416 1290 3496 fuerit,
1349 3430 1413 3483 et
1463 3416 1636 3481 inter
1683 3416 1991 3500 profanos
2043 3414 2189 3481 illos

229 3522 604 3587 ganeones,
676 3503 784 3585 qui
846 3521 964 3567 sua
1018 3503 1410 3585 loquacitate
1453 3502 1708 3568 miseris
1750 3503 2022 3569 oviculis
2066 3501 2187 3565 im·

221 3585 657 3672 posuerunt?
715 3587 857 3653 Nae
900 3587 1147 3652 similes
1194 3587 1462 3653 fuerunt
1505 3586 1867 3653 latronibus
1902 3588 2032 3654 illis
2075 3609 2190 3671 per

209 3678 460 3741 orbem
520 3684 852 3739 terrarum
897 3673 1289 3751 errantibus,
1336 3694 1494 3756 quos
1538 3673 1891 3758 Aegyptios
1936 3684 2189 3752 vocant,

211 3761 330 3842 qui
403 3757 781 3843 incognitis
838 3756 1102 3825 vocibus
1161 3770 1227 3823 et
1285 3759 1591 3824 insolenti
1648 3779 1946 3824 sermone
2001 3780 2187 3825 suam

205 3844 736 3931 improbitatem
811 3850 1063 3928 tegunt.
1166 3843 1368 3910 Nulla
1429 3866 1589 3911 sane
1653 3845 1777 3910 fuit
1838 3843 1969 3909 illis
2033 3863 2190 3911 cura

203 3934 594 3997 veritatem
640 3942 708 3996 et
752 3928 1030 3996 salutem
1076 3929 1416 3995 hominum
1462 3931 1532 3995 in
1576 3930 1919 4013 scripturis
1969 3930 2188 3995 iuves·

199 4016 517 4102 tigandi,
569 4017 708 4082 sola
751 4014 885 4080 illis
928 4016 1238 4081 sanctitas
1282 4024 1350 4081 et
1394 4017 1663 4083 scientia
1706 4016 1776 4080 in
1822 4016 2188 4100 magnificis

197 4114 270 4167 et
359 4101 774 4169 honorificis
854 4100 986 4166 illis
1051 4101 1260 4167 titulis
1323 4102 1708 4168 constituta:
1787 4100 1968 4184 plebs
2035 4122 2188 4167 vero

191 4188 575 4256 mandatis
626 4196 1097 4265 sacrosanctae,
1160 4197 1235 4254 ut
1292 4200 1544 4268 vocant,
1603 4187 1833 4252 matris
1884 4186 2190 4253 ecclesiae

184 4296 264 4339 se
327 4282 744 4343 contentam
803 4274 1109 4339 iactabat.
1197 4275 1305 4339 Ita
1363 4275 1696 4359 neglectae
1750 4271 2008 4340 scholae
2046 4275 2190 4339 fue·

185 4372 391 4437 runt,
449 4369 538 4426 et
584 4362 848 4426 invecta
891 4361 956 4424 in
1004 4358 1561 4426 christianismum
1619 4380 1839 4425 crassa
1880 4359 2190 4444 ignoran-

179 4449 306 4513 tia.
419 4445 587 4513 Sed
649 4445 877 4511 demus
934 4445 1299 4511 istiusmodi
1358 4446 1744 4529 impostores
1803 4464 1994 4510 suum
2054 4454 2190 4511 stu·

180 4530 394 4598 dium
449 4530 556 4597 ad
605 4531 789 4596 verbi
825 4531 952 4597 Dei
997 4532 1436 4616 cognitionem
1477 4531 1894 4615 applicuisse:
1942 4532 2191 4596 inutilis

169 4628 444 4684 nmen
543 4616 729 4682 labor
784 4613 1303 4699 quandoquidem
1370 4616 1554 4701 plebs
1611 4616 1942 4682 reiiciebat
2001 4636 2190 4682 verae

169 4704 458 4769 salutis
513 4701 1052 4782 fundamentum,
1098 4724 1330 4786 puram
1372 4713 1598 4786 putam
1637 4725 1721 4768 ex
1764 4701 1943 4768 verbi
1981 4702 2191 4769 divini

161 4790 533 4857 fontibus
605 4788 933 4873 evangelii
978 4789 1438 4873 cognitionem.
1526 4786 1696 4854 Nam
1751 4809 1916 4870 quae
1973 4797 2193 4872 potest

161 4896 332 4941 esse
393 4874 591 4941 fidei
635 4872 956 4941 certitudo
1000 4874 1161 4952 eius,
1205 4875 1314 4957 qui
1361 4873 1443 4937 ab
1487 4873 1701 4939 aliena
1745 4881 2002 4939 tantum
2036 4894 2193 4958 pen-

151 4960 287 5027 det
341 4959 848 5027 conscientia?
897 4963 988 5025 At
1031 4979 1232 5042 quum
1280 4960 1459 5026 Deus
1503 4959 1965 5043 prophetarum
2003 4959 2191 5027 scho-

150 5045 266 5114 las
313 5046 695 5117 instituit,
776 5045 843 5110 ui
875 5046 1168 5112 veritatis
1205 5045 1566 5112 doctrinam
1603 5043 1944 5124 discerent,
1981 5044 2193 5113 voluit

150 5144 224 5199 et
268 5134 511 5219 ipsos
573 5129 721 5196 dein
770 5152 807 5197 e
850 5131 1062 5198 facere
1103 5130 1358 5215 plebem
1393 5130 1582 5197 istius
1615 5130 2004 5216 cognitionis
2039 5151 2188 5216 par-

150 5220 515 5304 ticipem.
642 5216 868 5302 Neque
910 5236 1066 5284 vero
1112 5227 1388 5302 possunt
1429 5238 1674 5297 omnes,
1741 5218 1967 5296 fateor,
2037 5238 2188 5284 esse

2331 498 2644 583 rophetae
2709 501 3133 568 excellentes:
3209 523 3438 569 verum
3505 511 3725 569 tamen
3789 524 4011 569 omnes
4077 523 4220 570 esse

2357 588 2417 651 ei
2484 584 2855 669 discipulos,
2934 597 3011 653 ut
3075 599 3295 655 monet
3360 589 3611 667 Esaias,
3693 596 3982 673 oportet:
4061 610 4216 655 nam

2286 670 2574 755 alioquin
2630 674 2924 739 membra
2981 671 3247 739 Domini
3303 674 3509 741 nostri
3552 675 3702 741 Iesu
3764 674 4010 740 Christi
4078 695 4221 741 esse

2286 779 2413 822 non
2468 778 2832 841 possumus.
2920 759 3089 823 Nam
3151 760 3383 827 Esaias
3440 760 3715 844 loquens
3781 762 3863 826 de
3928 760 4218 837 ecclesia,

2285 864 2448 926 quae
2515 845 2706 909 debet
2770 865 2809 909 a
2873 845 3156 911 Domino
3222 846 3375 912 Iesu
3441 846 3705 913 Christo
3765 855 3832 911 et
3895 845 4220 931 evangelii

2286 927 2761 1012 praedicatione
2803 932 3191 1007 conservari,
3247 933 3357 1011 ait,
3420 951 3645 997 omnes
3687 952 3727 997 a
3769 932 3913 997 Deo
3957 932 4217 998 doctum

2285 1016 2397 1081 iri:
2444 1017 2547 1081 cui
2595 1015 2791 1081 etiam
2839 1017 2923 1082 D.
2971 1015 3300 1083 Iohannes
3343 1019 3683 1096 consentit,
3734 1017 3968 1102 quibus
4001 1017 4221 1083 verbis

2286 1101 2633 1167 ostendunt
2681 1102 2902 1186 quales
2947 1123 3087 1167 esse
3131 1101 3411 1169 debeant
3453 1105 3816 1188 quicunque
3860 1124 3930 1170 se
3973 1103 4042 1168 in
4089 1103 4218 1167 Dei

2288 1187 2667 1270 obsequium
2713 1198 3143 1271 componunt:
3193 1189 3459 1256 minimo
3502 1189 3765 1274 quidem
3804 1210 4029 1255 omnes
4069 1188 4216 1254 doc·

2286 1283 2476 1351 tores,
2538 1271 2717 1358 (nam
2764 1294 2902 1339 esse
2946 1283 3200 1356 oportet
3245 1276 3355 1359 qui
3401 1296 3542 1341 sese
3586 1283 3936 1343 exerceant
3969 1275 4039 1339 in
4075 1275 4221 1339 aliis

2288 1356 2618 1443 docendis)
2662 1356 2774 1424 sed
2812 1368 3027 1430 tamen
3067 1381 3196 1425 non
3236 1362 3499 1444 ignaros
3534 1371 3601 1426 et
3634 1360 3975 1427 brutorum
4011 1361 4219 1426 instar

2285 1443 2599 1529 stupidos.
2685 1444 2854 1510 Nam
2948 1445 3093 1510 lane
3138 1461 3295 1511 sunt
3337 1449 3463 1511 ista
3520 1449 3692 1512 inter
3734 1469 3803 1513 se
3846 1466 4005 1530 repu
4104 1465 4219 1510 an·

2285 1531 2398 1609 tia,
2442 1530 2846 1613 spiritualem
2938 1531 3255 1596 octrinam
3304 1531 3561 1609 habere,
3599 1545 3664 1597 et
3699 1532 3964 1598 interim
4068 1552 4218 1596 eum

2288 1615 2539 1700 precari
2588 1637 2716 1680 non
2754 1637 2958 1699 posse,
3019 1624 3086 1680 et
3129 1638 3553 1701 quaecunque
3596 1619 3674 1684 ad
3720 1619 3927 1704 ipsius
3972 1616 4218 1683 cultum

2287 1703 2708 1786 requiruntur
2749 1701 3071 1786 ignorare.
3119 1702 3295 1767 Sane
3341 1716 3476 1769 tam
3521 1716 3679 1770 sunt
3722 1705 3851 1771 ista
3891 1708 4221 1770 contraria

2288 1807 2485 1871 quam
2528 1786 2705 1870 ignis
2749 1797 2817 1851 et
2860 1807 3047 1871 aqua.

2455 1873 2548 1938 Et
2614 1871 2928 1938 hactenus
2994 1872 3075 1938 de
3139 1874 3473 1958 prophetis
3538 1874 3609 1939 in
3670 1874 3913 1941 Naioth
3970 1870 4215 1939 dictum

2289 1967 2445 2036 esto,
2504 1966 2918 2024 transeamus
2975 1958 3059 2024 ad
3115 1981 3191 2024 ea
3248 1980 3414 2043 quae
3467 1970 3831 2044 sequuntur
3875 1960 3956 2025 de
4000 1957 4220 2037 Saule,

2289 2042 2587 2109 dimissos
2632 2044 2942 2109 nimirum
2989 2045 3070 2110 ab
3114 2046 3254 2128 ipso
3291 2047 3530 2112 milites
3563 2047 3676 2130 qui
3709 2044 4035 2113 Davidem
4071 2065 4219 2129 per·

2289 2138 2738 2213 sequerentur,
2787 2139 2851 2193 et
2892 2127 3195 2195 Naiothis
3239 2153 3378 2197 com
3430 2132 3880 2198 rehenderent.
3926 2131 4036 2196 Ex
4078 2131 4220 2214 qui·

2286 2214 2411 2281 bus
2447 2213 2719 2283 Saulem
2764 2225 3034 2299 apparet
3076 2236 3336 2282 omnem
3442 2220 3501 2282 ei
3537 2218 3836 2283 timorem
3879 2216 4218 2282 abiecisse:

2289 2321 2444 2366 nam
2487 2309 2562 2366 ut
2605 2314 2755 2365 ante
2791 2301 3097 2382 vidimus,
3143 2299 3513 2368 Samuelem
3552 2303 3769 2388 aliqua
3804 2304 4221 2369 observantia

2290 2386 2572 2453 colebat:
2618 2395 2686 2450 et
2724 2387 2982 2469 quidem
3030 2409 3114 2452 ex
3156 2387 3360 2472 ipsius
3404 2389 3773 2473 praesentia
3807 2408 3995 2454 suam
4041 2402 4222 2452 auto-

2291 2475 2552 2538 ritatem
2612 2473 2879 2536 retineri
2938 2474 3392 2556 arbitrabatur,
3456 2476 3616 2541 adeo
3674 2487 3747 2541 ut
3804 2475 3870 2541 vi
3936 2475 4220 2538 retinere

2289 2559 2506 2642 ipsum
2550 2555 2894 2635 studuerit,
2934 2557 3136 2626 donec
3180 2579 3295 2625 ora
3375 2560 3512 2626 allii
3555 2562 3759 2646 ipsius
3802 2559 4220 2628 laceraretur.

2291 2647 2388 2709 Ac
2452 2645 2604 2709 licet
2665 2642 2931 2711 Samuel
2997 2645 3121 2727 ipsi
3182 2645 3275 2712 sic
3360 2655 3687 2714 aceratum
3749 2657 3816 2713 et
3879 2645 4221 2712 effractum

2287 2729 2495 2814 ipsius
2538 2750 2835 2814 regnum,
2894 2730 3303 2814 patefaceret,
3365 2753 3498 2798 non
3543 2742 3762 2798 tamen
3809 2752 4035 2797 ausum
4084 2752 4225 2796 esse

2289 2823 2408 2881 aut
2484 2814 2815 2900 indignari
2879 2826 2995 2880 aut
3060 2837 3367 2902 arguere:
3448 2817 3562 2883 sed
3629 2819 3844 2901 potius
3910 2827 4218 2899 tanquam

2288 2901 2688 2985 superiorem
2732 2901 3000 2984 precari,
3048 2911 3121 2966 ut
3164 2902 3287 2968 sibi
3330 2903 3720 2971 sacrificanti
3762 2901 4037 2980 adesset,
4078 2922 4221 2968 sua·

2288 3007 2416 3071 que
2475 2988 2845 3069 praesentia
2901 2985 3240 3072 dignatum
3300 2988 3773 3055 cohonestaret.
3860 2988 4004 3053 Iam
4064 3008 4219 3053 vero

2290 3091 2494 3155 quum
2556 3071 2874 3138 Davidem
2935 3093 2976 3137 a
3032 3070 3356 3140 Samuelis
3414 3077 3718 3140 societate
3771 3094 3901 3139 non
3960 3081 4222 3140 veretur

2290 3157 2592 3236 avellere,
2649 3177 2721 3223 se
2776 3179 3046 3243 prorsus
3091 3158 3481 3244 depuduisse
3523 3160 3737 3244 palam
3783 3160 3956 3237 facit,
4015 3179 4219 3243 quum

2290 3246 2431 3309 eius
2489 3244 2911 3311 autoritatem
2969 3244 3210 3310 violare
3266 3268 3396 3311 non
3451 3247 3680 3311 metuit
3721 3265 3913 3329 quem
3957 3244 4029 3309 in
4074 3254 4220 3309 tan-

2289 3342 2425 3395 tam
2485 3329 2867 3414 dignitatem
2909 3329 3097 3395 Deus
3154 3343 3483 3409 evexerat,
3544 3340 3736 3415 atque
3796 3331 4011 3414 ipsum
4071 3351 4219 3414 pro·

2290 3415 2636 3497 phetarum
2704 3416 2956 3496 asylum
3028 3416 3285 3483 violare.
3365 3418 3606 3483 Coetus
3664 3417 3837 3483 enim
3906 3424 4050 3482 erat
4112 3416 4219 3483 cui

2286 3500 2474 3566 Deus
2517 3503 2657 3585 ipse
2698 3500 3118 3585 praesidebat,
3179 3522 3253 3569 ac
3298 3501 3569 3586 proinde
3610 3503 3679 3568 in
3725 3523 3850 3587 quo
3893 3501 4221 3568 Davidem

2287 3585 2627 3670 oportebat
2679 3597 2991 3671 tanquam
3049 3589 3116 3652 in
3170 3589 3352 3674 asylo
3412 3599 3629 3653 tutum
3696 3609 3838 3655 esse
3894 3586 3975 3653 ab
4041 3588 4222 3654 omni

2288 3672 2595 3755 periculo.
2699 3673 2876 3739 Sane
2931 3673 3155 3740 nullus
3221 3674 3646 3758 quantumvis
3709 3672 3890 3740 locus
3955 3683 4220 3740 sanctus

2288 3757 2659 3843 perfugium
2720 3780 2861 3825 esse
2905 3757 3097 3825 debet
3136 3760 3474 3845 flagitiosis
3528 3769 3595 3824 et
3636 3758 3968 3826 sceleratis
4013 3759 4220 3825 homi-

2288 3843 2501 3922 nibus,
2563 3854 2634 3908 ut
2690 3844 2810 3909 fiat
2863 3845 3189 3911 latronum
3249 3847 3462 3928 potius
3505 3845 3852 3929 spelunca:
3911 3845 4219 3929 quemad-

2288 3929 2554 3995 modum
2600 3929 2667 3994 in
2711 3940 2956 4080 papatu
2998 3932 3347 4016 contigisse
3393 3928 3706 4010 videmus,
3752 3943 3828 3996 ut
3862 3933 4121 4014 templis
4156 3942 4223 3997 et

2288 4016 2690 4081 coemeteriis
2755 4039 2790 4079 a
2840 4018 2939 4082 usi
3003 4017 3155 4096 sint,
3235 4038 3401 4101 quae
3481 4015 3666 4102 asyla
3752 4017 4220 4101 flagitiosorum

2289 4123 2431 4167 osse
2476 4100 2838 4167 voluerunt.
2899 4101 3032 4168 Sed
3078 4124 3277 4186 quum
3314 4102 3537 4168 David
3571 4102 3669 4168 illi
3707 4123 3777 4169 se
3809 4101 4222 4169 adiunxisset

2291 4188 2474 4253 cuius
2518 4186 2879 4254 ministerio
2924 4187 3085 4253 Saul
3144 4189 3282 4271 ipse
3326 4189 3539 4255 fuerat
3594 4189 3665 4253 in
3710 4210 3781 4254 re
3831 4188 3962 4252 ’am
4008 4186 4215 4271 digni-

2292 4283 2495 4338 tatem
2554 4282 2837 4352 evectus,
2896 4284 2963 4339 et
3006 4294 3199 4358 quem
3252 4277 3528 4359 ipsemet
3573 4272 3732 4341 Saul
3839 4294 4039 4339 onore
4081 4273 4219 4359 dig-

2293 4367 2485 4425 natus
2530 4368 2692 4436 erat,
2748 4359 2953 4423 nimia
3011 4360 3133 4424 fuit
3179 4357 3396 4426 Saulis
3454 4358 3723 4426 audacia
3755 4369 3823 4423 et
3864 4358 4108 4425 iniuria
4150 4362 4219 4425 in

2292 4442 2666 4509 Samuelem
2734 4445 2816 4511 ab
2882 4445 3024 4510 eius
3090 4445 3411 4529 praesidio
3484 4456 3553 4512 et
3628 4444 3831 4511 tutela
3896 4443 4220 4511 Davidem

2292 4529 2574 4596 avellere
2628 4529 2815 4598 velle.
2903 4530 3077 4596 Nam
3132 4552 3333 4615 quum
3390 4530 3657 4599 Samuel
3700 4529 4023 4597 Davidem
4068 4531 4218 4597 Nai-

2293 4616 2468 4682 othis
2525 4635 2676 4681 cum
2734 4616 3071 4700 prophetis
3129 4618 3459 4690 retineret.
3527 4614 3796 4700 perinde
3850 4616 3976 4681 fuit
4031 4637 4108 4684 ac
4165 4618 4222 4682 si

2291 4701 2434 4767 Deo
2472 4702 2596 4785 ipsi
2633 4700 2905 4766 tutelam
2941 4700 3148 4786 ipsius
3183 4703 3627 4782 commisisset,
3662 4710 3725 4767 et
3758 4702 3832 4766 in
3868 4701 4006 4767 loco
4039 4722 4223 4770 sacro

2292 4787 2475 4853 velut
2517 4787 2588 4852 in
2634 4788 2780 4852 forti
2825 4788 3332 4873 propugnaculo,
3391 4800 3458 4852 et
3501 4787 3680 4871 asylo
3727 4788 4053 4854 tutissimo
4096 4789 4225 4855 col-

2291 4872 2589 4954 locasset,
2633 4871 2743 4938 ubi
2787 4873 2912 4939 Dei
2958 4894 3197 4939 nomen
3241 4872 3680 4951 invocabatur,
3727 4882 3793 4938 et
3834 4873 3998 4959 legis
4041 4895 4223 4941 exer-

2292 4958 2512 5025 citatio
2554 4959 2834 5041 vigebat.
2893 4959 3003 5024 Ex
3046 4958 3277 5043 quibus
3318 4957 3530 5043 magis
3573 4959 3910 5044 magisque
3952 4960 4031 5025 fit
4070 4979 4223 5026 con-

2292 5046 2587 5128 spicuum
2636 5042 2905 5111 Saulem
2963 5046 3035 5109 in
3092 5045 3436 5127 reprobum
3498 5065 3765 5110 sensum
3825 5043 4027 5113 fuisse
4069 5066 4221 5113 con·

2292 5131 2552 5216 iectum,
2599 5139 2665 5196 et
2707 5130 2831 5196 Dei
2876 5129 3169 5209 oblitum,
3213 5150 3602 5213 omnemque
3645 5129 4025 5217 religionem
4070 5153 4222 5199 con-

2291 5217 2652 5300 tempsisse,
2711 5236 2912 5301 quum
2970 5215 3037 5281 vi
3079 5214 3405 5281 Davidem
3465 5237 3545 5282 ex
3606 5217 3732 5286 isto
3788 5226 3977 5285 coetu
4018 5217 4227 5285 voluit
