5059 6059
752 286 887 358 463

2456 279 2879 348 HOMILIA
2910 280 3073 348 XX.

4622 279 4740 347 464

755 488 1013 547 trorum
1055 494 1323 543 sensum
1367 482 1436 539 et
1479 471 1890 556 agnitionem
1922 469 2219 550 adducat,
2262 469 2376 553 qui
2411 469 2700 552 alioquin
2805 490 2883 536 eo
2916 470 3128 555 magis
3150 470 3372 536 Deum
3405 492 3528 537 nos
3549 477 4121 555 persequuturum,
4165 479 4235 536 et
4255 490 4526 537 manum
4548 470 4742 554 ipsius

755 565 840 632 ad
885 566 1095 630 levem
1139 559 1424 643 aliquam
1469 560 1727 643 plagam
1774 568 1891 622 aut
1931 556 2287 636 stertimus,
2345 565 2461 621 aut
2502 558 2700 620 etiam

757 653 1025 720 obtusas
1081 668 1273 714 aures
1333 645 1664 710 habemus.
1755 642 2195 725 Quamobrem
2253 641 2525 706 minime
2584 640 2705 707 mi-

759 736 1043 804 randum
1107 743 1238 808 est,
1303 733 1358 798 si
1426 732 1609 796 Deus
1674 730 2009 814 graviores
2075 748 2320 811 poenas
2384 726 2702 804 immittit,

760 818 1314 908 quemadmodum
1382 817 1535 881 olim
1606 837 1723 897 per
1769 814 2000 880 Mosen
2066 815 2355 879 minatus
2412 824 2530 890 est,
2598 812 2703 877 his

761 908 1013 976 verbis:
1067 906 1246 987 Quod
1288 904 1351 969 si
1401 900 1875 968 ambulaveritis
1917 919 2155 966 mecum
2195 905 2433 983 terruere,
2479 903 2536 963 et
2576 918 2704 964 non

757 993 1198 1077 acquieveritis
1237 995 1306 1054 ut
1360 988 1723 1054 auscultatis
1765 986 1945 1067 mihi,
1998 991 2144 1052 tanc
2196 986 2432 1051 addam
2488 989 2702 1050 contra

756 1101 866 1148 vos
898 1079 1164 1162 playam
1206 1075 1556 1157 septuplam
1597 1074 1934 1139 secundum
1966 1076 2219 1153 peccata
2261 1076 2488 1137 vestra.
2558 1070 2702 1134 Etsi

758 1187 917 1232 vero
963 1163 1183 1230 miseri
1237 1162 1334 1225 illi
1377 1161 1489 1243 qui
1536 1171 1756 1224 tamen
1801 1179 1932 1222 non
1980 1159 2050 1223 in
2094 1156 2222 1222 fide
2266 1156 2701 1240 profecerunt,

757 1252 978 1317 Deum
1023 1250 1302 1315 iudicem
1340 1255 1717 1329 agnoscant,
1762 1266 1895 1309 non
1931 1265 2157 1309 omnes
2201 1256 2423 1308 tamen
2459 1264 2541 1308 ex
2579 1242 2704 1307 hac

759 1337 1132 1421 cognitione
1176 1334 1473 1398 referunt
1514 1352 1661 1396 eam
1705 1350 1901 1412 quam
1947 1329 2287 1413 oportebat
2331 1328 2703 1393 utilitatem.

759 1424 937 1490 Nam
994 1420 1250 1504 reprobi
1299 1419 1515 1483 Deum
1572 1416 1800 1500 procul
1841 1436 1882 1479 a
1924 1437 1994 1481 se
2052 1415 2336 1481 libenter
2390 1411 2704 1478 amanda·

761 1520 929 1575 rent.
1019 1507 1157 1573 Nos
1210 1526 1369 1572 vero
1427 1522 1858 1587 agnoscamus
1911 1501 2245 1585 singulare
2289 1500 2417 1564 Dei
2465 1499 2703 1564 benefl-

759 1596 934 1663 cium
992 1614 1193 1677 quum
1251 1590 1334 1656 ad
1395 1603 1809 1672 peccatorum
1867 1589 2267 1672 agnitionem
2320 1585 2706 1650 adducimur

761 1681 1243 1754 afflictionibus,
1287 1675 1605 1759 siquidem
1652 1683 2064 1756 peccatorum
2108 1692 2306 1738 causa
2343 1671 2705 1736 immittun-

760 1766 1101 1833 turaDeo
1148 1763 1422 1838 vindice,
1469 1773 1540 1825 ut
1583 1760 1665 1825 iis
1704 1759 2145 1838 emendemur,
2189 1756 2383 1821 modo
2426 1756 2507 1821 ad
2554 1776 2702 1820 eum

759 1852 1235 1935 confugiamus,
1279 1869 1354 1914 ac
1395 1867 1736 1930 precemur
1779 1854 1856 1910 ut
1892 1844 2126 1910 medici
2161 1854 2381 1926 partes
2416 1842 2706 1924 impleat,

760 1939 1041 2005 vulnera
1084 1955 1324 2001 sanans
1367 1954 1532 2015 quae
1575 1934 1854 2015 ipsemet
1897 1930 2244 2015 imposuit:
2302 1949 2512 2010 neque
2557 1948 2706 2010 per·

759 2027 983 2090 mittat
1043 2033 1116 2088 ut
1159 2041 1324 2104 quae
1367 2023 1505 2101 ipse
1549 2017 1800 2082 dederit
1844 2018 2039 2082 noxia
2081 2015 2266 2080 nobis
2310 2017 2492 2079 fiant.
2585 2015 2704 2078 At·

757 2132 885 2195 que
927 2109 1089 2175 haec
1133 2107 1433 2187 exemplo
1482 2104 2021 2170 Accaronitarum
2067 2100 2394 2180 discenda,
2448 2120 2705 2181 nempe,

761 2196 1097 2280 improbos
1175 2193 1335 2257 istos
1409 2192 1533 2255 Dei
1602 2188 1843 2255 iudicia
1906 2188 2058 2253 licet
2122 2185 2707 2270 apprehendentes,

759 2304 895 2349 non
943 2281 1088 2346 ideo
1133 2292 1353 2344 tamen
1397 2276 1477 2340 ad
1524 2276 1859 2341 meliorem
1902 2275 2155 2356 frugem
2200 2274 2464 2338 reverti.
2530 2271 2703 2336 Nam

761 2369 985 2435 aiunt:
1054 2363 1497 2431 Adduxerunt
1568 2381 1786 2426 arcam
1840 2358 1972 2424 Dei
2029 2358 2235 2424 lsrael
2293 2355 2378 2421 ad
2425 2375 2563 2434 nos,
2630 2366 2705 2420 ιιι

757 2453 1115 2520 interficiat
1179 2470 1297 2513 nos
1361 2459 1425 2512 et
1491 2448 1804 2530 populum
1872 2455 2188 2510 nostrum.
2296 2442 2439 2508 Nae
2502 2463 2702 2525 quum

758 2539 981 2605 Deum
1029 2535 1476 2602 Israelitarum
1522 2534 1933 2608 confitentur,
1993 2532 2053 2597 si
2097 2529 2289 2595 modo
2336 2549 2485 2593 cum
2528 2527 2704 2594 veris

759 2623 1082 2691 Israelitis
1124 2619 1398 2686 eandem
1457 2619 1651 2684 fidem
1708 2618 2045 2695 haberent,
2104 2616 2386 2681 multum
2447 2634 2702 2695 promo·

762 2710 1033 2786 vissent,
1086 2707 1197 2772 vel
1249 2705 1329 2769 ad
1381 2707 1556 2770 viam
1614 2704 1845 2770 salutis
1890 2704 1973 2769 ab
2015 2703 2177 2785 ipsis
2220 2699 2699 2783 requirendam.

761 2795 943 2864 Sane
987 2795 1041 2859 si
1088 2793 1211 2857 hoc
1238 2792 1663 2858 Accaronitas
1699 2790 2017 2866 fecissent,
2063 2788 2419 2870 prophetae
2456 2785 2701 2852 dictum

759 2880 926 2948 illud
969 2879 1452 2961 implevissent:
1500 2878 1579 2941 In
1616 2875 1744 2940 Dei
1788 2874 2237 2942 sanctuarium
2277 2873 2556 2954 ingressi
2600 2893 2703 2937 su·

759 2989 926 3034 mus.
1016 2966 1187 3030 Nam
1246 2984 1317 3028 se
1369 2983 1519 3028 cum
1578 2962 1661 3027 iis
1704 2962 2197 3027 coniunxissent
2238 2960 2353 3042 qui
2398 2957 2481 3023 ab
2523 2956 2702 3022 omni

761 3062 1057 3134 tempore
1139 3050 1446 3116 ecclesiae
1509 3048 1641 3112 Dei
1717 3047 2054 3112 domestici
2133 3057 2339 3110 erant.
2450 3043 2702 3109 Verum

758 3127 962 3224 quum
1003 3136 1217 3201 Deum
1240 3134 1508 3200 Israelis
1551 3133 1910 3212 nominant,
1953 3153 2102 3197 cum
2146 3131 2592 3215 indignatione
2635 3136 2704 3194 et

759 3224 1097 3292 stomacho
1142 3221 1208 3286 id
1250 3221 1517 3311 faci‘unt,
1560 3219 1747 3302 quasi
1793 3218 2048 3285 dicant:
2091 3216 2275 3282 Nihil
2324 3216 2506 3282 nobis
2551 3235 2702 3280 cum

757 3312 872 3377 illo
916 3310 1063 3373 Deo
1106 3305 1479 3373 commercii
1522 3326 1665 3371 esse
1709 3304 2032 3370 volumus.
2116 3302 2398 3369 Interim
2442 3300 2522 3367 ad
2561 3301 2703 3366 eius

760 3398 989 3481 plagas
1030 3394 1517 3470 cohorrescunt‚
1563 3411 1683 3456 nec
1726 3401 1946 3455 tamen
1973 3390 2210 3466 Deum,
2256 3390 2366 3471 qui
2401 3387 2702 3471 percutit,

761 3490 1130 3567 agnoscunt
1171 3499 1314 3544 esse
1361 3478 1577 3542 Deum
1620 3479 2152 3558 omnipotentem,
2197 3475 2386 3540 cuius
2428 3474 2705 3555 imperio

762 3570 873 3633 vel
930 3566 1169 3631 invitos
1227 3563 1512 3639 subesse,
1572 3572 1640 3627 et
1695 3563 1978 3644 reliquas
2036 3582 2141 3625 res
2184 3581 2410 3625 omnes
2453 3575 2705 3625 creatas

764 3661 1082 3735 oporteat.
1188 3651 1291 3714 Ex
1358 3649 1596 3731 quibus
1652 3649 1727 3713 fit
1784 3647 2204 3729 conspicuum
2255 3647 2585 3729 improbos
2642 3655 2706 3710 et

763 3746 1245 3819 contemptores
1289 3734 1494 3799 divini
1542 3734 1836 3799 numinis
1881 3754 2071 3815 saepe
2114 3731 2374 3815 quidem
2432 3733 2576 3816 cogi
2623 3731 2703 3797 ad

764 3824 1171 3889 maiestatem
1250 3822 1453 3903 ipsius
1534 3820 1756 3885 verbis
1827 3816 2220 3903 quibusdam
2288 3816 2704 3895 laudandam,

764 3909 1040 3989 eiusque
1106 3906 1424 3972 iustitiam
1497 3914 1564 3971 et
1635 3907 1991 3987 potentiam
2066 3903 2502 3968 confitendam
2589 3901 2703 3967 sed

767 4012 1111 4076 nunquam
1184 4003 1403 4055 tamen
1479 4012 1556 4055 eo
1614 3991 1925 4055 devenire
1986 3998 2065 4054 ut
2124 4002 2356 4072 sponte
2409 4010 2554 4054 sese
2609 3988 2706 4053 illi

766 4080 1136 4154 subiiciunt,
1202 4076 1317 4142 sed
1383 4077 1603 4160 potius
1666 4076 1924 4141 nullum
1988 4096 2119 4140 non
2179 4083 2487 4140 moveant
2543 4075 2706 4157 lapi-

766 4164 936 4241 dem,
1002 4185 1129 4247 quo
1183 4163 1408 4238 iugum
1470 4164 1611 4227 eius
1659 4162 2016 4227 excutiant.
2106 4162 2244 4226 Nos
2298 4181 2459 4226 vero
2521 4169 2707 4225 tanto

767 4253 979 4334 magis
1022 4259 1278 4332 oportet
1319 4249 1464 4312 istis
1507 4249 1824 4329 exemplis
1868 4247 2126 4312 edoctos
2171 4248 2587 4322 commoveri,
2632 4257 2708 4312 ut

767 4359 896 4420 quo
964 4337 1298 4419 graviores
1361 4355 1601 4416 poenas
1650 4333 1829 4398 Deus
1884 4334 2246 4410 immiserit,
2305 4355 2380 4397 eo
2438 4333 2707 4416 propius

769 4423 851 4488 ad
877 4423 1095 4504 ipsum
1119 4418 1520 4499 accedamus,
1544 4430 1738 4502 atque
1759 4420 1879 4484 sub
1903 4419 2157 4483 alarum
2181 4419 2385 4501 ipsius
2409 4418 2704 4482 umbram

768 4509 1240 4591 confugiamus.
1345 4506 1516 4569 Nam
1583 4507 1639 4570 si
1703 4525 1971 4568 manum
2036 4505 2179 4569 eius
2243 4505 2531 4590 effugere
2585 4524 2707 4568 nos

769 4615 959 4678 posse
1018 4592 1521 4675 speraverimus,
1582 4601 1648 4655 et
1705 4590 1863 4656 alibi
1928 4589 2323 4672 praesidium
2378 4611 2705 4672 quaerere,

769 4701 894 4746 nae
939 4680 1100 4745 satis
1147 4679 1407 4760 longam
1455 4678 1594 4741 eins
1654 4697 1922 4740 manum
1969 4677 2092 4760 ipsi
2138 4696 2266 4758 qua
2310 4677 2417 4740 vel
2462 4676 2529 4742 in
2570 4697 2710 4758 pro-

768 4764 1180 4831 fudissimam
1239 4784 1444 4845 usque
1501 4784 1620 4827 nos
1678 4761 1983 4843 abyssum
2042 4773 2471 4845 persequatur
2513 4784 2707 4844 expe·

771 4854 1036 4924 riemur‚
1084 4866 1160 4914 ut
1204 4850 1300 4912 ait
1345 4849 1695 4933 propheta:
1742 4847 2112 4914 Mirabilior
2155 4853 2248 4915 est
2283 4849 2548 4914 scientia
2580 4854 2708 4930 tua,

769 4958 962 5019 quam
994 4942 1062 5001 ut
1093 4935 1347 5017 fallam.-
1392 4936 1559 5000 edita
1595 4939 1702 5012 est,
1744 4955 1866 4999 non
1890 4954 2156 5016 possum
2187 4935 2558 5016 praevalere
2589 4934 2710 4998 illi.

778 5023 910 5103 Quo
946 5025 1101 5088 irem
1123 5022 1421 5101 aspiritu
1458 5021 1611 5086 tuo?
1657 5026 1771 5085 aut
1802 5040 1923 5101 quo
1960 5042 2003 5084 a
2033 5020 2195 5101 facie
2236 5025 2347 5085 tua
2386 5020 2715 5104 fuyerem?

775 5107 993 5189 Quare
1055 5110 1171 5173 hoc
1231 5108 1563 5172 mentibus
1608 5107 1851 5171 nostris
1895 5105 2092 5170 altius
2135 5115 2236 5170 est
2278 5106 2711 5188 deligendum,

773 5214 900 5277 quo
945 5193 1204 5277 longius
1246 5194 1471 5276 fugere
1515 5214 1554 5258 a
1595 5191 1865 5258 Domini
1908 5200 2257 5275 conspectu
2313 5191 2712 5271 conabimur,

2805 558 3180 641 graviorem
3237 579 3357 623 nos
3413 568 3823 640 experturos.
3912 557 4138 639 Quare
4186 558 4309 623 sub
4353 556 4610 622 alarum
4651 555 4741 640 ip·

2806 644 2945 709 sius
2995 643 3388 725 praesidium
3447 644 3638 709 nobis
3692 643 4202 728 confugiendum
4260 642 4565 719 sciamus,
4626 662 4741 724 quo

2805 729 3087 812 ipsemet
3131 750 3250 794 nos
3293 728 3552 808 invitat,
3598 739 3665 794 et
3708 750 3902 795 suum
3947 733 4233 795 favorem
4282 749 4360 794 ao
4403 728 4744 812 protectio·

2805 835 2957 879 nem
3002 814 3348 898 pollicetur
3393 815 3601 891 nobis,
3644 835 3809 898 quos
3854 835 4011 881 sane
4054 836 4094 881 a
4134 824 4344 880 morte
4377 814 4745 897 redemptos

2805 900 2927 965 sibi
2971 901 3383 982 vendicavit;
3439 920 3514 965 ac
3567 901 3847 983 proinde
3896 901 4117 966 omnia
4160 902 4345 966 nobis
4386 900 4459 966 in
4508 900 4743 967 bonum

2805 996 2874 1051 et
2928 986 3206 1052 salutem
3260 1005 3525 1053 cessura
3567 1008 3650 1053 ne
3695 986 4084 1054 dubitemus.
4175 989 4394 1071 Atque
4435 985 4743 1053 hactenus

2806 1072 2886 1137 de
2929 1071 3334 1138 confessione
3377 1073 3491 1137 illa
3532 1094 3728 1156 quam
3777 1074 3959 1138 Deus
4003 1075 4141 1158 ipse
4177 1073 4596 1139 Accaronitis
4636 1094 4742 1136 ex·

2806 1159 3015 1232 torsit,
3072 1157 3487 1224 metuendam
3549 1168 3614 1224 et
3671 1158 4077 1223 tremendam
4137 1159 4295 1242 ipsis
4344 1179 4588 1241 nempe
4623 1158 4745 1224 Dei

2805 1243 3073 1310 Israelis
3128 1265 3392 1309 manum
3449 1244 3796 1310 adversum
3841 1266 3913 1311 se
3957 1245 4190 1310 duram
4235 1265 4407 1310 esse:
4457 1255 4746 1309 nausean-

2806 1351 2954 1395 mus
3019 1329 3102 1395 ad
3158 1331 3398 1395 iustam
3459 1332 3747 1414 ipsorum
3807 1331 4139 1413 querelam
4198 1330 4281 1396 de
4323 1330 4748 1414 popularibus

2809 1417 2967 1495 suis,
3011 1415 3181 1498 quod
3216 1436 3433 1482 arcam
3458 1418 3583 1482 Dei
3629 1417 4033 1484 adducerent
4075 1415 4160 1482 ad
4193 1439 4264 1483 se
4306 1429 4386 1481 ut
4419 1436 4496 1481 se
4529 1436 4752 1480 suum-

2808 1522 2936 1584 que
2993 1501 3303 1584 populum
3349 1503 3807 1569 interficerent.
3897 1502 4145 1567 Verum
4189 1523 4318 1567 non
4364 1502 4512 1566 ideo
4565 1522 4750 1566 men-

2808 1598 2939 1652 tem
2984 1587 3340 1653 immutant
3380 1590 3450 1653 in
3493 1588 3748 1670 melius,
3793 1609 3922 1653 non
3971 1589 4134 1669 ideo,
4193 1588 4572 1671 quicunque
4612 1607 4751 1652 me-

2810 1682 2921 1738 tus
2963 1694 3072 1739 eos
3118 1674 3452 1750 invaserit,
3500 1695 3786 1740 errorem
3833 1675 4182 1756 pristinum
4246 1684 4634 1756 agnoscunt,
4689 1679 4756 1737 et

2807 1760 2889 1824 ab
2948 1779 3023 1824 eo
3079 1758 3416 1826 recedunt.
3508 1759 3954 1841 Quamobrem
4012 1761 4107 1825 rei
4164 1760 4398 1825 merito
4458 1762 4629 1824 fiunt
4672 1758 4756 1825 de

2805 1847 3213 1912 contumacia
3259 1845 3435 1930 apud
3480 1846 3719 1922 Deum,
3765 1845 3941 1929 quod
3986 1847 4128 1911 eius
4170 1846 4484 1913 virtutem
4522 1845 4755 1910 infini-

2808 1941 2940 1995 tam
3008 1939 3107 1996 tot
3171 1933 3561 1998 testimoniis
3626 1933 3867 2012 edocti,
3949 1939 4173 1998 tamen
4238 1932 4308 1996 in
4375 1931 4760 2014 ignorantia

2809 2024 3086 2101 pergant
3128 2019 3565 2100 pertinaciter,
3622 2027 3689 2084 et
3748 2018 3910 2084 adeo
3967 2018 4296 2084 excaecati
4338 2019 4472 2084 sint
4518 2025 4594 2083 ιιι
4637 2038 4760 2101 po·

2807 2102 2940 2166 tius
2983 2103 3053 2167 in
3098 2103 3387 2169 furorem
3432 2114 3799 2181 vertantur,
3859 2125 4052 2188 quam
4111 2125 4181 2169 se
4235 2104 4306 2168 in
4367 2104 4764 2186 obsequium

2808 2188 2936 2253 Dei
3002 2190 3226 2272 agnito
3268 2210 3488 2255 errore
3530 2200 3944 2275 componant.
4033 2190 4204 2255 Nam
4251 2209 4446 2272 quam
4495 2191 4760 2273 mag-ni·

2807 2275 2926 2340 fiee
2969 2273 3154 2340 Deus
3203 2296 3489 2341 errorem
3525 2277 3832 2359 ipsorum,
3878 2289 3947 2341 et
3979 2296 4263 2341 crassam
4299 2276 4756 2359 ignorantiam

2808 2360 3156 2443 patefecit?
3224 2361 3448 2443 Quare
3512 2384 3710 2445 quum
3771 2382 3923 2427 eum
3967 2382 4320 2446 agnoscere
4363 2361 4580 2426 Deum
4626 2380 4756 2425 no-

2811 2445 3073 2523 luerint,
3117 2447 3302 2512 cuius
3346 2456 3488 2512 erat
3531 2450 3788 2513 infinita
3834 2448 4145 2531 potentia,
4207 2469 4288 2513 ex
4334 2456 4432 2511 tot
4475 2459 4760 2529 tamque

2807 2533 3165 2615 perspicuis
3219 2541 3287 2597 et
3343 2534 3614 2600 minime
3673 2534 3892 2599 dubiis
3949 2534 4336 2599 testimoniis
4391 2532 4556 2616 ipsis
4595 2554 4758 2619 cog·

2807 2619 2966 2697 nita,
3025 2618 3230 2685 donec
3271 2640 3390 2683 suo
3435 2620 3698 2685 tandem
3740 2620 4034 2772 fericulo
4077 2640 4397 2685 summam
4447 2621 4587 2684 eius
4633 2641 4758 2703 po-

2809 2705 3077 2768 tentiam
3123 2705 3378 2787 experti
3424 2719 3599 2786 sunt,
3644 2706 3867 2772 nulus
3909 2727 4068 2770 sane
4111 2706 4519 2772 excusationi
4562 2706 4764 2789 igno-

2808 2791 3059 2854 rantiae
3111 2789 3290 2855 locus
3333 2800 3650 2875 superest,
3710 2789 4254 2877 quemadmodum
4300 2790 4488 2856 facile
4530 2794 4760 2875 quivis

2806 2875 3030 2940 videre
3073 2888 3303 2958 potest.

2978 2961 3344 3043 Pergamus
3399 2963 3706 3046 deinceps
3764 2963 3847 3028 ad
3892 2962 4251 3047 sequentia,
4308 2964 4544 3046 quibus
4587 2961 4762 3030 did·

2809 3053 2918 3110 tur
2938 3095 2954 3125 ,
3011 3047 3260 3112 misisse
3319 3049 3511 3130 ipsos,
3571 3056 3628 3115 et
3666 3069 4068 3133 coayreyasse
4109 3069 4320 3115 omnes
4367 3049 4764 3117 Phili-staco-

2806 3151 2952 3196 rum
2985 3137 3301 3212 satrapae,
3345 3140 3402 3200 et
3431 3136 3709 3201 dixisse:
3754 3135 4073 3201 Dimittes
4105 3155 4322 3202 arcam
4353 3135 4483 3202 Dei
4516 3135 4763 3219 Israffl,

2805 3222 2864 3282 et
2925 3223 3272 3283 revertatur
3332 3221 3406 3286 in
3467 3222 3667 3286 locum
3731 3242 3920 3286 suum
3971 3226 4043 3285 ut
4096 3241 4221 3286 non
4262 3222 4596 3302 interficiat
4641 3243 4766 3290 nos

2803 3324 2945 3370 cum
2998 3304 3232 3387 populo
3294 3311 3523 3372 nostro.
3619 3306 3842 3372 Fiebat
3903 3308 4070 3371 enim
4121 3327 4332 3389 pavor
4391 3309 4614 3373 mortis
4695 3311 4766 3374 in

2804 3390 3078 3472 sinyucis
3139 3389 3414 3471 urbibus,
3496 3398 3555 3458 et
3611 3393 4000 3476 yravissima
4065 3393 4245 3459 valde
4304 3413 4536 3458 manas
4595 3394 4762 3461 Dei.

2806 3475 3065 3557 Quibus
3127 3478 3348 3544 verbis
3405 3479 3714 3545 docemur
3777 3480 4204 3545 Accaronitas
4248 3492 4498 3546 coactos
4543 3479 4764 3548 fuisse

2806 3581 3022 3626 arcam
3096 3565 3463 3630 remittere:
3544 3565 3671 3643 vel,
3738 3576 4077 3648 postquam
4144 3566 4429 3648 primum
4492 3575 4764 3633 terrore

2807 3647 3086 3731 perculsi
3132 3648 3426 3730 fuissent,
3487 3650 3794 3734 deinceps
3839 3649 4086 3733 aliquid
4129 3649 4209 3715 de
4253 3672 4370 3716 suo
4416 3663 4598 3717 metu
4657 3675 4764 3718 re—

2809 3734 3080 3810 misisse,
3140 3743 3206 3798 et
3259 3745 3392 3800 tam
3440 3738 3649 3802 multa
3693 3736 3867 3801 mala
3910 3749 4200 3801 metuere
4245 3736 4535 3802 desiisse.
4629 3743 4768 3804 At-

2806 3841 2929 3902 que
2986 3819 3093 3885 hic
3152 3820 3540 3905 plerumque
3582 3831 3683 3888 est
3726 3843 3865 3888 mos
3909 3821 4412 3902 incredulorum,
4470 3831 4551 3887 ut
4595 3835 4769 3890 ante

2809 3904 3165 3986 docuimus,
3230 3929 3468 3992 nempe
3526 3917 3600 3973 ιιι
3658 3928 4128 3990 nonnunquam
4174 3907 4479 3990 phrenesi
4526 3908 4770 3995 aliqua

2806 3992 3260 4073 corripiantur,
3323 4015 3788 4077 nonnunquam
3835 4005 4104 4058 veterno
4146 3994 4504 4077 sopiantur,
4565 4008 4639 4061 et
4691 4009 4768 4063 ut

2808 4075 3165 4160 phrenetici
3232 4079 3462 4158 solent,
3531 4102 3673 4146 sese
3736 4081 3805 4143 in
3873 4078 4042 4145 hanc
4100 4079 4207 4145 vel
4265 4081 4443 4144 illam
4490 4091 4766 4164 partem

2808 4162 3128 4228 violenter
3196 4176 3666 4230 commoveant.
3756 4166 4231 4230 Verumtamen
4304 4179 4571 4250 oportet
4649 4192 4768 4235 eos

2810 4248 3072 4313 tandem
3153 4250 3282 4316 Dei
3349 4252 3633 4317 vindicis
3699 4260 3767 4316 et
3829 4271 3899 4316 se
3963 4253 4414 4336 persequentis
4477 4273 4762 4321 manum

2808 4334 3071 4420 sentire,
3139 4336 3346 4401 donec
3403 4340 3665 4421 penitus
3724 4336 4128 4403 deiicianmr.
4218 4338 4406 4403 Idem
4463 4341 4766 4406 Accaro-

2809 4421 2966 4485 nitis
3024 4420 3340 4488 accidisse
3399 4424 3711 4505 videmus,
3770 4425 3896 4489 Dei
3955 4422 4272 4506 siquidem
4331 4444 4610 4490 manum
4657 4429 4768 4492 in-

2809 4508 3041 4571 festam
3085 4509 3222 4572 suis
3268 4511 3688 4592 popularibus
3731 4519 3800 4574 et
3844 4510 4183 4574 exitiosam
4221 4510 4423 4575 fuisse
4459 4513 4771 4579 animad-

2811 4601 3095 4670 vertunt,
3160 4593 3283 4659 sibi
3348 4616 3592 4677 suoque
3657 4596 3895 4678 populo
3959 4596 4230 4660 exitium
4288 4607 4618 4676 metuunt,
4691 4601 4770 4664 iu

2810 4698 2993 4742 suam
3040 4679 3266 4743 urbem
3313 4689 3620 4747 recusant
3663 4702 3882 4747 arcam
3929 4682 4107 4746 illam
4154 4681 4278 4747 Dei
4321 4682 4601 4749 Israelis
4641 4683 4768 4749 ad-

2810 4764 3092 4843 mittere,
3149 4786 3341 4847 quem
3400 4778 3635 4851 nempe
3693 4778 3767 4833 ut
3821 4788 4058 4845 rogem,
4119 4777 4368 4850 patrem
4425 4781 4494 4834 et
4536 4771 4772 4836 salva-

2811 4859 3018 4914 torem
3077 4852 3500 4933 respuebant:
3562 4862 3630 4918 at
3681 4853 4113 4918 nihilominus
4169 4863 4391 4919 tamen
4450 4855 4558 4920 his

2817 4936 2991 5014 uitis,
3038 4957 3257 5002 arcam
3295 4937 3668 5016 admittunt,
3708 4961 3901 5021 quam
3940 4951 4093 5005 ante
4127 4949 4512 5006 metuerant.
4561 4875 4771 5010 Uogge

2817 5042 2945 5086 non
3012 5022 3212 5087 fuisse
3276 5023 3423 5090 illos
3491 5026 3559 5090 in
3631 5027 3961 5108 proposito
4015 5027 4241 5090 firmos
4295 5028 4767 5111 conspicimus.

2816 5108 2923 5171 Ex
2989 5129 3116 5191 quo
3180 5108 3509 5186 discimus,
3590 5132 3924 5194 nunquam
3991 5132 4133 5176 esse
4197 5113 4620 5194 pertinaciter
4691 5117 4770 5182 in

2818 5193 2990 5260 malo
3032 5195 3302 5262 consilio
3347 5196 3844 5280 persistendum,
3887 5197 4060 5283 quod
4102 5197 4394 5283 alioquin
4439 5209 4612 5266 esset
4657 5203 4772 5269 fn·
