5059 6059
903 282 1028 347 267

907 475 1041 536 fore
1085 469 1530 534 miserrimam.
1618 466 1840 548 Quare
1883 468 2389 549 quotiescunque
2433 466 2668 532 diaboli
2712 488 2823 551 po-

908 565 1205 621 testatem
1254 554 1536 634 aliquam
1580 554 1650 616 in
1696 571 1815 617 nos
1855 553 2172 629 obtinent,
2216 555 2493 617 sciamus
2527 552 2670 616 Deo
2706 552 2822 616 ha-

907 644 1107 707 benas
1150 640 1412 703 laxante
1456 649 1520 703 et
1554 638 1974 721 permittente
2009 639 2182 702 fieri:
2230 658 2378 702 nam
2417 637 2651 720 alioqui
2686 638 2821 702 sin-

906 727 1078 812 gulis
1134 725 1478 789 momentis
1522 726 1588 787 in
1634 724 2147 805 desperationem
2191 723 2644 787 incideremus.
2735 726 2821 787 At

905 831 1063 877 vero
1108 809 1416 893 quidquid
1463 809 1558 872 illi
1604 811 1744 873 sine
1791 808 1912 872 Dei
1959 810 2274 892 permissu
2321 809 2695 887 moliantur,
2738 809 2821 872 ir·

906 901 1109 962 ritum
1168 916 1307 960 esse
1366 908 1612 960 certum
1656 905 1771 958 est.
1859 893 1966 957 Illi
2008 893 2265 978 quidem
2312 914 2467 959 sane
2508 902 2823 977 perpetua

907 982 1183 1067 quadam
1220 980 1397 1045 rabie
1433 991 1798 1045 aestuantes
1832 988 2126 1044 nostrum
2163 981 2435 1044 exitium
2467 990 2821 1061 quaerunt:

905 1068 1019 1133 sed
1066 1066 1193 1130 Dei
1236 1074 1496 1148 potente
1538 1085 1736 1129 manu
1780 1076 2175 1144 coercentur,
2231 1086 2312 1129 ne
2356 1065 2526 1147 quod
2569 1065 2819 1139 volunt,

907 1153 1179 1237 possint.
1266 1151 1359 1215 At
1414 1153 1468 1215 si
1527 1151 1764 1214 laxarit
1806 1151 1963 1232 ipsis
2005 1150 2188 1214 Deus
2232 1149 2530 1228 habenas,
2591 1170 2821 1233 agnos·

906 1259 1129 1305 camus
1186 1238 1328 1301 Deo
1382 1237 1636 1300 volente
1694 1256 1811 1299 nos
1855 1257 1969 1317 per
2010 1235 2294 1318 ipsorum
2339 1237 2656 1319 castigare
2699 1235 2820 1298 mi·

907 1324 1251 1389 nisterium
1295 1322 1690 1404 contingere.
1780 1320 2004 1402 Neque
2048 1341 2200 1385 vero
2239 1330 2448 1403 potest
2484 1322 2817 1403 quisquam

910 1410 1121 1474 dicere
1189 1427 1394 1489 neque
1452 1407 1734 1470 iudicare
1791 1405 1855 1467 id
1915 1406 2084 1488 quod
2129 1429 2164 1470 a
2216 1408 2351 1470 Deo
2394 1405 2820 1486 proficiscitur

907 1492 1148 1557 malum
1207 1513 1361 1569 esse,
1425 1502 1742 1573 quatenus
1800 1490 1881 1554 ab
1937 1491 2075 1574 ipso
2119 1492 2422 1575 procedit.
2512 1491 2683 1555 Nam
2726 1488 2820 1552 af·

907 1580 1106 1644 flictio
1169 1578 1278 1641 illa
1344 1576 1566 1642 Saulis
1628 1597 1745 1659 per
1808 1575 2055 1641 malum
2120 1578 2420 1660 spiritum
2480 1576 2607 1639 fuit
2648 1576 2821 1638 iusta

868 1664 1036 1728 -Dei
1126 1663 1393 1744 punitio.
1479 1661 1713 1726 Denuo
1797 1660 2011 1742 itaque
2092 1661 2386 1725 videmus
2456 1661 2817 1724 immissum

909 1750 1148 1813 malum
1187 1749 1505 1829 spiritum,
1542 1747 1620 1809 ad
1655 1745 1920 1810 Saulem
1949 1747 2385 1830 affligendum,
2422 1746 2530 1829 qui
2557 1756 2821 1810 vocatur

904 1834 1117 1898 malus
1161 1834 1424 1914 spiritus
1469 1831 1757 1895 Domini.
1845 1831 1983 1895 Nae
2029 1832 2362 1896 hominum
2407 1830 2646 1896 iudicio
2691 1851 2823 1894 ma-

902 1921 1033 1983 lus:
1096 1919 1420 2000 scriptura
1475 1917 1649 1980 enim
1694 1937 1762 1981 se
1807 1916 1884 1980 ad
1931 1929 2191 2000 captum
2237 1926 2529 1980 nostrum
2575 1936 2823 1979 accom-

904 2005 1147 2083 modat,
1207 2014 1275 2067 et
1332 2003 1409 2066 de
1471 2001 1634 2065 bono
1694 2001 1795 2065 vel
1856 2002 2023 2066 malo
2081 2002 2367 2084 loquens,
2422 2022 2500 2064 ex
2560 2012 2822 2066 nostrae

901 2090 1303 2154 infirmitatis
1342 2109 1534 2151 sensu
1572 2096 1637 2150 et
1672 2097 1983 2168 quantum
2022 2088 2447 2169 intelligentia
2476 2106 2819 2168 possumus

906 2176 1184 2256 assequi,
1251 2174 1554 2255 loquitur.
1642 2172 1892 2236 Malum
1958 2173 2127 2236 enim
2189 2172 2459 2237 dicimus
2514 2170 2818 2253 quidquid

907 2259 1090 2325 nobis
1134 2259 1471 2323 molestum
1518 2265 1635 2335 est,
1701 2268 1770 2320 et
1813 2267 2080 2321 naturae
2126 2268 2381 2323 nostrae
2425 2278 2815 2341 repugnans.

909 2350 1179 2408 Aestum
1245 2353 1309 2408 et
1372 2344 1579 2425 frigus
1642 2342 2011 2420 metuimus,
2075 2343 2310 2407 famem
2376 2354 2441 2406 et
2494 2343 2687 2418 sitim,
2753 2353 2819 2406 et

903 2440 1179 2493 mortem
1238 2431 1442 2511 ipsam
1497 2438 1801 2508 tanquam
1859 2426 2364 2492 infensissimum
2407 2437 2473 2492 et
2515 2428 2815 2491 ultimum

907 2515 1156 2578 hostem
1203 2513 1558 2577 horremus.
1649 2512 1736 2575 Et
1777 2513 1870 2576 ita
1911 2512 2198 2595 loquitur
2233 2514 2424 2578 etiam
2463 2514 2817 2595 scriptura:

909 2600 1090 2663 Deus
1156 2602 1326 2663 enim
1394 2600 1483 2661 ita
1548 2596 1883 2662 nobiscum
1949 2599 2243 2675 balbutit,
2327 2597 2528 2662 veluti
2596 2601 2815 2661 nutrix

907 2684 1217 2766 quaedam
1272 2704 1417 2749 cum
1473 2682 1849 2748 infantibus.
1940 2682 2161 2762 Quare
2218 2704 2365 2747 cum
2422 2684 2528 2748 hic
2582 2681 2819 2747 dicitur

904 2770 1171 2851 spiritus
1217 2768 1422 2832 malus
1459 2766 1725 2832 Saulem
1762 2769 2089 2846 afflixisse,
2134 2767 2492 2835 cavendum
2529 2788 2817 2834 summo·

907 2875 1057 2937 pere
1101 2875 1182 2919 ne
1225 2854 1350 2936 ipsi
1394 2853 1536 2918 Deo
1579 2854 1834 2936 culpam
1880 2854 2078 2918 ullam
2124 2853 2537 2929 ascribamus,
2606 2874 2817 2937 neque

905 2940 1217 3004 adversus
1287 2941 1496 3021 ipsum
1555 2938 1983 3020 obloquamur
2037 2940 2218 3022 quasi
2274 2938 2518 3003 malum
2578 2939 2818 3002 immit-

905 3036 1091 3091 teret.
1180 3023 1351 3089 Nam
1395 3024 1451 3088 si
1496 3025 1620 3088 Dei
1664 3023 1973 3089 iudicium
2016 3026 2082 3088 in
2121 3023 2387 3091 Saulem
2423 3025 2817 3107 intueamur,

904 3131 1181 3192 aequum
1240 3120 1307 3174 et
1364 3110 1601 3173 iustum
1661 3109 1844 3174 illum
1886 3129 2029 3175 esse
2071 3110 2347 3175 iudicem
2390 3110 2815 3186 inveniemus,

901 3195 981 3259 ob
1025 3216 1133 3261 eas
1176 3214 1401 3260 causas
1444 3214 1602 3275 quas
1645 3205 1836 3259 antea
1876 3194 2168 3278 pluribus
2207 3196 2647 3278 exposuimus.
2695 3194 2816 3259 At·

902 3283 1010 3363 qui
1051 3300 1251 3363 quum
1299 3278 1460 3346 Saul
1504 3286 1851 3345 vexaretur
1893 3278 2123 3354 denuo,
2169 3280 2406 3345 dicitur
2437 3280 2648 3345 malus
2683 3280 2816 3361 spi-

902 3368 1064 3430 ritus
1124 3365 1390 3429 Domini
1449 3364 1642 3430 fuisse
1699 3386 1737 3428 a
1800 3384 1924 3446 quo
1967 3376 2243 3430 vexatus
2286 3367 2388 3431 sit.
2478 3364 2655 3430 Sane
2698 3365 2814 3429 bo-

902 3451 1152 3514 minum
1211 3460 1506 3530 respectu
1565 3460 1630 3514 et
1672 3470 1751 3515 ex
1798 3449 2061 3513 illorum
2105 3471 2298 3515 sensu
2342 3461 2409 3514 et
2451 3451 2814 3534 apprehen-

902 3536 1083 3600 sione
1143 3537 1370 3599 malus.
1461 3534 1637 3599 Hinc
1692 3535 1892 3617 igitur
1948 3534 2271 3601 discamus
2332 3556 2527 3618 quam
2582 3536 2816 3600 misera

903 3622 988 3685 sit
1052 3620 1384 3684 hominum
1452 3642 1491 3684 a
1557 3620 1697 3684 Deo
1763 3620 2215 3685 derelictorum
2278 3620 2580 3686 conditio.
2672 3621 2817 3685 Nisi

904 3706 1078 3768 enim
1124 3706 1325 3787 ipsius
1368 3705 1601 3786 spiritu
1645 3726 1967 3789 regamur,
2025 3727 2062 3770 a
2107 3705 2362 3772 diabolo
2406 3727 2522 3772 nos
2566 3716 2817 3789 oportet

905 3787 1234 3872 possideri,
1281 3792 1546 3871 fierique
1590 3791 1796 3871 ipsius
1841 3791 2193 3873 mancipia:
2250 3812 2381 3855 non
2426 3801 2644 3856 tamen
2690 3792 2816 3856 nisi

906 3886 1220 3957 quantum
1266 3875 1389 3956 ipsi
1437 3874 1615 3939 Deus
1659 3877 1974 3957 permittit
2017 3888 2081 3939 et
2125 3875 2408 3941 habenas
2444 3877 2641 3943 laxat.
2686 3876 2814 3941 Ne·

905 3979 1031 4042 que
1095 3961 1269 4024 enim
1329 3959 1620 4024 diabolus
1677 3961 1920 4026 rabiem
1979 3982 2162 4025 suam
2207 3963 2269 4026 in
2318 3980 2540 4027 omnes
2584 3982 2816 4044 aequa-

902 4045 1052 4109 liter
1091 4055 1375 4109 exercet:
1438 4056 1882 4110 verumtamen
1926 4048 2051 4111 nisi
2098 4046 2220 4111 Dei
2264 4047 2582 4129 praesidio
2638 4056 2815 4129 tega-

904 4151 1052 4195 mur
1110 4142 1175 4193 et
1231 4129 1309 4194 ab
1355 4131 1494 4213 ipso
1538 4151 1855 4213 regamur,
1909 4140 2156 4196 certum
2202 4144 2301 4196 est
2342 4133 2553 4215 ipsum
2600 4131 2811 4196 diabo-

903 4217 1038 4280 lum
1083 4216 1150 4279 in
1198 4236 1313 4280 nos
1349 4216 1741 4279 intraturum
1780 4229 1845 4279 et
1882 4217 2225 4300 tyrannide
2264 4228 2677 4282 vexaturum:
2724 4237 2815 4295 ac,

905 4302 1056 4366 licet
1115 4322 1243 4364 non
1302 4301 1522 4366 statim
1570 4301 1960 4383 percipiatur
2002 4303 2138 4367 eius
2186 4306 2495 4386 tyrannis,
2554 4303 2814 4367 tandem

903 4400 1120 4451 tamen
1178 4396 1622 4468 regnaturum.
1710 4385 1901 4451 Hanc
1957 4385 2037 4450 ob
2089 4409 2351 4453 causam
2397 4389 2591 4453 etiam
2638 4390 2814 4470 prin-

902 4494 1053 4554 ceps
1131 4472 1353 4536 mundi
1432 4472 1696 4535 dicitur:
1777 4481 1841 4534 et
1919 4493 2033 4536 nos
2097 4473 2277 4539 Deus
2342 4484 2565 4539 noster
2631 4473 2817 4539 Iesus

904 4559 1206 4623 Christus
1251 4557 1448 4633 docet,
1495 4558 1704 4639 ipsum
1743 4557 2045 4639 quamdiu
2084 4559 2262 4623 furor
2295 4559 2433 4624 eius
2469 4581 2601 4623 non
2639 4558 2815 4624 cohi-

907 4645 1110 4721 betur,
1148 4643 1512 4726 triumphos
1548 4643 1778 4721 facere,
1818 4643 2111 4707 homines
2134 4644 2575 4728 opprimendo.
2622 4644 2813 4724 Quod

904 4729 1320 4810 conspicuum
1380 4740 1478 4792 est
1536 4726 1657 4793 hoc
1700 4726 1917 4793 Saulis
1956 4731 2271 4812 exemplo,
2339 4730 2510 4813 quod
2555 4727 2815 4813 quidem

905 4813 1234 4897 singulare
1280 4814 1517 4892 aliquid
1564 4834 1718 4895 prae
1751 4815 2021 4879 caeteris
2057 4812 2285 4879 habet:
2327 4816 2439 4880 sed
2475 4826 2694 4880 tamen
2731 4835 2816 4879 ex

905 4919 1030 4979 quo
1088 4898 1392 4983 generale
1450 4898 1623 4963 istud
1676 4899 2064 4983 principium
2111 4902 2469 4966 necessario
2512 4900 2815 4984 colligen-

906 4983 1081 5062 dum,
1138 5005 1255 5048 nos
1311 5006 1350 5048 a
1380 4983 1641 5064 Satana,
1700 4987 1825 5048 nisi
1883 4988 2166 5050 furorem
2223 4988 2359 5051 eius
2420 4988 2597 5052 Deus
2641 4985 2816 5051 cohi·

907 5068 1104 5148 beret,
1160 5081 1469 5152 perpetuo
1528 5079 1593 5133 et
1649 5071 1789 5135 sine
1840 5072 1970 5135 fine
2027 5082 2334 5136 vexatum
2380 5072 2480 5137 iri.
2570 5071 2815 5152 Quam-

905 5153 1125 5219 obrem
1167 5156 1482 5238 singulari
1528 5155 1654 5219 Dei
1699 5156 2007 5221 beneficio
2048 5177 2201 5241 erga
2243 5178 2360 5222 nos
2401 5158 2545 5223 fieri
2590 5177 2817 5239 agnos-

2495 276 2903 345 HOMILIA
2950 277 3234 344 LXVII.
4655 282 4739 347 268

2924 485 3164 541 camus,
3208 464 3265 530 si
3308 465 3560 531 ratione
3603 477 3668 530 et
3708 466 4141 550 intelligentia
4183 468 4471 546 fruimur,
4509 476 4746 533 mentem·

2925 571 3052 634 que
3110 553 3480 629 retinemus,
3538 551 3802 634 eiusque
3844 551 4160 635 praesidio
4228 563 4292 617 et
4354 552 4642 619 custodiae
4671 575 4747 621 ae·

2922 645 3180 718 ceptum
3241 637 3528 702 feramus
3589 637 3985 715 beneficium,
4045 649 4112 702 et
4166 640 4225 703 ei
4286 636 4524 703 debitas
4570 641 4748 723 gratiss

2923 741 3208 805 agamus.

3089 805 3281 885 Quod
3348 827 3502 871 vero
3557 809 3874 890 sequitur:
3959 807 4213 872 Saulem
4273 828 4317 871 a
4377 807 4533 873 malo
4582 810 4753 888 spiritu

2918 896 3222 971 motum,
3256 891 3654 973 prophetasse
3695 895 3764 957 in
3799 893 4235 959 mediodomus
4254 913 4421 973 suae,
4465 913 4581 958 non
4598 895 4671 959 sie
4686 896 4753 957 in·

2921 977 3364 1060 telligendum,
3407 978 3588 1059 quasi
3638 979 3813 1043 Deus
3859 999 4007 1042 eum
4050 1001 4168 1043 suo
4205 980 4465 1043 nomine
4496 979 4647 1061 loqui
4676 999 4757 1043 vo·

2920 1061 3133 1138 luerit,
3205 1083 3410 1145 neque
3479 1065 3661 1144 quasi
3734 1062 4109 1146 prophetiae
4166 1065 4404 1128 donum
4461 1067 4755 1146 accepisset,

2920 1147 3109 1228 quale
3174 1146 3437 1212 Samuel
3503 1159 3570 1212 et
3635 1149 3864 1230 reliqui
3930 1168 3968 1211 a
4030 1151 4170 1214 Deo
4237 1151 4412 1213 missi
4455 1152 4757 1232 prophetae.

2920 1232 3071 1296 Vox
3116 1234 3285 1296 enim
3333 1232 3443 1296 illa
3477 1233 3814 1314 prophetae
3855 1235 3922 1297 in
3960 1235 4161 1299 sacris
4195 1235 4446 1299 diverse
4479 1236 4756 1315 accipitur:

2922 1317 3456 1401 quemadmodum
3502 1317 3736 1383 dicitur
3777 1320 4146 1384 seductores
4181 1320 4246 1384 in
4284 1321 4535 1384 nomine
4566 1318 4760 1384 Baalet

2920 1404 3208 1467 omnium
3269 1402 3536 1467 aliorum
3582 1403 3900 1468 idolorum
3948 1404 4380 1488 prophetasse.
4468 1405 4550 1468 Et
4589 1405 4759 1468 memi-

2921 1491 3093 1553 nisse
3137 1486 3441 1553 debemus
3485 1487 3652 1570 quod
3696 1500 3918 1554 monet
3961 1490 4211 1555 Paulus
4254 1490 4589 1572 apostolus,
4626 1509 4758 1572 mag·

2921 1594 3070 1637 nam
3109 1594 3248 1638 esse
3282 1575 3454 1638 inter
3488 1574 3784 1639 homines
3820 1576 4134 1639 donorum
4173 1586 4238 1640 et
4273 1576 4577 1639 virtutum
4601 1573 4762 1638 diver·

2921 1660 3199 1734 sitatem,
3262 1678 3428 1741 quae
3487 1670 3717 1723 tamen
3762 1662 3981 1724 omnia
4038 1662 4527 1744 proficiscuntur
4564 1658 4634 1723 ab
4668 1680 4762 1722 uuo

2920 1754 2985 1807 et
3044 1743 3266 1808 eodem
3332 1743 3512 1809 fonte
3578 1754 3642 1808 et
3705 1746 4117 1829 scaturigine,
4182 1766 4411 1827 nempe
4468 1747 4642 1810 unico
4676 1744 4765 1808 Dei

2921 1840 3143 1894 sancto
3188 1829 3443 1911 spiritu,
3488 1851 3526 1893 a
3559 1850 3686 1911 quo
3719 1832 3937 1896 omnia
3972 1832 4139 1896 bona
4173 1841 4458 1895 manant.
4544 1830 4764 1893 Verum-

2923 1924 3138 1977 tamen
3193 1915 3495 1997 quoniam
3551 1915 3917 1982 seductores
3975 1925 4041 1980 et
4096 1917 4475 1998 impostores
4517 1915 4615 1998 qui
4650 1914 4769 1978 falso

2920 1998 3045 2063 Dei
3093 2019 3324 2062 nomen
3351 2010 3855 2082 praetexuerant
3878 2002 4051 2067 hunc
4078 2001 4536 2084 prophetarum
4560 1998 4769 2064 titulum

2922 2094 3339 2167 usurparunt,
3398 2104 3580 2150 sacra
3631 2086 3827 2150 etiam
3870 2086 4193 2169 scriptura
4234 2107 4374 2150 sese
4418 2084 4499 2149 ad
4540 2103 4770 2149 commu·

2921 2190 3068 2233 nem
3130 2169 3466 2234 bominum
3526 2191 3785 2235 sensum
3831 2171 4287 2236 accommodat.
4375 2170 4616 2236 Idcirco
4653 2167 4773 2234 Saul

2923 2253 3338 2337 prophetasse
3395 2255 3647 2332 dicitur,
3707 2276 3838 2320 non
3894 2270 4108 2321 tamen
4162 2267 4235 2322 ut
4290 2255 4507 2320 David
4550 2253 4773 2337 propbe-

2923 2341 3103 2416 tavit‚
3152 2359 3280 2403 non
3326 2350 3398 2403 ut
3440 2340 3727 2418 Samuel,
3773 2364 3905 2406 non
3944 2342 4218 2424 denique
4255 2353 4328 2406 ut
4365 2342 4525 2405 alias
4559 2342 4776 2422 ipsemet

2921 2423 3081 2490 Saul
3142 2445 3339 2506 quum
3398 2425 3463 2488 in
3512 2447 3729 2509 regem
3773 2427 4015 2492 electus
4058 2437 4244 2503 esset,
4312 2437 4386 2489 ut
4430 2437 4616 2491 antea
4650 2422 4775 2487 vidi-

2921 2528 3098 2574 mus:
3144 2510 3253 2574 sed
3299 2510 3739 2577 enthusiasmo
3783 2512 4057 2595 quodam
4094 2513 4472 2591 concitatus,
4516 2518 4578 2574 et
4607 2510 4779 2573 furore

2918 2595 3200 2678 percitus
3239 2596 3364 2658 fuit
3407 2607 3470 2660 et
3515 2606 3700 2661 extra
3744 2617 3813 2661 se
3855 2599 4122 2680 positus,
4180 2608 4247 2661 et
4290 2597 4603 2661 fanaticas
4639 2614 4777 2658 reve·

2917 2681 3192 2745 lationes
3236 2680 3465 2745 habuit
3504 2691 3572 2747 et
3613 2683 3899 2765 protulit.
3988 2682 4212 2765 Itaque
4254 2682 4526 2746 minime
4561 2680 4780 2744 dubium

2919 2776 3018 2831 est
3059 2766 3215 2847 quin
3263 2765 3421 2831 haec
3467 2787 3593 2832 vox
3632 2769 3955 2833 contraria
3997 2768 4090 2831 illi
4134 2770 4221 2832 sit
4262 2768 4340 2830 de
4386 2787 4516 2849 qua
4549 2764 4779 2829 diximus

2920 2861 3129 2915 antea.
3219 2850 3437 2931 Quum
3512 2852 3685 2916 enim
3759 2852 4135 2937 designatus
4192 2874 4231 2917 a
4287 2852 4434 2916 Deo
4492 2871 4607 2916 rex
4652 2858 4782 2913 esset

2919 2935 3384 3013 Israelitarum,
3429 2936 3611 3003 Deus
3647 2947 3721 3002 ut
3755 2939 4162 3003 autoritatem
4200 2938 4295 3001 illi
4328 2937 4704 3011 conciliaret,
4738 2944 4782 2995 et

2920 3021 3250 3086 electionis
3291 3022 3498 3103 ipsius
3541 3034 3788 3088 cert-um
3824 3034 3891 3089 et
3923 3023 4363 3088 indubitatum
4401 3021 4569 3105 apud
4605 3038 4781 3083 omnes

2920 3116 3206 3170 exstaret
3238 3107 3679 3172 testimonium
3717 3108 3917 3173 voluit
3950 3110 4162 3192 ipsum
4187 3107 4593 3191 prophetare.
4636 3106 4783 3170 Dono

2921 3193 3137 3273 itaque
3171 3190 3283 3255 illo
3318 3193 3693 3274 prophetiae
3730 3194 3889 3259 Saul
3920 3214 4309 3276 magnopere
4332 3207 4435 3257 est
4458 3192 4781 3259 honoratus,

2920 3277 3227 3358 Deusque
3281 3279 3689 3342 autoritatem
3734 3279 3826 3343 illi
3871 3281 4223 3343 maximam
4266 3299 4344 3342 ea
4387 3278 4634 3342 ratione
4671 3294 4785 3339 oon·

2918 3362 3180 3438 ciliavit,
3239 3360 3487 3426 homini
3548 3364 3724 3446 prius
3768 3365 4007 3429 rustico
4050 3364 4201 3429 vilis
4244 3374 4312 3428 et
4354 3363 4635 3429 abiectae
4670 3379 4783 3424 con·

2918 3446 3195 3521 ditionis,
3243 3467 3424 3533 ,quae
3476 3447 3542 3511 in
3602 3457 4043 3532 contemptum
4101 3448 4273 3530 apud
4332 3448 4577 3513 multos
4617 3448 4784 3529 ipsum

2919 3531 3233 3597 adducere
3299 3533 3626 3613 potuisset.
3715 3533 3936 3613 Quare
4001 3545 4073 3598 ut
4138 3534 4425 3617 dignitas
4492 3533 4664 3615 regia
4714 3529 4783 3591 illi

2916 3618 3354 3693 confirmetur,
3408 3627 3475 3681 et
3531 3619 3847 3685 divinitus
3905 3619 4177 3684 electum
4233 3617 4603 3683 indubitato
4641 3616 4784 3707 signe

2919 3702 3158 3785 singuli
3224 3715 3632 3785 cognoscant,
3696 3725 3844 3768 eum
3909 3705 4092 3768 velut
4154 3705 4221 3768 in
4280 3703 4645 3788 praesentia
4692 3699 4785 3762 Del

2920 3789 3059 3852 sisti
3104 3789 3405 3869 oportuit,
3447 3798 3515 3851 et
3556 3809 3771 3854 coram
3814 3789 3954 3872 ipso
3998 3789 4403 3872 prophetare.
4496 3789 4632 3853 Iam
4669 3802 4784 3849 vero

2918 3882 3375 3938 exauctoratus
3419 3893 3458 3936 a
3506 3874 3797 3948 Domino.
3857 3875 3970 3957 qui
4012 3895 4287 3958 regnare
4328 3875 4550 3957 ipsum
4592 3870 4787 3935 diutius

2920 3978 3048 4022 non
3108 3958 3266 4037 vult,
3326 3978 3440 4040 per
3491 3959 3840 4024 intervalla
3884 3961 4169 4042 quietem
4212 3960 4502 4042 aliquam
4546 3954 4783 4040 percipit

2919 4041 3031 4108 sed
3108 4043 3201 4108 ita
3266 4054 3484 4107 tamen
3548 4053 3625 4108 ut
3688 4052 3901 4110 ratum
3965 4044 4092 4109 Dei
4159 4045 4493 4110 decretum
4558 4052 4786 4111 maneat,

2920 4140 3215 4210 oportere
3282 4130 3348 4192 in
3415 4129 3772 4212 ignominia
3829 4141 3893 4193 et
3946 4129 4258 4195 dedecore
4314 4130 4537 4213 ipsum
4595 4129 4785 4195 vivere,

2919 4233 3196 4295 suosque
3261 4225 3548 4296 posteros
3606 4216 3789 4297 regni
3833 4217 4232 4281 successione
4273 4215 4543 4298 privari.
4623 4212 4788 4277 Tanta

2919 4300 3140 4380 itaque
3196 4300 3468 4362 mutatio
3527 4298 3694 4364 facta
3750 4311 3851 4365 est
3907 4300 4145 4375 Saulis,
4198 4308 4272 4365 ut
4313 4302 4424 4382 qui
4472 4300 4649 4383 prius
4682 4302 4786 4358 erat

2920 4386 3127 4449 instar
3170 4384 3401 4467 angeli,
3457 4405 3632 4450 nunc
3673 4388 3742 4448 in
3801 4385 4147 4469 reprobum
4193 4405 4463 4450 sensum
4510 4384 4785 4451 coniectus

2919 4473 3022 4553 sit,
3080 4480 3146 4534 et
3199 4470 3660 4535 abominationi
3714 4471 3802 4535 sit
3857 4470 4174 4549 omnibus,
4231 4481 4297 4535 et
4352 4471 4679 4535 horrorem
4714 4468 4784 4559 iu·

2921 4555 3250 4619 tuentibus
3310 4564 3443 4619 tam
3502 4558 3687 4621 triste
3729 4557 4164 4638 spectaculum
4208 4567 4276 4620 et
4317 4556 4683 4638 exemplum
4716 4549 4784 4612 ὼ·

2923 4642 3218 4705 vinorum
3273 4640 3653 4706 iudiciorum
3698 4642 3960 4707 adferat.
4050 4642 4153 4706 En
4199 4640 4278 4706 de
4320 4661 4455 4724 qua
4500 4635 4785 4724 prophetin

2921 4726 3026 4792 hic
3067 4736 3317 4809 agatur.
3408 4726 3748 4792 Discamus
3783 4728 3998 4809 itaque
4035 4748 4162 4790 non
4201 4736 4502 4811 oportere
4543 4746 4653 4789 nos
4680 4737 4783 4785 esne

2918 4822 3251 4878 contentos
3294 4811 3508 4893 aliquo
3552 4812 3742 4876 titulo
3787 4824 3852 4876 et
3894 4814 4081 4896 signo
4124 4832 4467 4877 servorum
4516 4811 4654 4887 Dei,
4702 4802 4782 4871 sed

2918 4916 3056 4961 esse
3107 4916 3335 4961 revera
3377 4897 3541 4961 tales
3584 4897 3802 4977 quales
3847 4897 4071 4962 haberi
4114 4898 4417 4963 volumus
4464 4908 4531 4960 et
4572 4909 4781 4979 agnoefl

2921 4984 3040 5047 Dei
3069 4982 3241 5047 servi
3285 4992 3350 5047 et
3392 4983 3531 5047 filii.
3594 4981 3767 5048 Sane
3803 4982 4126 5066 Oaiaphas
4162 4982 4359 5048 semel
4397 4977 4781 5066 prophetavit

2917 5089 3125 5150 neque
3164 5077 3382 5132 tamen
3417 5069 3626 5150 ipsum
3664 5078 4001 5151 propterea
4040 5069 4425 5152 prophetam
4451 5066 4777 5132 dixerimus:

2918 5174 3048 5236 qua
3091 5153 3160 5217 in
3204 5174 3274 5218 re
3310 5174 3493 5218 suam
3527 5153 3866 5217 stultitiam
3887 5154 4169 5236 produnt
4186 5153 4496 5236 papistici
4517 5152 4779 5221 doctores,
