5059 6059
802 295 936 368 335

810 496 1037 556 umen
1083 483 1193 552 isti
1240 489 1581 567 tantopere
1625 482 2052 567 neglexerint,
2100 490 2175 549 ut
2219 489 2403 550 tanto
2448 482 2764 552 dedecore

815 575 989 643 affici
1032 571 1210 658 passi
1255 568 1435 636 sint?
1526 568 1967 650 Quamobrem
2024 568 2373 654 diligenter
2424 570 2611 637 nobis
2655 591 2761 637 ca-

812 661 1124 737 vendum,
1191 677 1275 723 ne
1339 656 1447 721 hic
1510 656 1788 720 nimium
1855 657 2040 722 nobis
2098 656 2580 739 indulgeamus,
2650 656 2761 722 sed

815 747 1034 832 potius
1101 753 1179 809 ut
1244 764 1363 807 nos
1428 742 1743 807 attentius
1808 743 2256 825 exploremus,
2324 751 2392 807 et
2456 743 2526 808 in
2593 744 2766 808 facta

813 840 1043 900 nostra
1063 829 1497 914 inquiramus,
1545 826 2102 912 prospiciendum:
2150 849 2226 895 ac
2265 828 2539 911 proinde
2563 849 2766 912 quum

815 921 888 985 in
924 917 1263 984 ecclesiam
1311 913 1557 984 multae
1600 915 2011 998 corruptelae
2053 913 2459 997 irrepserint,
2503 914 2636 980 Dei
2671 915 2767 979 iu-

814 1003 985 1072 dicio
1030 1013 1096 1069 et
1138 1000 1467 1069 severiore
1509 999 1804 1066 vindicta
1846 1000 2093 1066 factum
2136 1001 2440 1078 sciamus,
2486 1011 2561 1065 ut
2605 1020 2764 1084 pau-

812 1091 1003 1158 latim
1047 1110 1087 1154 a
1130 1090 1244 1154 via
1285 1096 1465 1153 recta
1529 1086 1777 1152 incauti
1833 1086 2058 1153 fideles
2115 1086 2559 1164 deflectentes,
2619 1097 2762 1150 tan-

810 1177 964 1243 dem
1009 1174 1208 1242 etiam
1252 1193 1518 1257 prorsus
1582 1170 1967 1238 aberrarint.
2055 1171 2158 1238 Ac
2213 1193 2371 1239 eane
2425 1173 2573 1257 quis
2635 1193 2764 1237 non

812 1262 992 1332 videt
1035 1281 1230 1345 quam
1272 1257 1600 1325 horrenda
1643 1258 1938 1324 confusio
1982 1267 2051 1325 et
2095 1258 2404 1324 desolatio
2450 1270 2761 1342 papatum

811 1345 1175 1416 invaserit?
1243 1344 1599 1426 Quousque
1634 1344 2035 1428 flagitiorum
2074 1345 2188 1428 qui
2221 1367 2293 1410 se
2323 1344 2762 1428 apostolorum

816 1453 1222 1502 successores
1280 1429 1663 1515 praedicant
1723 1429 2172 1497 devenerunt?
2263 1429 2523 1512 Quibus
2567 1429 2763 1494 hodie

814 1528 973 1590 sunt
1057 1518 1287 1603 elogiis
1374 1515 1713 1600 insignes?
1822 1516 2077 1601 Nempe
2165 1517 2509 1583 mendaces
2586 1525 2763 1600 sunt,

814 1613 1238 1688 scortatores,
1333 1601 1646 1681 adulteri,
1736 1612 2058 1686 raptores,
2132 1601 2524 1680 homicidae,
2615 1624 2762 1685 par·-

813 1692 1087 1760 ricidae:
1156 1689 1315 1774 qnid
1375 1708 1507 1753 non
1566 1686 1898 1772 denique?
1988 1692 2088 1755 Ac
2133 1689 2357 1773 procul
2402 1686 2620 1767 dubio,
2689 1695 2764 1753 ιιι

813 1801 946 1847 uno
990 1777 1191 1846 verbo
1236 1795 1375 1841 rem
1420 1782 1626 1840 totam
1670 1773 2079 1859 complectar,
2137 1773 2305 1840 nihil
2348 1774 2473 1840 nisi
2516 1774 2763 1839 abomi-

812 1866 994 1932 natio
1058 1870 1247 1929 sunt:
1313 1880 1594 1944 quorum
1659 1869 1845 1926 tanta
1899 1869 2004 1927 est
2058 1861 2126 1926 in
2187 1882 2380 1926 omne
2440 1861 2654 1926 scelus
2697 1869 2763 1924 et

812 1950 1141 2035 flagitium
1205 1945 1488 2025 licentia,
1562 1953 1637 2010 ut
1701 1966 1876 2027 eam,
1944 1968 2076 2013 non
2143 1947 2199 2012 si
2266 1946 2431 2012 mihi
2496 1957 2762 2012 centum

810 2038 1077 2122 linguae
1141 2044 1359 2100 essent
1425 2051 1666 2115 oraque
1728 2041 2030 2113 centum,
2112 2034 2327 2099 verbis
2392 2034 2762 2115 exprimere

809 2144 1065 2209 queam.
1157 2118 1486 2201 Quoniam
1546 2128 1763 2184 autem
1822 2120 1903 2184 ab
1963 2120 2046 2185 iis
2091 2130 2305 2184 ortum
2351 2119 2600 2184 malum
2640 2127 2756 2192 est,

811 2230 977 2295 quos
999 2206 1148 2273 aliis
1183 2204 1481 2287 exemplo
1519 2203 1771 2286 praeire
1808 2205 2069 2288 pietatis
2105 2206 2323 2270 omnis
2357 2213 2760 2288 oportuerat,

812 2296 895 2363 de
938 2293 1126 2360 nobis
1168 2290 1339 2357 serio
1383 2289 1774 2373 cogitemus,
1834 2289 2180 2373 Deumque
2240 2311 2597 2374 precemur,
2666 2291 2760 2355 uti

813 2400 938 2447 nos
997 2386 1222 2444 sancto
1268 2397 1389 2442 suo
1432 2376 1665 2460 spiritu
1710 2386 1898 2460 regat
1944 2387 2139 2459 atque
2182 2377 2453 2444 affectus
2500 2386 2760 2442 nostros

813 2469 909 2533 ita
963 2465 1262 2533 cohibeat
1316 2483 1399 2527 ne
1456 2463 1525 2526 in
1580 2461 1949 2528 istiusmodi
2019 2462 2268 2547 flagitia
2324 2474 2388 2527 et
2429 2461 2760 2527 horrenda

813 2553 1104 2620 facinora
1147 2548 1533 2633 praecipites
1578 2568 1861 2614 ruamus.
1952 2547 2193 2614 Danda
2237 2549 2506 2614 interim
2565 2569 2762 2630 opera

815 2649 895 2705 ut
934 2637 1089 2704 licet
1121 2633 1591 2720 grassantibus,
1635 2633 2001 2700 istiusmodi
2039 2636 2107 2699 in
2145 2635 2455 2702 ecclesiae
2474 2635 2761 2716 flagitiis,

815 2723 1247 2791 nihilominus
1289 2743 1329 2787 a
1372 2741 1530 2786 vero
1556 2719 1680 2785 Dei
1726 2721 1908 2787 cultu
1944 2742 2282 2804 nunquam
2319 2721 2762 2802 deflectamus,

814 2831 1030 2893 neque
1097 2807 1180 2874 ab
1240 2808 1381 2872 eius
1446 2807 1698 2873 sincero
1754 2807 1988 2872 timore
2047 2806 2443 2873 deficiamus.
2534 2806 2765 2890 Neque

813 2897 993 2965 enim
1049 2915 1251 2978 quum
1309 2892 1418 2959 hic
1477 2892 1714 2957 dicitur
1774 2915 2041 2959 aversus
2100 2894 2378 2977 populus
2423 2916 2463 2958 a
2508 2893 2636 2958 Dei
2681 2894 2762 2957 ti·

812 3003 1019 3066 more,
1064 2983 1135 3046 in
1178 2978 1711 3045 iustificationem
1755 2980 1897 3045 eius
1940 2990 2057 3045 aut
2099 2980 2589 3046 excusationem
2646 2977 2764 3044 ali·-

814 3089 1013 3153 quam
1065 3065 1323 3149 dicitur,
1378 3064 1493 3132 sed
1538 3063 1618 3128 ad
1675 3064 1962 3130 filiorum
2020 3065 2177 3132 Heli
2237 3065 2593 3149 nequitiam
2648 3086 2766 3129 au-

816 3154 1099 3241 gendam
1171 3162 1237 3218 et
1301 3150 1513 3235 magis
1577 3153 1919 3234 magisque
1981 3150 2450 3218 detestandam.
2559 3150 2766 3216 Nobis

814 3241 1036 3325 igitur,
1093 3238 1153 3306 si
1210 3238 1374 3304 forte
1434 3237 1967 3321 conspexerimus
2020 3259 2130 3304 eos
2200 3238 2439 3320 quibus
2491 3236 2763 3303 docendi

815 3327 1130 3411 populum
1175 3344 1333 3391 cura
1376 3325 1725 3388 commissa
1767 3333 1887 3407 est,
1946 3324 2082 3389 suis
2138 3323 2481 3408 indulgere
2519 3323 2765 3407 cupidi-

815 3411 1082 3492 tatibus,
1137 3410 1232 3477 sic
1291 3417 1365 3474 ut
1420 3428 1651 3474 eorum
1709 3410 2007 3491 exemplo
2065 3408 2146 3476 ad
2205 3412 2473 3493 quaevis
2518 3411 2766 3494 flagitia

818 3499 1145 3582 possimus
1189 3495 1381 3574 allici,
1441 3505 1507 3560 et
1553 3515 1629 3560 eo
1688 3495 2016 3578 nequitiae
2064 3496 2377 3579 pertrahi,
2424 3507 2501 3560 ut
2547 3498 2763 3561 Deum

818 3583 1149 3651 offendere
1195 3602 1327 3647 non
1372 3581 1458 3646 sit
1502 3580 1688 3645 nobis
1732 3581 2015 3664 amplius
2058 3582 2381 3666 religioni,
2437 3579 2621 3668 (nam
2671 3583 2763 3646 fa-

817 3668 944 3737 cile
1003 3667 1300 3751 pessimis
1361 3665 1678 3750 exemplis
1734 3667 2092 3748 allicimur,
2162 3669 2548 3752 praesertim
2610 3689 2766 3734 vero

818 3775 1046 3823 eorum
1092 3754 1203 3838 qui
1244 3751 1442 3818 rebus
1487 3763 1821 3835 praesunt,
1868 3753 1951 3819 ad
1996 3776 2271 3836 quorum
2318 3776 2532 3821 mores
2575 3754 2767 3820 facile

820 3848 1080 3910 nostros
1132 3836 1631 3924 componimus),
1686 3839 1862 3923 quod
1924 3861 2040 3923 pro
2100 3840 2276 3907 vitae
2332 3841 2770 3906 sanctimonia

820 3935 889 3994 et
944 3926 1053 4009 pio
1097 3925 1398 3990 instituto
1458 3923 1624 3988 nihil
1683 3924 1813 3992 nisi
1868 3926 2119 4010 flagitia
2184 3936 2250 3992 et
2303 3947 2496 3993 omne
2557 3947 2771 4010 genus

820 4013 1183 4095 impietatis
1240 4031 1397 4093 prae
1441 4031 1512 4075 se
1556 4010 1789 4089 ferant,
1850 4021 1927 4076 ut
1970 4034 2008 4076 a
2052 4013 2195 4078 Deo
2239 4011 2624 4078 deflectendi
2672 4012 2768 4078 vi·-

821 4098 1055 4165 deatur
1096 4095 1314 4163 oblata
1356 4096 1623 4176 occasio,
1684 4106 1868 4164 tanto
1924 4099 2134 4183 magis
2188 4108 2288 4164 est
2341 4098 2594 4164 viribus
2637 4120 2771 4163 om-

821 4186 1016 4252 nibus
1058 4181 1456 4261 enitendum,
1502 4203 1588 4247 ne
1631 4181 1700 4247 in
1743 4183 2086 4250 mortalem
2123 4184 2335 4250 ullum
2372 4185 2591 4250 oculos
2624 4185 2770 4249 inii-

818 4272 1091 4351 ciamus,
1159 4267 1274 4335 sed
1324 4267 1396 4332 in
1440 4269 1661 4334 Deum
1717 4270 1836 4336 toti
1890 4291 1974 4335 ex
2033 4271 2256 4336 animo
2317 4272 2627 4350 feramur,
2695 4280 2770 4337 ut

822 4378 1019 4423 suum
1078 4354 1176 4421 illi
1221 4354 1538 4419 honorem
1585 4363 1834 4420 sartum
1893 4363 2136 4422 tectum
2196 4366 2515 4431 tueamur,
2576 4367 2643 4423 et
2687 4358 2768 4423 ab

821 4443 936 4510 illo
994 4441 1130 4508 solo
1185 4439 1602 4524 pendeamus.
1689 4442 1780 4506 Et
1833 4440 1956 4507 hoc
2015 4443 2281 4526 quidem
2338 4466 2421 4508 ex
2479 4444 2770 4509 filiorum

820 4528 980 4595 Heli
1039 4527 1338 4609 exemplo
1398 4526 1782 4592 discendum
1842 4536 1961 4603 est,
2020 4550 2225 4613 quum
2274 4531 2398 4596 Dei
2456 4531 2768 4612 populum

824 4615 1142 4681 avertisse
1202 4611 1531 4690 dicuntur,
1598 4612 1665 4678 id
1725 4621 1822 4679 est
1877 4635 1993 4680 suo
2051 4615 2355 4699 exemplo
2399 4616 2471 4681 in
2517 4627 2769 4680 tantam

822 4700 1132 4785 peccandi
1191 4700 1523 4766 licentiam
1582 4698 1941 4777 induxisse,
1989 4709 2062 4766 ut
2104 4701 2229 4768 sibi
2273 4700 2532 4784 quidvis
2577 4702 2770 4768 licere

826 4787 1319 4865 arbitrarentur,
1364 4794 1435 4850 ut
1480 4784 1636 4850 licet
1680 4785 1873 4869 plena
1918 4787 2326 4854 offendiculis
2371 4789 2592 4853 omnia
2626 4811 2773 4854 con-

825 4871 1192 4955 spiciamus,
1261 4891 1347 4938 ne
1403 4880 1624 4936 tamen
1669 4892 1704 4936 a
1755 4872 1880 4937 Dei
1940 4873 2172 4939 timore
2233 4874 2334 4938 vel
2394 4874 2603 4939 latum
2650 4898 2771 4939 un-

826 4978 1039 5040 guem,
1086 4967 1159 5024 ut
1203 4957 1406 5037 aiunt,
1448 4955 1862 5024 recedamus:
1908 4966 1973 5022 et
2008 4958 2352 5025 ruentibus
2388 4960 2456 5024 in
2500 4961 2773 5043 quaevis

825 5044 1092 5127 flagitia,
1135 5045 1217 5110 iis
1263 5065 1425 5127 quos
1470 5043 1869 5127 exemplaria
1905 5045 2227 5110 virtutum
2264 5066 2407 5111 esse
2447 5045 2773 5125 decuerat,

828 5147 903 5194 ac
959 5128 1234 5213 proinde
1292 5130 1373 5194 ad
1420 5129 1775 5196 inferorum
1823 5129 2017 5213 adyta
2069 5131 2248 5198 viam
2307 5133 2773 5216 aperientibus,

827 5235 950 5284 noe
1008 5223 1227 5284 tamen
1284 5218 1354 5281 in
1403 5216 1528 5283 Dei
1587 5216 1773 5283 cultu
1814 5237 2328 5301 perseveremus,
2384 5240 2595 5304 neque
2653 5242 2773 5285 un·-

2526 292 2941 363 HOMILIA
2985 292 3111 360 IX.

4641 300 4734 369 336

2866 505 3083 569 qnam,
3140 503 3567 568 quaeeunque
3628 491 4050 567 tempestates
4104 483 4464 568 insurgant,
4514 495 4570 551 et
4604 492 4741 572 quid.

2866 570 3020 655 quid
3089 569 3527 654 periculorum
3601 569 3901 653 ingruat,
3990 571 4071 635 ab
4138 571 4350 635 officio
4415 573 4738 646 recedamus.

2869 657 3121 722 Verum
3186 658 3525 722 enimvero
3584 666 3651 721 et
3707 656 3859 721 hinc
3916 659 4027 739 qui
4075 653 4160 719 ad
4205 677 4486 722 summos
4525 660 4740 731 honores

2867 745 3078 809 evecti
3128 756 3280 808 sunt
3324 742 3627 808 discunto
3673 741 3882 806 divini
3926 742 4166 807 furoris
4226 742 4593 809 horrendam
4635 749 4739 813 vin-

2869 828 3109 895 dictam
3167 829 3289 894 sibi
3349 826 3727 911 impendere
3786 829 3841 891 si
3897 848 4017 893 suo
4074 827 4377 911 exemplo
4421 832 4661 914 populus
4691 838 4744 901 in

2869 915 3086 981 omnis
3149 915 3382 998 flagitii
3451 914 3782 979 licentiam
3849 916 4245 996 proruperit.
4355 915 4493 980 Nae
4543 918 4592 982 si
4638 922 4742 1002 quis

2868 1003 3168 1086 privatus
3224 1000 3547 1085 flagitium
3604 998 3864 1082 aliquod
3928 1000 4338 1083 perpetrarit,
4409 1002 4622 1084 duplici
4667 1026 4744 1070 no·

2870 1088 3048 1152 mine
3104 1109 3254 1152 reus
3309 1099 3428 1166 est,
3490 1098 3630 1154 tum
3690 1097 3958 1168 propter
4014 1107 4203 1150 suum
4270 1100 4609 1169 peccatum,
4645 1102 4744 1156 tum

2869 1173 3039 1256 quod
3082 1173 3365 1256 pessimo
3409 1170 3712 1253 exemplo
3758 1172 3902 1236 aliis
3948 1172 4105 1236 fuit:
4164 1170 4318 1253 quid
4366 1173 4444 1237 de
4487 1176 4559 1239 iis
4595 1174 4747 1258 igitur

2870 1259 3270 1337 discendum,
3337 1280 3496 1342 quos
3544 1259 3724 1323 Deus
3787 1257 3970 1322 velut
4028 1258 4097 1322 in
4157 1279 4277 1321 sua
4343 1258 4495 1325 sede
4560 1261 4750 1328 locatos

2866 1346 3014 1410 aliis
3058 1346 3382 1429 praefecit,
3429 1346 3484 1409 si
3529 1344 3884 1409 sceleratae
3927 1344 4104 1408 vitae
4150 1344 4450 1427 exemplo
4491 1366 4750 1412 summam

2870 1453 3092 1496 rerum
3149 1433 3444 1496 omnium
3504 1428 3953 1495 confusionem
4006 1442 4207 1513 atque
4252 1431 4751 1514 perturbationem

2868 1517 3262 1591 invexerint,
3320 1528 3599 1600 quantas
3659 1515 3823 1592 illos,
3882 1535 4208 1598 quamque
4268 1515 4612 1582 horrendas
4655 1540 4752 1583 ma·

2869 1626 3024 1669 nere
3069 1625 3313 1687 poenas
3373 1600 3861 1677 arbitrabimur,
3931 1602 3984 1665 si
4032 1603 4275 1685 privati
4343 1624 4492 1667 suas
4554 1625 4752 1687 quoqne

2867 1688 3246 1755 merentur?
3339 1689 3641 1770 Denique
3697 1708 4117 1771 quaecunque
4175 1687 4436 1753 tandem
4496 1689 4563 1753 in
4603 1690 4755 1754 eccle·

2867 1777 3035 1841 siam
3079 1775 3486 1858 corruptelae
3531 1795 3608 1839 ac
3652 1774 4050 1857 pollutiones
4087 1775 4487 1856 irrepserint,
4531 1795 4754 1839 summo·

2866 1883 3019 1946 perc
3077 1860 3442 1928 cavendum
3502 1881 3586 1925 ne
3634 1860 3732 1925 vel
3782 1859 4113 1923 tantillum
4161 1882 4202 1925 a
4246 1881 4404 1925 vero
4450 1871 4515 1925 et
4555 1862 4754 1926 sincero

2870 1948 2994 2013 Dei
3035 1948 3236 2022 cultu,
3297 1948 3408 2031 qui
3456 1947 3647 2011 unico
3690 1946 3896 2028 ipsius
3947 1946 4142 2011 verbo
4187 1948 4571 2024 continetur,
4624 1967 4755 2011 reee-

2867 2035 3132 2099 damus:
3211 2034 3512 2098 ferantur
3594 2033 3742 2096 licet
3823 2033 3889 2095 in
3959 2032 4289 2113 quaelibet
4354 2033 4601 2116 flagitia
4654 2051 4759 2114 pre·

2863 2121 3074 2203 fligati
3140 2119 3460 2186 homines.
3525 2139 3730 2200 usque
3790 2116 3951 2181 adeo
4006 2130 4081 2181 ut
4145 2139 4358 2200 neque
4421 2119 4546 2183 Dei
4597 2139 4760 2201 neque

2867 2206 3047 2272 verbi
3109 2206 3314 2290 ipsius
3372 2205 3691 2269 rationem
3755 2203 3952 2268 ullam
4015 2203 4317 2284 habeant,
4385 2204 4760 2268 nihilominus

2865 2305 3108 2358 rectam
3165 2293 3358 2369 viam,
3415 2290 3546 2355 Dei
3601 2290 3805 2355 verbo
3852 2289 4039 2354 nobis
4083 2290 4576 2373 praescriptam,
4615 2290 4760 2354 insis-

2864 2387 3103 2446 tamus.

3037 2466 3145 2530 Ex
3190 2460 3609 2545 sequentibus
3651 2480 3812 2526 vero
3858 2460 4078 2526 verbis
4125 2461 4530 2543 discendum,
4570 2463 4622 2527 si
4657 2461 4763 2544 quis

2865 2555 2936 2618 in
2979 2550 3259 2617 alterum
3309 2547 3693 2632 peccaverit,
3740 2568 3927 2630 posse
3963 2548 4058 2611 illi
4097 2548 4405 2613 iniuriam
4444 2547 4764 2622 condonari,

2866 2659 2942 2705 ac
3001 2658 3191 2721 posse
3243 2635 3491 2700 iudices
3551 2655 3690 2699 rem
3751 2644 3954 2697 totam
4013 2655 4436 2717 componere:
4503 2635 4608 2700 sed
4662 2653 4766 2716 peo-

2866 2724 3045 2792 canti
3125 2723 3196 2787 in
3267 2721 3480 2785 Deum
3551 2719 3806 2784 nullum
3875 2720 4100 2785 adesse
4168 2735 4546 2802 patronum.
4643 2717 4768 2800 Quis

2867 2811 3044 2877 enim
3090 2809 3403 2874 adversus
3448 2805 3664 2870 Deum
3711 2806 3854 2870 iure
3896 2808 4180 2890 experiri
4232 2806 4414 2882 velit,
4459 2819 4572 2871 aut
4605 2806 4767 2871 eidem

2867 2917 3011 2963 sese
3078 2914 3406 2979 opponere
3468 2890 3692 2957 ausit?
3785 2892 3872 2954 Et
3936 2892 4200 2976 quidem
4259 2905 4418 2957 ante
4485 2892 4767 2957 docuimus

2867 2982 3111 3048 iniuria
3169 2980 3500 3063 proximos
3565 2977 3922 3042 afficientes
3987 2979 4052 3042 in
4121 2980 4337 3061 ipsum
4391 2979 4608 3044 Deum
4664 2996 4768 3041 esse

2870 3067 3411 3135 contumeliosos:
3477 3064 3590 3129 sed
3652 3076 3716 3128 et
3762 3064 3938 3128 istud
3987 3064 4170 3129 nobis
4214 3065 4418 3129 etiam
4467 3066 4765 3130 observan-

2870 3155 3047 3230 dum,
3103 3153 3198 3218 ita
3252 3151 3331 3216 de
3376 3150 3660 3234 peccatis
3703 3148 4146 3234 iudicandum,
4194 3164 4268 3213 ut
4313 3152 4572 3216 nullum
4616 3171 4648 3214 a
4685 3167 4771 3212 no·

2868 3243 2970 3308 bis
3013 3239 3265 3305 admitti
3315 3258 3501 3320 posse
3546 3237 3829 3302 sciamus
3867 3258 3991 3319 quo
4037 3258 4164 3300 non
4193 3235 4381 3302 Deus
4419 3235 4771 3301 offendatur:

2870 3323 3402 3412 quandoquidem
3459 3345 3535 3388 eo
3591 3324 3761 3388 inter
3820 3343 3891 3388 se
3936 3345 4111 3387 nexu
4157 3322 4283 3387 Dei
4333 3323 4643 3388 mandata
4673 3321 4775 3386 vin-

2868 3414 3149 3491 ciuntur,
3206 3421 3282 3475 ut
3338 3410 3454 3492 qui
3513 3407 3824 3474 adversus
3883 3430 4088 3473 unum
4146 3409 4517 3492 deliquerit,
4571 3423 4632 3472 et
4677 3425 4774 3469 om·

2870 3496 3055 3564 nium
3115 3497 3350 3562 merito
3406 3516 3561 3560 reus
3618 3494 3721 3559 sit.
3812 3492 3926 3561 Sic
3971 3496 4144 3559 idem
4189 3494 4376 3559 Deus
4424 3497 4540 3578 qui
4585 3510 4774 3558 nomeu

2870 3605 3061 3650 suum
3106 3584 3172 3648 in
3213 3604 3457 3648 vanum
3499 3583 3640 3664 capi
3682 3589 3876 3660 vetat,
3922 3581 4118 3645 etiam
4157 3583 4454 3657 scortari,
4504 3576 4775 3664 praedari.

2871 3671 3078 3737 furari
3126 3663 3442 3751 prohibet.
3535 3669 3622 3731 Et
3665 3668 3736 3732 in
3783 3667 3961 3732 hunc
4003 3688 4267 3732 sensum
4308 3667 4591 3733 Iacobus
4630 3663 4779 3729 dicit:

2873 3754 3185 3838 Quisquis
3248 3765 3454 3819 totam
3492 3754 3703 3836 legem
3751 3753 4137 3828 servaverit,
4194 3754 4554 3818 offenderit
4608 3765 4777 3815 autem

2870 3844 2939 3909 in
2996 3864 3145 3919 uno,
3202 3841 3504 3905 omnibus
3560 3860 3710 3903 eum
3770 3840 3999 3903 teneri.
4090 3838 4348 3919 Quibus
4397 3861 4561 3904 sane
4604 3833 4778 3900 verbis

2870 3947 3285 4012 nequaquam
3316 3937 3723 4009 peccatorum
3772 3924 4233 4008 aequalitatem
4261 3947 4300 3989 a
4325 3924 4574 3990 Iacobo
4615 3917 4780 4017 doceri

2872 4013 3328 4080 arbitrandum
3375 4022 3493 4091 est,
3537 4012 3649 4077 sed
3690 4012 3818 4076 huc
3863 4033 3979 4076 nos
4016 4013 4096 4077 ab
4142 4033 4217 4075 eo
4263 4011 4506 4076 deduci
4545 4021 4615 4074 ut
4646 4025 4778 4072 serio

2872 4102 3237 4185 cogitemus
3292 4098 3620 4181 quaelibet
3673 4113 3935 4179 peccata
3993 4095 4253 4162 tandem
4314 4098 4550 4162 eodem
4596 4091 4782 4176 impie·

2873 4189 3025 4253 tatis
3071 4185 3397 4262 devenire,
3441 4182 3846 4267 eandemque
3885 4185 4178 4249 omnium
4229 4198 4647 4264 peccatorum
4685 4179 4782 4243 for·

2873 4294 3049 4339 mam
3096 4293 3256 4337 esse.
3346 4270 3459 4337 Sic
3506 4271 3761 4348 multos,
3807 4270 4089 4353 exempli
4138 4269 4370 4348 gratia,
4435 4269 4657 4334 videas
4693 4263 4782 4330 mi·

2874 4361 3050 4424 nime
3109 4355 3370 4440 quidem
3429 4370 3658 4440 sponte
3713 4355 3897 4420 alteri
3955 4357 4264 4420 iniuriam
4320 4356 4644 4427 illaturos,
4699 4344 4782 4415 sed

2874 4446 3154 4510 libenter
3244 4443 3508 4526 quidem
3591 4455 4009 4508 scortaturos.
4139 4440 4254 4508 Sic
4336 4441 4632 4524 denique
4685 4452 4786 4502 non

2875 4533 3063 4616 pauci
3111 4529 3250 4594 suis
3295 4529 3470 4593 vitiis
3507 4528 4024 4602 indulgentiores
4069 4529 4132 4592 in
4184 4550 4262 4593 ea
4304 4529 4530 4612 magis
4576 4547 4646 4591 ac
4684 4540 4786 4587 ma·

2873 4618 2977 4701 gis
3020 4617 3586 4698 immergerentur.
3683 4615 3972 4679 Maxima
4023 4615 4197 4678 enim
4250 4635 4401 4696 pars
4451 4609 4788 4678 mortalium

2876 4703 3075 4768 veluti
3123 4702 3400 4765 divisum
3440 4722 3585 4766 cum
3630 4702 3895 4765 numine
3933 4701 4136 4765 vellet
4172 4700 4534 4782 imperium
4562 4697 4789 4762 habere:

2877 4800 2948 4854 ut
2989 4789 3426 4871 qualicunque
3471 4788 3648 4852 cultu
3709 4787 3811 4850 sui
3876 4787 4162 4851 numinis
4208 4785 4396 4850 Deus
4464 4796 4789 4854 contentae,

2874 4876 3020 4940 illos
3063 4876 3262 4939 etiam
3308 4876 3441 4938 suis
3488 4873 3957 4956 cupiditatibus
4006 4875 4437 4956 permitteret.
4525 4875 4620 4936 At
4657 4860 4790 4951 quod

2875 4974 3028 5026 ante
3087 4959 3444 5034 docuimus,
3507 4973 3572 5022 et
3631 4981 3712 5024 ex
3759 4958 3994 5024 Iacobo
4056 4958 4245 5023 modo
4287 4957 4658 5028 didicimus.
4707 4970 4789 5015 ne*

2877 5067 3204 5130 quaquam
3251 5046 3614 5128 separanda
3659 5058 3816 5110 sunt
3860 5067 4031 5128 quae
4067 5045 4254 5109 Deus
4288 5046 4666 5110 coniunxit:
4706 5030 4791 5101 oed

2879 5135 3135 5200 sincere
3201 5131 3388 5197 Deus
3465 5131 3534 5194 in
3620 5139 3891 5214 utraque
3973 5132 4137 5217 legis
4204 5131 4433 5197 tabula
4503 5124 4790 5219 colendus·

2879 5219 3254 5287 Discrimen
3314 5217 3575 5303 aliquod
3625 5230 3844 5282 tamen
3891 5241 4031 5284 esse
4077 5235 4500 5301 peccatorum
4549 5228 4794 5301 agnose&
