5059 6059
839 280 967 345 647

842 469 1209 536 illustrare:
1270 463 1698 545 conspicuum
1746 460 1871 525 hoc
1916 461 2215 526 mulieris
2269 461 2463 525 istius
2508 458 2812 542 exemplo

850 572 1050 639 quam
1092 550 1385 617 Satanae
1444 546 1818 632 praestigiis
1862 547 1957 610 sio
2001 545 2310 612 fascinari
2358 544 2678 629 videmus,
2739 553 2815 610 ut

848 637 1027 724 quod
1095 633 1360 702 videbat
1419 645 1487 699 et
1551 640 1811 715 poterat
1876 637 2115 697 natura
2179 650 2601 715 cognoscere,
2680 650 2811 695 non

852 722 1079 791 videat
1142 730 1212 785 et
1267 720 1537 785 interim
1596 728 1946 800 cognoscat
2004 715 2176 799 quod
2234 738 2369 783 non
2434 728 2554 782 est.
2633 715 2812 781 Hinc

852 809 1062 894 igitur
1108 806 1436 872 discamus
1497 824 1719 870 coram
1764 801 1911 867 Deo
1969 803 2182 886 magis
2227 821 2302 868 ac
2346 802 2558 886 magis
2602 800 2813 879 deiici,

855 913 1140 976 eumque
1211 889 1593 957 ardentibus
1651 888 1824 955 votis
1868 889 2140 970 precari,
2199 897 2273 952 ut
2329 895 2595 953 tantum
2638 907 2815 951 erro-

856 1000 997 1045 rem
1052 999 1095 1043 a
1149 976 1338 1043 nobis
1398 983 1674 1052 avertat,
1736 984 1803 1039 et
1861 993 1943 1037 ne
2000 995 2119 1038 nos
2177 974 2355 1038 sinat
2406 975 2477 1037 in
2523 973 2814 1039 Satanae

857 1066 1165 1147 laqueum
1204 1061 1512 1140 incidere,
1558 1072 1622 1126 et
1660 1060 1729 1123 in
1767 1080 1878 1125 eas
1916 1057 2221 1125 tenebras
2238 1059 2385 1124 fieri
2420 1058 2812 1142 praecipites

856 1152 929 1217 in
976 1148 1210 1231 quibus
1255 1147 1425 1212 nihil
1470 1144 1755 1229 amplius
1799 1144 2272 1225 discernamus,
2314 1143 2431 1210 sed
2476 1144 2695 1226 potius
2741 1151 2813 1207 ut

858 1258 979 1303 nos
1025 1254 1287 1317 semper
1343 1241 1642 1315 protegat
1700 1239 1764 1295 et
1821 1240 2005 1314 regat
2061 1250 2306 1313 suoque
2364 1231 2602 1313 spiritu
2659 1228 2811 1292 illu-

854 1330 1039 1396 stret,
1088 1329 1162 1384 ut
1207 1339 1363 1384 vere
1408 1319 1734 1400 possimus
1785 1316 2012 1381 videre
2050 1315 2222 1399 quod
2268 1315 2456 1381 nobis
2501 1314 2667 1379 utile
2710 1321 2812 1378 est

857 1417 928 1473 et
972 1405 1433 1481 necessarium,
1480 1411 1548 1468 et
1591 1403 1658 1466 in
1698 1402 1905 1485 ipsius
1951 1402 2138 1467 verbi
2183 1399 2331 1467 luce
2374 1401 2469 1467 sic
2513 1398 2810 1465 ambule-

832 1513 1024 1567 .mus,
1075 1512 1157 1555 ne
1203 1509 1490 1571 uuquam
1537 1488 1618 1552 ab
1654 1488 1863 1571 ipsius
1899 1488 2136 1552 semita
2172 1486 2618 1551 deflectamus.
2663 1485 2812 1549 Hoc

852 1578 1038 1645 enim
1083 1574 1385 1657 exemplo
1429 1575 1588 1638 satis
1633 1573 1941 1639 docemur
1985 1580 2368 1637 nosnatura
2397 1582 2620 1637 nostra
2641 1569 2810 1634 nihil

856 1684 1021 1738 esse,
1082 1673 1151 1727 et
1205 1670 1674 1743 cognoscentes
1735 1658 1900 1723 nihil
1959 1678 2371 1741 cognoscere,
2430 1656 2811 1737 donumque

844 1749 986 1814 .Dei
1030 1746 1313 1828 speciale
1356 1766 1498 1811 esse
1544 1765 1748 1827 quum
1794 1743 1956 1808 nihil
1995 1745 2364 1826 expetimus
2406 1764 2622 1825 neque
2643 1741 2811 1807 scire

856 1833 1159 1916 cupimus
1220 1832 1345 1896 nisi
1409 1831 1577 1912 quod
1638 1830 1779 1912 ipse
1837 1831 2003 1895 scire
2064 1850 2184 1894 nos
2224 1828 2523 1893 voluerit.
2614 1825 2810 1909 Quod

856 1920 1033 1986 enim
1078 1918 1187 1981 isti
1245 1916 1507 1980 mulieri
1564 1915 1857 1999 contigit,
1918 1915 2103 1980 nobis
2161 1914 2361 1979 etiam
2403 1914 2815 1996 contingeret

860 2004 991 2071 nisi
1032 2004 1215 2068 Deus
1263 2023 1375 2067 uos
1423 2021 1462 2065 a
1509 1999 1798 2068 Satanae
1844 2000 2215 2083 praestigiis
2262 2006 2612 2065 tutaretur.
2671 1999 2811 2063 Nos

858 2090 1065 2174 igitur
1111 2088 1301 2171 plane
1340 2106 1569 2151 caecos
1609 2097 1848 2150 natura
1870 2106 2010 2151 esse
2028 2104 2522 2169 cognoscamus,
2570 2085 2811 2166 ipsam-

859 2194 986 2259 que
1031 2173 1192 2239 adeo
1229 2172 1597 2237 naturalem
1645 2171 2171 2255 intelligentiam,
2219 2190 2415 2253 quam
2460 2170 2602 2252 ipse
2623 2167 2812 2233 Deus

861 2259 1051 2326 nobis
1099 2258 1296 2338 dedit,
1344 2258 1588 2322 nullam
1637 2260 1789 2333 fore,
1834 2257 1967 2321 nisi
1999 2256 2182 2320 Deus
2228 2254 2504 2321 eandem
2548 2275 2811 2321 conser-

860 2353 1069 2413 varet.
1146 2344 1362 2426 Saepe
1408 2364 1564 2408 vero
1608 2344 1703 2421 fit,
1765 2354 1843 2406 ut
1886 2341 2071 2406 Deus
2116 2351 2381 2423 peccata
2426 2349 2650 2407 nostra
2695 2361 2813 2422 pu·

858 2432 1125 2496 niturus
1182 2449 1448 2495 sensum
1504 2428 1693 2492 nobis
1744 2427 2018 2502 adimat,
2078 2436 2147 2491 et
2212 2434 2503 2491 mentem
2549 2427 2806 2508 eripiat,

861 2525 938 2582 ut
1004 2535 1270 2597 prorsus
1339 2514 1904 2595 obstupescamus:
1988 2511 2224 2578 deinde
2296 2533 2445 2578 vero
2509 2513 2812 2594 mitigata

860 2621 1100 2667 manus
1144 2621 1304 2665 suae
1348 2599 1715 2677 severitate,
1753 2618 2082 2664 summam
2127 2598 2197 2662 in
2240 2598 2384 2681 ipso
2422 2608 2810 2663 mausuetu-

863 2687 1090 2752 dinem
1136 2685 1518 2751 sentiamus.
1579 2683 1758 2751 Hinc
1804 2684 2131 2750 discamus
2178 2683 2540 2751 Dominum
2584 2682 2812 2748 sedulo

861 2771 1136 2857 precari,
1197 2778 1269 2836 ut
1311 2792 1471 2837 vera
1527 2790 1684 2836 suae
1729 2770 2088 2835 voluntatis
2144 2768 2293 2835 luce
2334 2790 2458 2834 nos
2500 2768 2810 2843 illustret,

861 2867 937 2925 ut
979 2859 1051 2922 in
1097 2867 1341 2922 rectam
1389 2857 1563 2921 viam
1608 2855 1872 2939 dirigat,
1932 2865 1999 2919 et
2045 2864 2187 2920 tota
2234 2854 2373 2920 vita
2431 2874 2551 2920 nos
2593 2862 2810 2937 regat;

857 2953 925 3010 et
967 2943 1246 3026 gratiam
1301 2941 1483 3005 illam
1541 2938 1730 3006 nobis
1788 2940 1985 3005 donet
2037 2961 2166 3023 qna
2218 2940 2426 3024 ipsius
2477 2937 2663 3004 verbi
2711 2960 2812 3005 re-

860 3029 1122 3113 pagulis
1176 3029 1658 3108 contineamur,
1721 3036 1788 3090 et
1844 3026 2241 3110 cognitionis
2298 3026 2442 3091 sive
2501 3025 2810 3092 scientiae

856 3116 1035 3180 illius
1082 3115 1443 3180 vanitatem
1468 3132 1955 3196 cognoscamus,
1998 3132 2166 3195 quae
2210 3111 2545 3177 diabolum
2591 3110 2811 3193 potius

854 3200 1209 3277 doctorem,
1254 3218 1449 3280 quam
1497 3218 1648 3264 eum
1693 3200 1803 3281 qui
1851 3218 2052 3264 verax
2094 3206 2194 3263 est
2246 3196 2488 3263 habere
2531 3196 2810 3262 mavult.

856 3286 1028 3352 Nam
1074 3285 1352 3366 scientia
1374 3283 1637 3349 estsine
1675 3284 1967 3362 scientia,
2011 3292 2079 3347 et
2099 3282 2389 3367 cognitio
2412 3281 2566 3347 sine
2589 3281 2813 3365 cogni-

857 3373 1057 3439 tione.
1140 3370 1384 3436 Mulier
1428 3371 1555 3434 ista
1602 3367 1977 3437 Samuelem
2023 3369 2133 3450 qui
2171 3367 2443 3435 Samuel
2484 3386 2626 3433 non
2671 3374 2815 3433 erat

856 3457 1185 3541 cognovit,
1232 3464 1301 3519 et
1348 3454 1617 3529 Saulem
1664 3456 1775 3539 qui
1820 3462 1963 3520 erat
2008 3474 2139 3518 non
2185 3453 2476 3536 agnovit,
2522 3451 2816 3518 Satanae

860 3541 1093 3609 delusa
1138 3542 1527 3625 praestigiis.
1618 3540 1919 3607 Eandem
1967 3560 2111 3606 esse
2153 3540 2450 3605 norimus
2494 3537 2625 3603 Dei
2669 3559 2819 3605 con-

870 3637 1273 3710 temptorum
1329 3625 1522 3691 hodie
1566 3637 1765 3710 atque
1810 3626 1998 3691 istius
2045 3626 2374 3691 veneficae
2418 3634 2485 3689 et
2527 3633 2817 3690 caetero-

869 3735 1018 3779 rum
1078 3714 1187 3777 isti
1243 3711 1556 3778 similium
1602 3712 2067 3788 conditionem,
2125 3712 2237 3793 qui
2280 3710 2435 3774 licet
2479 3708 2818 3776 vaferrimi

869 3799 1025 3879 sint,
1085 3806 1151 3862 et
1192 3798 1328 3863 suis
1386 3798 1724 3863 fraudibus
1766 3819 1961 3880 saepe
2017 3798 2315 3863 incautos
2358 3796 2601 3860 multos
2646 3794 2817 3862 deci-

868 3886 1073 3969 piant,
1134 3891 1201 3947 et
1242 3903 1362 3947 sua
1405 3883 1674 3948 consilia
1719 3882 1803 3948 ad
1847 3884 2098 3948 exitum
2146 3881 2532 3965 perducant,
2595 3888 2817 3946 tamen

868 3968 1321 4036 confusionem
1365 3970 1434 4031 in
1458 3989 1649 4034 suum
1686 3979 1886 4051 caput
1920 3975 2280 4046 accersunt,
2329 3974 2403 4031 ut
2440 3966 2603 4049 ipsis
2626 3966 2821 4049 longe

868 4055 1101 4122 utilius
1158 4054 1356 4119 fuerit
1421 4075 1758 4136 nunquam
1827 4054 2122 4119 animum
2168 4052 2267 4118 ad
2323 4053 2487 4117 istas
2553 4050 2821 4118 fraudes

864 4140 1282 4226 applicuisse,
1329 4140 1568 4222 quibus
1612 4152 1833 4206 tamen
1879 4140 1963 4205 ad
2011 4149 2301 4205 nostram
2346 4138 2821 4204 correctionem

860 4240 937 4294 -et
976 4228 1333 4292 utilitatem
1382 4224 1566 4291 Deus
1609 4226 1840 4290 utitur.

1044 4314 1138 4377 Et
1181 4331 1392 4395 pauca
1415 4311 1543 4374 ista
1564 4310 1900 4377 sufficiant
1926 4310 2122 4375 nobis
2147 4311 2226 4373 de
2274 4310 2395 4373 hac
2418 4308 2819 4390 quaestione.

860 4396 1219 4480 Deumque
1280 4417 1626 4479 precemur
1682 4403 1760 4460 ut
1817 4416 1937 4461 nos
1990 4396 2060 4459 in
2115 4395 2220 4461 sui
2275 4394 2492 4459 cultus
2526 4395 2822 4477 puritate

856 4496 938 4551 „et
981 4482 1352 4550 obedientia
1402 4481 1680 4565 benigne
1724 4489 2087 4560 conservet,
2131 4480 2456 4561 faciatque
2503 4501 2587 4545 ne
2610 4480 2821 4544 curio-

856 4571 1011 4637 sius
1045 4590 1126 4634 sa
1166 4569 1334 4633 scire
1379 4578 1784 4649 expetamus,
1842 4587 2011 4648 quae
2069 4565 2256 4630 nobis
2300 4566 2635 4648 incognita
2676 4586 2821 4630 esse

870 4656 1102 4737 voluit,
1146 4663 1211 4719 et
1252 4651 1477 4719 Saulis
1520 4652 1820 4734 exemplo
1866 4650 2037 4717 docti
2080 4652 2439 4732 sapiamus:
2498 4650 2592 4716 sic
2635 4660 2707 4715 ut
2749 4650 2821 4713 in

869 4762 1006 4806 uno
1071 4740 1217 4805 Deo
1291 4751 1355 4803 et
1422 4740 1606 4804 verbi
1672 4739 1881 4821 ipsius
1946 4736 2224 4801 veritate
2289 4736 2822 4818 conquiescentes

872 4846 1213 4908 nunquam
1258 4825 1339 4889 ab
1385 4824 1527 4906 ipso
1564 4845 1648 4888 ne
1695 4826 1897 4888 latum
1943 4822 2210 4906 quidem
2245 4842 2535 4904 unguem
2563 4820 2821 4887 receda-

873 4933 1042 4978 mus.
1087 4912 1316 4976 Bonae
1353 4911 1528 4974 enim
1570 4910 1901 4974 hominum
1929 4928 2090 4990 quas
2119 4917 2358 4971 vocant
2394 4907 2820 4986 intentiones,

874 4998 1149 5081 abyssus
1210 4995 1536 5060 immensa
1606 5005 1765 5061 sunt
1834 4996 1903 5059 in
1970 5013 2169 5075 quam
2234 4994 2438 5058 semel
2504 4993 2820 5081 immersi,

876 5102 1211 5163 nunquam
1268 5100 1604 5163 emergere
1662 5099 1997 5162 queamus.
2085 5076 2348 5143 Deinde
2390 5086 2546 5143 diam
2591 5098 2818 5144 sacro-

874 5177 1178 5232 sanctum
1202 5167 1330 5230 Dei
1375 5186 1612 5230 nomen
1658 5185 2109 5249 agnoscamus,
2154 5170 2229 5228 ut
2273 5162 2437 5228 illud
2474 5164 2540 5229 in
2569 5184 2816 5229 vanum

2504 269 2918 339 nonium
2962 222 3230 341 xenis
4643 279 4726 351 ss

2918 480 3260 543 nunquam
3279 481 3710 540 assumamus,
3755 461 3870 527 ssd
3903 463 3977 525 in
4015 463 4352 529 honorent
4391 466 4562 544 pretio
4577 465 4731 537 baben-

2916 565 3099 611 mus:
3155 554 3230 611 et
3268 547 3794 630 quandoquidem
3845 545 3970 613 hoc
4025 546 4371 630 privilegio
4413 568 4510 614 nos
4535 550 4730 635 demut,

2917 640 2991 697 ut
3034 631 3100 697 in
3146 632 3540 715 peculiarem
3588 632 3714 701 sibi
3760 632 4078 716 populum
4115 636 4533 715 assumpserit,
4565 658 4619 702 re
4646 641 4732 721 ipa

2916 724 3234 784 testemur
3290 739 3408 785 nos
3467 718 3666 785 etiam
3724 717 3942 801 ipsum
4005 738 4122 801 pro
4177 718 4324 785 Deo
4383 740 4659 803 agnomre
4693 738 4732 789 οι

2917 802 3177 884 habere,
3221 804 3290 868 in
3332 804 3717 885 integritate
3760 814 3826 869 et
3869 804 4153 871 candore
4197 804 4403 869 vitam
4439 817 4669 890 agentes:
4698 820 4737 875 et

2916 910 3143 954 omnes
3188 887 3337 955 illas
3381 891 3814 968 confusiones,
3859 888 4101 973 quibus
4145 888 4339 955 hodie
4384 892 4638 956 mundum
4666 893 4733 960 de-

2915 974 3145 1040 lectari
3186 974 3488 1041 videmus
3511 975 3912 1043 detestemur
3945 987 4018 1041 et
4040 975 4495 1043 abominemur.
4532 977 4738 1061 Dffliquo

2916 1080 2998 1125 ue
3043 1059 3113 1124 in
3157 1062 3434 1126 summis
3492 1060 3987 1128 difficultatibus
4032 1059 4257 1126 Saulis
4315 1063 4609 1127 consilium
4646 1067 4736 1128 imi·

2915 1155 3151 1224 temur,
3193 1146 3306 1228 qui
3354 1146 3434 1211 ad
3478 1168 3706 1231 magos
3750 1148 4066 1230 confugit,
4109 1147 4280 1212 scire
4320 1167 4475 1229 quae
4501 1147 4642 1213 Deus
4668 1169 4737 1215 uo-

2914 1230 3088 1295 lebat
3129 1231 3417 1315 cupiens,
3468 1253 3676 1316 neque
3719 1233 3916 1298 rebus
3959 1233 4327 1315 desperatis
4375 1248 4615 1315 unquam
4643 1236 4733 1297 sni-

2911 1335 3096 1380 mum
3197 1316 3611 1398 abiiciamus,
3698 1338 3912 1401 neque
4009 1318 4344 1385 diabolum
4419 1319 4737 1395 cumulamus,

2915 1401 3054 1465 Deo
3121 1423 3250 1467 non
3329 1404 3553 1468 statim
3619 1403 3705 1468 ad
3782 1423 4005 1485 preces
4072 1412 4333 1469 nostras
4405 1404 4739 1486 respondffltn,

2911 1487 3026 1551 sed
3080 1487 3293 1569 potius
3336 1489 3460 1554 etsi
3505 1510 3639 1554 nou
3683 1488 4090 1572 respondeat,
4151 1488 4571 1555 indesinenter
4601 1490 4737 1571 ipsum

2915 1593 3286 1655 precemur,
3393 1576 3785 1657 veniamque
3871 1576 3953 1640 de
4040 1576 4327 1657 peccatis
4411 1574 4738 1656 deprecemur,

2911 1668 3096 1723 certo
3163 1660 3461 1740 persuasi
3528 1682 3656 1727 non
3739 1660 3880 1725 fore
3959 1661 4164 1742 ipsius
4227 1661 4396 1725 iram
4456 1659 4740 1737 diuturnum,

2911 1744 3103 1809 cuius
3149 1766 3280 1808 non
3345 1744 3542 1810 dubia
3598 1747 3791 1829 signa
3850 1746 4277 1823 demonstrat,
4340 1765 4539 1828 neque
4573 1766 4659 1809 nos
4684 1765 4742 1819 es,

2913 1829 3109 1894 sicuti
3155 1830 3368 1895 solent
3412 1831 3619 1913 iniqui
3661 1841 3732 1896 et
3773 1833 4033 1914 reprobi
4078 1831 4400 1910 homines,
4440 1844 4740 1896 consumtum

2913 1915 3016 1980 iri.
3061 1915 3367 1997 Denique
3410 1917 3467 1981 si
3492 1916 3676 1983 Deus
3720 1917 4093 1993 tardaverit,
4140 1916 4553 1981 nihilominus
4585 1918 4745 1998 patien-

2918 2007 3017 2066 ter
3062 2010 3371 2065 eventum
3408 2003 3899 2084 praestolemur,
3948 2002 4214 2084 quinon
4259 2012 4470 2085 potest
4490 2001 4746 2066 nisibenus

2909 2096 2983 2149 et
3023 2086 3337 2151 salutaris
3381 2108 3544 2164 esse,
3590 2088 4117 2170 quandoquidem
4161 2109 4307 2153 sese
4331 2086 4505 2152 Deus
4543 2096 4747 2151 nostrum

2917 2169 3326 2237 defensorem
3373 2184 3440 2237 et
3476 2186 3905 2255 promotorem
3953 2174 4248 2256 profiteri
4296 2173 4510 2239 voluit.
4561 2172 4749 2237 Paucas

2916 2259 3138 2339 itaque
3227 2266 3455 2322 nostra
3512 2280 3600 2323 ex
3656 2261 3874 2324 animo
3931 2258 4371 2335 detestemur,
4429 2278 4542 2339 quo
4578 2256 4747 2322 facilius

2919 2345 3178 2409 veniam
3245 2346 3671 2426 impetremus
3737 2364 3774 2407 a
3839 2344 4160 2420 Domino,
4229 2352 4301 2409 et
4379 2340 4753 2408 misericordi-e

2917 2429 3121 2512 ipsius
3141 2428 3373 2494 effecta
3395 2431 3780 2512 sentiamus,
3827 2431 3941 2510 qui
3978 2430 4326 2495 brachium
4351 2450 4530 2495 suum
4549 2429 4751 2492 exseruit

2906 2514 3236 2580 adversus
3296 2511 3590 2580 Satanae
3655 2516 4051 2597 potentiam,
4115 2527 4186 2579 et
4263 2514 4756 2580 misericordiarum

2916 2619 3188 2665 suarum
3233 2598 3317 2665 ad
3359 2621 3479 2666 nos
3520 2600 3960 2667 sublevandos
4003 2599 4386 2665 rmordatns
4420 2610 4527 2663 est.
4577 2598 4753 2663 (laven-

2917 2686 3074 2750 dum
3145 2706 3339 2768 porro
3421 2707 3505 2751 ne
3591 2684 3749 2768 quid
3815 2706 3855 2749 a
3931 2686 4120 2751 nohis
4193 2684 4496 2751 simulate
4560 2692 4756 2766 gemus,

2917 2770 2976 2835 si
3037 2771 3257 2837 Deum
3327 2772 3679 2855 propitium
3749 2770 3935 2837 nobis
4007 2792 4150 2836 esse
4213 2772 4536 2853 cupimus:
4584 2776 4638 2833 et
4675 2778 4756 2829 stt·

2917 2856 3235 2921 tuendum
3282 2857 3503 2922 irritas
3549 2859 3684 2922 fore
3728 2857 4024 2922 omnium
4067 2856 4362 2921 hostiam
4411 2853 4757 2922 comminatio·

2917 2962 3070 3019 nes,
3128 2943 3252 3007 etsi
3310 2962 3431 3007 nos
3479 2941 3675 3009 -Deus
3734 2942 4075 3007 hominum
4129 2943 4443 3024 opinione
4495 2940 4758 3004 doeeruioee

2918 3026 3237 3103 videatur,
3284 3040 3352 3093 et
3395 3026 3477 3094 ab
3523 3028 3819 3093 hostibus
3865 3027 4196 3094 lacerandi
4237 3038 4310 3092 et
4337 3023 4756 3092 dmomdim

2917 3121 3140 3178 mento
3186 3113 3544 3193 videamur,
3586 3111 4114 3196 quandoquidem
4136 3112 4338 3179 Deus
4371 3113 4550 3177 nobis
4585 3109 4756 3175 seham

2917 3200 3170 3265 exitum
3217 3198 3491 3265 daturus
3534 3209 3653 3279 est,
3703 3208 3774 3265 et
3815 3197 4112 3264 hostibus
4154 3218 4486 3267 summam
4525 3192 4756 3262 confisu-

2916 3306 3065 3349 nem
3111 3285 3544 3349 immissurus.
3589 3284 4035 3365 Quamobrem
4059 3305 4187 3366 quo
4233 3285 4487 3349 maiore
4525 3282 4696 3345 furore
4719 3278 4758 3339 in

2915 3389 3036 3435 nos
3080 3371 3406 3436 coniurati
3455 3369 3675 3437 hostes
3697 3372 4026 3453 impetum
4069 3371 4371 3447 fecerint,
4411 3367 4756 3433 eovebema·

2921 3457 3049 3521 tius
3092 3455 3163 3520 in
3208 3454 3336 3520 Dei
3396 3456 3650 3521 cultum
3706 3455 4179 3533 incumbamus,
4241 3466 4315 3521 et
4359 3458 4430 3520 in
4469 3454 4643 3536 ipsius
4674 3447 4760 3513 ube

2915 3538 3165 3605 diemtia
3211 3562 3331 3605 nos
3375 3542 3844 3620 contineamus,
3901 3540 4131 3606 sedulo
4189 3543 4415 3624 ipsum
4470 3542 4761 3607 invooenm,

2921 3635 2998 3690 ut
3052 3626 3241 3691 nobis
3287 3647 3476 3691 suam
3526 3628 3929 3692 voluntatem
3977 3626 4350 3709 patefaciat,
4411 3634 4684 3708 quatenus
4715 3613 4764 3680 sd

2920 3712 3205 3777 salutem
3266 3720 3558 3778 nostram
3619 3710 3901 3793 expedit.
3962 3725 4027 3776 et
4073 3733 4155 3777 ne
4213 3734 4343 3778 nes
4387 3712 4454 3775 in
4495 3708 4688 3774 noes-is
4714 3702 4764 3765 tf·

2913 3797 3197 3864 -fectibus
3241 3800 3536 3880 superari
3584 3799 3905 3880 patiatur:
3953 3797 4070 3863 sed
4116 3797 4324 3863 verbo
4367 3816 4486 3863 sno
4525 3796 4766 3886 pascam

2923 3883 2993 3947 in
3055 3902 3131 3948 eo
3194 3883 3332 3948 solo
3392 3884 3962 3967 conquiescamus,
4024 3885 4328 3965 persuasi
4389 3884 4569 3964 longe
4615 3875 4768 3940 mellus

2923 3968 3260 4035 nobiscum
3323 3979 3543 4034 actum
3603 3969 3701 4047 iri,
3758 3968 3818 4033 si
3877 3969 4190 4034 bonitatis
4253 3969 4464 4051 ipsius
4513 3960 4766 4031 scinfillm

2923 4055 3342 4131 senserimus,
3389 4074 3582 4137 quam
3626 4055 3683 4120 si
3729 4053 3964 4119 diaboli
4010 4055 4401 4138 praestigiis
4441 4064 4508 4116 et
4543 4048 4764 4143 illusicnl‘

2926 4140 3046 4206 bus
3089 4140 3265 4222 pleni
3313 4139 3646 4217 fuerimus,
3694 4151 3768 4203 ut
3807 4140 4022 4204 solent
4065 4140 4295 4205 miseri
4341 4139 4441 4203 illi
4477 4135 4766 4203 venefici&

2925 4226 3366 4291 incantatores
3402 4225 3546 4291 istis
3591 4224 3919 4303 delectari,
3963 4234 4031 4289 et
4059 4245 4396 4290 summam
4439 4224 4508 4288 in
4547 4216 4766 4286 inisbo-

2926 4310 3272 4376 titudinem
3326 4311 3662 4393 collocare,
3721 4312 3907 4393 quasi
3966 4311 4402 4376 scientiarum
4442 4308 4686 4372 omniun
4709 4299 4765 4359 b·

2924 4397 3194 4480 stigium
3240 4398 3603 4481 attigerint.
3687 4396 3824 4462 Nos
3860 4416 4018 4462 vero
4077 4409 4315 4460 coum
4373 4395 4765 4481 diseamnsiw

2925 4482 3142 4547 sobrie
3187 4484 3360 4547 inter
3406 4482 3705 4548 homines
3747 4483 4019 4559 versari,
4066 4491 4147 4546 ut
4185 4480 4326 4547 Dei
4376 4480 4572 4546 nostri
4609 4475 4762 4540 bume-

2925 4578 3057 4631 tem
3102 4578 3171 4632 et
3214 4567 3722 4635 misericordiam
3771 4569 3998 4650 quanti
4035 4587 4156 4649 par
4201 4577 4309 4634 est
4357 4566 4653 4633 facientes
4679 4571 4766 4655 ,θ’

2925 4674 3077 4719 nem
3119 4653 3194 4717 in
3237 4653 3383 4736 ipso
3428 4653 3819 4736 sapientiam
3865 4662 3931 4717 et
3961 4652 4320 4720 scientiam
4352 4672 4493 4718 mse
4519 4654 4764 4732 aponum

2923 4741 3225 4815 sciamus,
3269 4759 3470 4820 quam
3512 4737 3959 4805 indesinenter
4002 4737 4325 4821 quamdin
4371 4738 4508 4805 vita
4541 4740 4766 4815 πρεπῆ

2926 4825 3122 4889 suerit
3166 4826 3443 4890 scrutari
3490 4845 3623 4889 non
3666 4823 4067 4890 desinamus.

3093 4908 3236 4974 Iam
3283 4930 3436 4974 vero
3483 4910 3677 4992 agite,
3712 4914 3812 4974 etc.
