5059 6059
793 300 924 378 363

821 458 1434 563 fidemensungatur,
1516 454 1622 519 Vfll
1688 451 1803 537 qui
1839 458 2189 552 ‚perpetuo
2254 450 2688 551 sacerdotium

832 574 1093 648 exerc&
1133 564 1226 609 sic
1263 540 1474 608 fidelis
1516 538 1747 605 domus
1791 538 2049 619 dicitur,
2093 557 2259 621 quae
2302 558 2373 602 in
2416 537 2688 622 longum

841 627 1412 734 aemunaerdurat:
1500 648 1629 709 qua
1691 625 2169 709 significatione
2231 623 2492 706 saepius
2560 642 2730 688 vox.

852 749 965 815 ”a
1050 701 1183 797 filis,
1248 714 1320 780 in
1388 713 1591 779 sacris
1662 723 2031 793 usurpatur.
2119 709 2326 776 Porro
2386 710 2569 775 Deus
2626 730 2697 774 se

849 778 991 899 ιὼξ
1046 822 1145 880 am
1205 798 1608 867 sacerdotem
1648 797 2118 863 suscitaturum
2166 795 2551 860 nominatim
2597 794 2695 860 di·

863 862 963 984 ⁸3„
1014 889 1175 970 nuic
1219 884 1566 951 obiectioui
1607 893 1902 949 occurrat
1945 902 2138 964 quam
2186 881 2395 946 videri
2440 888 2697 965 poterat

871 947 1041 1075 ‘heu
1066 974 1191 1037 rito
1234 972 1570 1046 allaturus,
1630 989 1822 1034 suum
1865 987 2009 1032 esse
2053 966 2508 1042 sacerdotium,
2575 987 2697 1032 nec

935 1087 976 1154 d
1041 1079 1128 1142 gn,
1195 1079 1281 1123 ex
1348 1056 1476 1120 Dei
1542 1053 1990 1136 promissione,
2081 1074 2270 1136 posse
2330 1052 2695 1118 transferri.

890 1115 1362 1250 {tqvecretum
1432 1142 1557 1206 Dei
1623 1139 1797 1204 aliud
1864 1148 1980 1214 est,
2049 1138 2159 1205 cui
2226 1139 2338 1220 qui
2404 1138 2699 1221 loquenti

949 1229 1199 1326 onpat?
1288 1229 1498 1294 Porro
1584 1225 1693 1292 hic
1756 1224 2055 1291 sacerdos
2120 1223 2534 1290 suscitandus
2598 1232 2701 1289 est

911 1287 1055 1413 ‘'³25st
1075 1326 1145 1379 ut
1187 1314 1362 1379 infra
1401 1313 1780 1392 videbimus,
1826 1311 1935 1394 qui
1970 1310 2039 1376 in
2079 1310 2460 1377 Abiatharis
2482 1310 2698 1376 locum

965 1419 1068 1496 ul?
1148 1408 1267 1467 est.
1358 1398 1666 1482 Denique
1736 1397 2056 1481 propheta
2140 1394 2479 1480 subiungit
2541 1395 2699 1461 Heli

930 1458 963 1501 Β
1028 1511 1051 1578 ρ
1110 1507 1186 1552 ac
1243 1504 1662 1561 suscessores,
1722 1504 1797 1548 eo
1847 1483 2251 1567 paupertatis
2305 1481 2700 1548 deventuros

945 1536 1245 1664 pzzouam
1305 1570 1493 1655 panis
1552 1568 1981 1649 emendicent,
2046 1589 2122 1633 ac
2164 1589 2307 1633 sese
2351 1589 2699 1632 nummum

952 1627 1056 1749 u‘s
1102 1660 1469 1724 incurvent.
1558 1655 1729 1720 Nam
1776 1654 1897 1719 etsi
1934 1652 2370 1720 sacerdotibus
2407 1662 2549 1719 erat
2583 1674 2703 1719 sua

965 1713 1362 1859 {attributffi
1421 1741 1736 1825 paucique
1772 1748 1991 1806 essent
2033 1740 2419 1819 sacerdotes,
2480 1750 2700 1805 tamen

984 1837 1117 1928 itas
1182 1827 1526 1914 angustias
1592 1824 1979 1909 redigendos
2045 1835 2119 1890 ut
2184 1847 2419 1909 panem
2478 1846 2702 1892 emen-

996 1923 1380 2010 ,cogantuia
1446 1933 1523 1978 ac
1580 1911 1904 1995 supplices
1961 1920 2181 1994 petere
2241 1922 2313 1976 ut
2371 1911 2454 1977 ad
2500 1932 2702 1976 unam

1003 2055 1013 2068 .
1092 1999 1562 2068 sacerdotalem
1632 1997 2101 2075 dimittantur,'
2156 2018 2281 2080 quo
2345 1996 2702 2066 buccellam

1001 2087 1362 2166 comedant,
1408 2105 1483 2149 ac
1526 2104 1668 2149 sese
1711 2104 1750 2146 a
1794 2084 1962 2148 fame
2009 2092 2336 2148 tueantur.

995 2175 1120 2240 ,aec
1188 2183 1344 2237 sunt
1402 2170 1603 2235 huius
1659 2169 1781 2235 loci
1835 2170 2195 2233 summaria
2250 2170 2465 2251 capita
2522 2167 2705 2252 sigil-

1018 2259 1324 2342 deinceps
1383 2255 1568 2322 nobis
1623 2254 2070 2338 expendenda.
2161 2255 2427 2320 Dictum
2485 2266 2705 2319 autem

985 2346 1272 2423 Domini,
1316 2364 1386 2407 se
1434 2340 1770 2407 brachium
1813 2339 1970 2405 Heli
2016 2349 2419 2406 resecturum
2466 2349 2531 2403 et
2566 2360 2705 2403 am-

979 2449 1169 2506 trum,
1230 2427 1745 2495 consideratione
1803 2425 2077 2510 dignum
2137 2437 2268 2492 est:
2328 2446 2455 2508 quo
2515 2424 2705 2490 doce·

974 2515 1175 2582 :ullas
1219 2515 1407 2580 nobis
1447 2533 1588 2579 esse
1632 2512 1805 2578 vires
1850 2513 1974 2576 nisi
2020 2511 2142 2576 Dei
2190 2511 2435 2577 virtute
2478 2530 2553 2576 ac
2597 2531 2706 2594 po·

969 2643 979 2666 .
1021 2600 1393 2668 fulciantur.
1481 2598 1655 2664 Nam
1700 2596 1943 2663 brachii
1978 2617 2219 2662 nomen
2256 2599 2326 2662 in
2363 2597 2707 2681 scripturis

966 2687 1030 2753 vi
1096 2705 1171 2752 ac
1236 2684 1464 2751 robore
1528 2684 1908 2768 plerumque
1973 2684 2272 2748 sumitur.
2361 2682 2497 2750 Uni
2562 2681 2706 2747 Deo

959 2795 972 2813 ·
1024 2772 1126 2836 vis
1170 2781 1392 2838 nostra
1437 2770 1649 2835 omnis
1694 2780 1958 2852 accepta
2000 2768 2270 2834 ferenda
2313 2777 2433 2848 est,
2495 2789 2536 2833 a
2578 2789 2704 2852 qno

958 2858 1174 2942 gratia
1231 2867 1299 2921 et
1350 2854 1791 2922 misericordia
1834 2863 2195 2939 promanat.
2286 2853 2540 2938 Ecquid
2585 2854 2706 2937 igi-

946 2944 1175 3012 :abent
1233 2944 1527 3009 homines
1581 2940 1662 3007 de
1718 2962 1846 3024 quo
1902 2940 2289 3025 glorientur,
2356 2939 2548 3023 quasi
2593 2939 2707 3005 ad·

894 3026 996 3097 'is
1062 3029 1510 3112 qualecunque
1566 3025 1878 3094 iudicium
1939 3027 2296 3109 perstituri,
2364 3046 2566 3108 quum
2609 3032 2708 3102 {ne

935 3117 1262 3183 ninimum
1307 3115 1572 3197 quidem
1616 3133 1817 3177 aurae
1861 3113 2090 3178 flatum
2136 3112 2511 3177 divinorum
2539 3111 2706 3176 iudi·

930 3224 1018 3268 tm
1076 3202 1432 3267 subsistere
1489 3209 1773 3282 queant:
1838 3197 1952 3263 sed
1996 3208 2225 3264 contra
2268 3206 2450 3263 tanto
2494 3196 2707 3280 magis

923 3285 1029 3356 llis
1072 3287 1479 3352 mortiferum
1520 3282 1839 3368 quidquid
1881 3284 1955 3347 in
1996 3304 2069 3350 se
2114 3283 2380 3348 virtutis
2424 3304 2499 3350 ac
2537 3283 2710 3350 vitae

919 3395 1013 3440 ire
1063 3371 1575 3449 arbitrabuntur,
1634 3377 1876 3452 quanto
1918 3368 2179 3453 longius
2224 3390 2263 3434 a
2307 3368 2452 3434 Deo
2496 3388 2709 3435 reces-

913 3471 996 3538 et,
1046 3459 1171 3524 nisi
1211 3479 1433 3524 coram
1476 3457 1618 3523 Deo
1663 3455 1869 3532 deiici,
1915 3464 1981 3521 et
2025 3455 2314 3521 eiusdem
2359 3454 2710 3537 providen-

956 3566 1097 3611 eese
1152 3543 1471 3610 subiicere
1528 3540 1916 3607 didicerint?
1995 3540 2437 3623 Quamobrem
2493 3538 2714 3606 danda

904 3653 994 3713 ra,
1039 3641 1115 3694 ut
1155 3629 1469 3713 quidquid
1515 3629 1754 3694 virium
1788 3647 1865 3693 ac
1900 3627 2150 3694 roboris
2186 3627 2520 3706 habemus,
2567 3626 2711 3692 Deo

898 3738 969 3782 :ie
1026 3715 1313 3781 feramus
1370 3722 1728 3797 acceptum,
1793 3721 1988 3795 atque
2040 3713 2136 3780 sic
2189 3713 2271 3779 ab
2316 3712 2456 3778 eius
2499 3713 2714 3795 gratia

904 3801 1192 3878 deamus,
1253 3820 1337 3865 ne
1385 3820 1672 3883 uuquam
1720 3797 2128 3866 divellamur.
2217 3798 2491 3864 Certum
2532 3798 2712 3863 enim

874 3959 891 3982 ⁴
932 3906 1160 3952 omnes
1215 3907 1336 3951 sua
1391 3885 1716 3952 industria
1769 3884 2127 3968 gloriantes
2183 3884 2447 3950 tandem
2483 3884 2712 3950 eadem

886 3971 1150 4048 vandos,
1216 3972 1347 4037 imo
1389 3981 1455 4037 et
1499 3972 1568 4036 in
1616 3970 1894 4035 nihilum
1936 3970 2345 4054 redigendos.
2434 3969 2527 4034 Et
2569 3970 2714 4035 viee

880 4073 970 4124 .·sa
1025 4057 1370 4136 discamus,
1434 4057 1561 4123 Dei
1606 4056 1894 4123 bonitate
1935 4058 2030 4123 sic
2074 4056 2216 4135 niti,
2261 4055 2345 4120 ad
2385 4057 2526 4121 eius
2572 4055 2714 4139 glo-

844 4165 943 4210 .m
991 4144 1167 4209 vires
1212 4154 1468 4209 nostras
1510 4143 1935 4222 conferentes,
1980 4150 2052 4206 ut
2091 4139 2317 4207 laudes
2352 4141 2480 4225 ipsi
2514 4141 2714 4206 sacri-

869 4251 1065 4307 smus,
1113 4239 1530 4314 autoremque
1574 4250 1777 4294 unum
1811 4228 2030 4311 ipsum
2065 4228 2385 4293 bonorum
2420 4227 2716 4293 omnium

864 4316 1193 4381 ebromus.
1282 4314 1360 4380 Id
1418 4315 1473 4381 si
1532 4315 1659 4380 rite
1713 4314 1958 4379 factum
2016 4335 2057 4378 a
2116 4313 2305 4379 nobis
2350 4314 2564 4390 fuerit,
2632 4334 2715 4378 ne

858 4402 1148 4467 bitemus
1212 4401 1371 4484 quin
1427 4401 1569 4485 ipse
1613 4399 1785 4465 vires
1828 4420 1983 4466 suas
2027 4399 2097 4463 in
2142 4399 2348 4464 nostri
2392 4398 2715 4466 defensio-

853 4508 933 4552 um
980 4496 1261 4553 exserat.
1350 4487 1441 4552 Et
1485 4485 1566 4552 de
1609 4485 1860 4550 brachii
1905 4505 2063 4551 voce
2108 4485 2447 4551 hactenus.

949 4573 1158 4638 Porro
1223 4574 1295 4638 in
1350 4573 1574 4638 divina
1630 4571 2134 4638 comminatione
2175 4571 2354 4637 istud
2399 4570 2716 4649 adiicitur,

842 4657 1113 4724 aminem
1179 4680 1263 4724 ex
1315 4658 1472 4724 Heli
1529 4657 1777 4723 familia
1819 4657 1900 4722 ad
1945 4665 2342 4723 senectutem
2390 4668 2716 4723 maturam

836 4754 1271 4819 srventurum,
1338 4744 1452 4810 sed
1512 4743 1844 4809 aemulum
1902 4743 1973 4808 in
2029 4743 2243 4809 locum
2287 4742 2493 4826 ipsius
2535 4743 2718 4808 suffi-

832 4828 1104 4896 endum.
1196 4828 1456 4911 Quibus
1535 4828 1752 4897 verbis
1831 4829 2157 4896 Dominus
2218 4828 2501 4913 posteris
2564 4828 2720 4893 Heli

826 4926 1007 4982 otam
1084 4916 1482 5000 ignominiae
1546 4915 1935 4981 inurendam
2002 4914 2325 4981 minatur:
2414 4924 2722 4982 senectus

818 5003 962 5068 nim
996 5002 1328 5085 singulare
1363 5001 1494 5067 Dei
1532 5002 1775 5069 donum
1811 5012 1930 5068 est.
2013 5001 2161 5067 Etsi
2196 5001 2404 5067 libens
2438 5021 2720 5085 agnosco

772 5133 781 5142 -
814 5099 880 5154 ot
937 5088 1266 5154 aerumnis
1307 5088 1619 5155 miseram
1659 5087 1833 5155 hanc
1876 5089 2082 5154 vitam
2126 5087 2389 5170 plenam
2431 5107 2593 5166 esse,
2648 5094 2722 5152 ut

810 5172 1087 5239 ‘ideatur
1151 5173 1310 5239 felix
1372 5194 1599 5241 eorum
1664 5173 1944 5241 conditio
2011 5173 2250 5256 quibus
2316 5172 2534 5239 exitus
2571 5193 2724 5239 cum

2438 259 2852 328 HOMILIA
2907 260 3073 328 XII.

4587 267 4694 335 364

2791 451 3092 537 ingressu
3138 471 3312 518 unus
3354 458 3423 518 et
3463 452 3638 518 idem
3683 459 3803 520 est.
3893 451 4147 536 Ecquid
4193 453 4368 519 enim
4402 454 4567 520 aliud
4598 467 4696 537 est,

2793 539 3061 604 obsecro
3118 537 3455 603 hominum
3517 539 3656 604 vita
3698 558 3898 621 quam
3941 549 4299 622 perpetuus
4340 540 4606 625 languor
4640 555 4698 610 et

2794 621 3188 710 aegritudo?
3269 623 3443 689 Nam
3510 625 3568 690 si
3632 624 3892 707 quando
3952 646 4092 691 sese
4149 625 4347 691 rebus
4406 630 4697 710 prosperis

2795 709 3019 795 gaudii
3076 719 3145 774 et
3204 709 3490 775 laetitiae
3548 709 3737 776 nobis
3794 710 4067 776 offertur
4123 713 4393 792 occasio,
4457 712 4697 782 subinde

2797 808 3014 862 tamen
3060 804 3127 860 et
3172 807 3499 860 momento
3545 816 3738 878 saepe
3778 794 3846 860 in
3893 797 4224 862 tristitiam
4273 797 4526 876 desinit,
4565 800 4700 866 adeo

2797 892 2871 947 ut
2913 883 2969 946 si
3006 881 3144 947 dies
3178 881 3534 948 hodiernus
3558 883 3744 948 nobis
3765 881 3990 947 beatus
4027 882 4389 963 afflulserit,
4451 887 4701 951 crastino

2797 988 2947 1033 cum
3019 966 3360 1033 infortuno
3426 967 3870 1033 colluctemur.
3972 968 4279 1052 Exempli
4337 970 4574 1052 gratia:
4639 970 4703 1037 Si

2800 1054 3124 1119 Dominus
3167 1052 3482 1118 familiam
3528 1054 3732 1131 auxit,
3789 1054 4010 1119 liberis
4033 1056 4438 1138 praesertim,
4482 1056 4702 1123 aceub-

2798 1140 2953 1205 inde
3020 1160 3191 1205 unus
3254 1149 3323 1205 et
3364 1139 3533 1204 alter
3576 1151 3786 1206 morte
3831 1140 4209 1222 perimatur,
4255 1151 4564 1223 quautam
4605 1164 4703 1225 pu·

2801 1235 3015 1292 tamus
3066 1225 3265 1290 huius
3325 1225 3607 1292 familiae
3666 1224 4174 1292 desolationem?
4236 1227 4407 1292 Nam
4467 1227 4524 1294 si
4562 1250 4706 1294 unus

2802 1323 3057 1377 tantum
3125 1331 3162 1375 e
3225 1310 3440 1377 medio
3508 1311 3885 1390 tolleretur,
3950 1312 4272 1378 consolari
4315 1334 4462 1379 sese
4504 1313 4707 1397 reliqui

2801 1396 3274 1481 quodammodo
3318 1406 3614 1480 possunt,
3659 1396 3774 1464 sed
3819 1397 3879 1463 si
3924 1398 4005 1463 ad
4050 1399 4559 1465 internecionem
4594 1411 4708 1465 tota

2802 1484 3050 1549 familia
3114 1482 3468 1560 devenerit,
3557 1502 3753 1566 quam
3819 1483 3887 1549 id
3952 1484 4319 1550 luctuosum
4387 1495 4455 1549 et
4517 1484 4708 1569 deplo-

2803 1568 3131 1636 randum?
3180 1567 3404 1649 Quare
3448 1569 3504 1634 si
3550 1568 3811 1651 quando
3848 1569 4176 1653 prosperis
4213 1589 4289 1635 ao
4325 1570 4515 1637 laetis
4547 1575 4711 1637 rebus

2803 1657 3101 1734 fruimur,
3146 1653 3422 1720 subinde
3467 1655 3693 1719 multis
3736 1653 4030 1721 adversis
4073 1657 4577 1739 permiscentur:
4618 1656 4709 1721 de·

2805 1741 3004 1825 nique
3046 1741 3104 1805 si
3146 1749 3306 1822 quot
3350 1740 3741 1823 quantisque
3783 1740 4192 1807 offendiculis
4226 1743 4369 1809 vita
4404 1742 4710 1808 hominum

2805 1827 3100 1909 exposita
3164 1826 3251 1890 sit
3314 1825 3709 1904 intueamur,
3777 1827 4045 1892 minime
4112 1828 4476 1894 dixerimus
4538 1829 4714 1894 vitam

2804 1934 2947 1980 esse
3005 1911 3251 1977 bonum
3308 1911 3764 1995 expetendum,
3822 1913 3938 1979 sed
3993 1923 4269 1979 mortem
4343 1915 4559 1997 potius
4620 1913 4716 1978 eli·

2805 1997 3118 2084 gandam:
3185 1998 3569 2081 praesertim
3634 1999 3688 2064 si
3750 2019 3902 2066 eum
3965 1998 4211 2066 crebris
4269 1998 4530 2077 morbis,
4593 2019 4716 2065 cum

2804 2090 3208 2168 paupertate,
3274 2104 3426 2149 cum
3486 2084 3714 2149 mortis
3762 2084 4034 2150 horrore
4077 2093 4146 2149 et
4186 2084 4332 2150 aliis
4375 2082 4718 2152 istiusmodi

2805 2169 3234 2236 incommodis
3278 2178 3345 2234 et
3387 2168 3646 2236 damnis
3690 2169 4138 2250 colluctemur,
4209 2168 4449 2253 quibus
4494 2172 4561 2235 in
4600 2171 4715 2235 dies

2805 2255 3145 2321 deficimus
3218 2275 3295 2321 ac
3361 2253 3430 2319 in
3493 2254 3771 2320 nihilum
3834 2254 4211 2341 redigimur.
4301 2257 4717 2322 Nihilominus

2809 2351 3026 2406 tamen
3064 2340 3192 2405 Dei
3229 2339 3489 2408 bonitas
3510 2341 3576 2405 in
3599 2342 3902 2408 omnibus
3928 2341 4072 2408 istis
4094 2341 4432 2408 aerumnis
4455 2342 4723 2426 splendet

2809 2449 2884 2493 ac
2945 2427 3161 2507 micat,
3218 2436 3293 2491 ut
3349 2438 3602 2492 astrum
3644 2426 3717 2493 in
3763 2426 4069 2506 tenebris,
4124 2437 4198 2492 ut
4242 2448 4376 2493 non
4420 2428 4720 2493 immerite

2810 2512 2947 2577 vita
2987 2511 3294 2595 hominis,
3338 2519 3405 2577 et
3443 2512 3586 2595 ipsa
3627 2523 3931 2579 senectus
3972 2513 4046 2579 in
4091 2513 4279 2580 bonis
4322 2525 4719 2598 reponantur.

2809 2597 3058 2664 Idcirco
3124 2597 3450 2663 Dominus
3515 2598 3805 2663 minatur
3869 2599 4007 2664 fore
4073 2600 4259 2665 utin
4303 2600 4554 2665 familia
4594 2598 4723 2664 Heli

2809 2684 3032 2750 nullus
3088 2690 3527 2761 consenescat,
3587 2685 3773 2766 quasi
3830 2682 4013 2750 Deus
4067 2684 4210 2770 ipse
4252 2685 4456 2751 morti
4498 2683 4724 2751 addicat

2810 2779 2876 2835 et
2919 2770 3194 2852 ipsemet
3237 2769 3572 2835 interimat
3617 2790 3845 2836 omnes
3883 2770 4041 2836 Heli
4075 2780 4388 2853 posteros,
4434 2781 4509 2837 ut
4539 2791 4723 2836 sacer·

2812 2855 3011 2921 dotali
3069 2853 3374 2937 deinceps
3416 2854 3736 2939 dignitate
3780 2856 4138 2939 priventur.
4232 2855 4451 2940 Saepe
4495 2855 4726 2940 quidem

2811 2962 3015 3007 unum
3060 2948 3176 3006 aut
3218 2939 3495 3007 alterum
3540 2950 3757 3008 morte
3799 2943 4034 3025 perimi
4076 2942 4147 3006 in
4192 2943 4480 3019 familiis,
4545 2953 4611 3008 at
4646 2952 4726 3005 to·

2812 3035 2954 3094 tam
2989 3026 3325 3111 exstingui
3369 3027 3678 3092 familiam
3726 3048 3875 3094 raro
3921 3028 4235 3094 videmus.
4304 3028 4401 3094 At
4436 3028 4545 3095 hic
4569 3026 4723 3092 Deus

2811 3133 3107 3179 severam
3154 3112 3387 3178 iudicis
3432 3110 3789 3179 vindictam
3834 3123 4130 3195 exercet,
4186 3121 4256 3179 et
4295 3114 4368 3178 in
4418 3115 4541 3179 hac
4581 3133 4730 3179 eom·

2814 3199 3180 3265 minatione
3223 3198 3487 3265 divinae
3539 3198 3678 3263 irae
3734 3199 4002 3282 signum
4056 3207 4361 3284 apparet:
4425 3199 4609 3284 quasi
4643 3216 4728 3263 se·

2811 3293 2999 3369 paret
3061 3304 3102 3350 a
3166 3282 3436 3367 reliquis
3493 3292 3561 3350 et
3617 3285 3888 3353 seorsim
3947 3284 4206 3354 ordinet
4262 3286 4404 3352 irae
4450 3307 4526 3353 ac
4567 3282 4732 3352 morti

2812 3370 3187 3437 destinatos.
3276 3370 3528 3438 Omnes
3634 3370 3853 3436 uidem
3911 3371 4123 3438 fateor
4184 3371 4265 3437 ab
4319 3371 4469 3455 ipso
4527 3368 4729 3436 matris

2810 3464 2997 3522 utero
3042 3455 3238 3521 morti
3280 3477 3508 3523 sumus
3633 3456 3809 3537 dict-i,
3855 3478 4089 3523 verum
4133 3464 4357 3524 tamen
4399 3478 4486 3522 ex
4531 3456 4728 3524 eadem

2812 3542 3060 3607 familia
3115 3541 3417 3607 nonnulli
3482 3542 3565 3607 ad
3622 3555 3948 3608 maturam
4006 3553 4288 3609 aetatem
4341 3544 4724 3627 perveniunt,

2813 3628 2924 3694 alii
2967 3628 3326 3693 immatura
3369 3637 3580 3693 morte
3625 3630 4159 3711 praeveniuntur,
4207 3638 4280 3694 ut
4323 3650 4464 3694 non
4501 3648 4627 3694 una
4656 3627 4730 3692 sit

2815 3713 3111 3781 omnium
3184 3713 3492 3780 conditio.
3581 3712 3712 3780 Sed
3787 3735 3990 3797 quum
4063 3714 4381 3781 adversus
4443 3714 4728 3780 familiam

2815 3820 3016 3865 unam
3081 3799 3205 3866 hoc
3270 3798 3607 3866 decretum
3670 3798 3796 3865 Dei
3865 3800 4092 3878 fertur,
4159 3812 4237 3866 ut
4295 3801 4523 3867 nullus
4565 3800 4629 3865 in
4667 3816 4730 3863 es

2814 3892 3214 3952 senectutem
3279 3887 3636 3968 contingat,
3700 3885 3962 3951 divinae
4026 3886 4318 3952 iustitiae
4383 3895 4455 3952 et
4518 3884 4725 3951 furoris

2814 3970 3079 4054 signum
3121 3980 3222 4037 est
3258 3993 3391 4036 non
3429 3971 3715 4037 dubium.
3804 3972 3982 4038 Hinc
4015 3970 4360 4050 discamus,
4407 3974 4533 4038 etsi
4571 3968 4725 4035 uobis

2814 4057 2977 4124 haec
3037 4055 3171 4121 vita
3227 4057 3451 4123 multis
3506 4076 3655 4121 cum
3698 4057 4036 4142 angustiis,
4096 4058 4432 4124 aerumnis
4477 4067 4547 4123 et
4586 4055 4726 4121 cala·

2817 4141 3158 4207 mitatibus
3194 4140 3617 4227 transigenda
3650 4152 3768 4223 est,
3813 4152 4036 4209 tamen
4072 4144 4200 4208 Dei
4233 4143 4725 4210 benedictionem

2815 4228 3045 4312 quanti
3102 4249 3222 4311 par
3278 4237 3378 4293 est
3434 4229 3662 4307 facere,
3728 4236 3803 4295 ut
3858 4229 4175 4295 adversus
4217 4229 4547 4313 quaslibet
4587 4227 4727 4294 cela-

2815 4315 3081 4380 mitates
3115 4314 3540 4396 imperterriti
3574 4314 3867 4380 animum
3903 4315 4350 4394 obfirmemus,
4397 4324 4478 4381 ut
4516 4315 4728 4378 maiore

2818 4421 2995 4480 cura,
3053 4398 3288 4481 studio,
3343 4400 3563 4467 labore
3620 4409 3689 4466 et
3731 4401 4161 4468 sollicitudine
4205 4402 4274 4466 iu
4319 4402 4464 4467 eius
4507 4400 4727 4467 cultum

2818 4496 2884 4551 et
2947 4486 3261 4551 honorem
3325 4486 3796 4564 incumbamus,
3862 4507 4065 4569 quum
4130 4487 4204 4551 in
4265 4486 4572 4552 omnibus
4611 4482 4728 4549 istis

2818 4570 3320 4638 difficultatibus
3379 4582 3688 4655 paternus
3748 4571 3888 4637 eius
3946 4575 4014 4637 in
4073 4592 4194 4637 nos
4243 4572 4509 4638 animus
4566 4567 4729 4637 afful-

2819 4669 2998 4742 geat:
3066 4658 3250 4723 cuius
3307 4668 3574 4742 gustum
3630 4667 3891 4724 tantum
3948 4657 4230 4741 aliquem
4272 4658 4342 4723 in
4402 4658 4507 4723 his
4566 4653 4727 4722 terris

2820 4744 3155 4821 habemus,
3224 4742 3427 4810 donec
3485 4743 3750 4809 tandem
3811 4744 3902 4809 in·
3925 4755 4226 4810 aeternas
4264 4742 4454 4810 sedes
4499 4749 4728 4823 receptu

2819 4830 2950 4895 iam
2994 4829 3146 4894 inde
3189 4837 3342 4894 ante
3383 4829 3554 4894 iacta
3596 4828 3826 4896 mundi
3871 4828 4298 4895 fundamenta
4343 4837 4730 4913 praeparem

2821 4935 2897 4980 eo
2943 4914 3132 4999 plene
3169 4914 3489 4979 fruamur.
3579 4916 3831 4981 Verum
3867 4917 4042 4982 eium
4083 4936 4236 4981 vero
4278 4925 4346 4982 et
4379 4916 4507 4982 hoc
4538 4915 4728 5007 obser-0

2823 5000 3133 5077 vandum,
3202 5000 3420 5065 Deum
3480 5021 3564 5066 ex
3622 5001 3724 5068 his
3780 5003 3973 5069 terris
4031 5000 4435 5067 auferentem
4494 5019 4602 5065 eos
4638 5016 4727 5093 φρ

2823 5107 2956 5152 ιιοιι
3013 5094 3279 5153 matura
3327 5091 3541 5151 morte
3601 5088 4131 5170 praeveniuntur,
4202 5088 4298 5153 sic
4352 5082 4728 5170 temporariis

2823 5173 3051 5256 poenis
3107 5192 3218 5240 eos
3261 5171 3536 5253 afficere,
3595 5182 3674 5238 ut
3716 5181 3938 5240 tamen
3983 5193 4115 5240 non
4157 5173 4305 5240 ideo
4348 5171 4624 5240 deterior
4659 5167 4731 5233 sit
