5059 6059
268 313 376 378 265

263 514 348 568 cst
417 498 669 565 inscius.
756 497 932 579 Quid
1005 519 1161 584 ergo
1226 498 1400 565 aliud
1459 519 1608 563 eum
1684 498 1899 564 facere
1978 497 2148 563 velle

263 585 608 662 dixerimus,
631 604 825 667 quam
850 585 975 650 Dei
998 583 1326 651 decretum
1351 584 1733 662 rescindere,
1755 592 1821 647 81
1833 583 2149 648 invictam

264 674 444 756 ipsius
484 670 883 736 voluntatem
926 670 994 734 in
1039 670 1447 735 mendacium
1491 668 1790 734 vertere?
1837 668 1971 735 Sed
2005 669 2150 734 istis

263 758 486 823 artibus
525 754 824 837 sperabat
868 776 936 820 se
972 755 1114 820 Deo
1153 756 1344 822 etiam
1380 755 1586 820 invito
1620 775 1893 838 regnum
1929 764 2148 819 reten-

262 854 479 908 turum.
563 840 652 904 Et
693 839 848 922 quid
893 840 1154 905 tandem
1199 841 1364 905 lucri
1405 841 1576 918 fecit,
1623 840 1747 905 nisi
1791 838 1959 922 quod
1996 839 2149 904 hor-

1490 310 1587 374 IN
1639 311 1684 375 I.
1732 311 1908 376 121ss.
1957 307 2354 376 SAMUEL.
2400 310 2597 376 GAP.
2643 312 2903 377 XVIII.

3644 272 3679 295 Ι

4035 316 4161 381 266

2771 502 3255 584 HOMILIA
3304 503 3636 585 LXVII.

2425 667 2523 733 10.
2594 668 2740 735 Post
2791 671 2955 735 diem
3011 677 3213 736 autem
3269 672 3546 747 alteram,
3612 674 3843 738 invasit
3894 675 4164 753 spiritus

2254 755 2378 821 Dei
2422 755 2626 820 malus
2672 755 2844 831 Saul,
2892 761 2946 820 ct
2968 757 3372 838 prophetabat
3406 759 3474 822 in
3508 760 3705 824 medio
3738 759 3955 824 domus
3987 780 4161 824 suae.

2251 839 2469 905 David
2526 845 2728 905 autem
2774 842 3077 922 psallebat
3115 863 3308 907 manu
3348 864 3486 920 sua,
3542 845 3701 908 sicut
3733 865 3850 924 per
3890 844 4167 927 sinyulos

263 927 504 993 rendam
582 937 647 991 et
723 926 1110 1009 stupendam
1176 936 1449 991 mortem
1514 925 1586 990 in
1649 948 1719 991 se
1783 923 2147 990 derivavit?
2253 926 2404 991 dics.
2499 926 2881 1008 Tenebatque
2942 926 3102 992 Saul
3143 928 3428 993 lanceam.
3518 930 3617 993 11.
3664 929 3750 993 Et
3791 931 3966 994 misit
4007 951 4163 997 eam.

262 1013 506 1078 Saulem
551 1011 766 1093 itaque
808 1011 1104 1076 videmus
1147 1011 1292 1077 istis
1333 1012 1467 1076 suis
1511 1009 1677 1075 dolis
1716 1021 1782 1074 81
1824 1011 2013 1075 1118118
2047 1030 2151 1074 81·-

262 1098 414 1163 tibus
467 1097 608 1160 Deo
673 1117 927 1178 semper
969 1096 1317 1161 restitisse:
1374 1106 1439 1160 et
1479 1116 1597 1179 pro
1641 1095 1883 1160 viribus
1926 1116 2151 1178 procu-

259 1204 418 1248 rasse
457 1192 529 1247 ut
572 1181 656 1246 ad
691 1181 1128 1247 Ionathanum
1163 1181 1368 1247 filium
1407 1193 1547 1262 post
1582 1202 1651 1244 88
1686 1181 1871 1264 regni
1907 1200 2150 1262 posses-

257 1270 481 1333 sionem
541 1268 1038 1331 transmitteret.
1126 1265 1256 1332 Sed
1318 1267 1559 1330 frustra
1617 1266 1759 1330 Deo
1803 1266 2149 1331 resistitur.

257 1354 577 1418 Patienter
625 1354 793 1417 ferre
837 1350 1112 1418 debebat
1154 1351 1484 1417 decretum
1528 1350 1657 1415 Dei
1700 1350 1870 1433 quod
1913 1353 2153 1415 immu-

257 1450 384 1503 tare
424 1458 550 1502 non
596 1447 868 1519 poterat,
910 1446 976 1502 et
1017 1436 1539 1520 quandoquidem
1584 1436 1793 1501 officio
1837 1456 1968 1500 non
2011 1435 2154 1500 fue·

255 1536 347 1587 rat
406 1522 764 1599 defunctus,
834 1532 899 1586 et
961 1531 1224 1605 propter
1291 1522 1758 1586 contumaciam
1825 1542 2008 1585 suam
2075 1520 2154 1585 de

257 1629 440 1691 regno
496 1607 681 1673 deiici
736 1607 1008 1673 meritus
1065 1611 1293 1684 fuerat,
1359 1607 1437 1670 ad
1484 1606 1608 1671 Dei
1651 1605 2151 1671 misericordiam

256 1693 586 1776 confugere
623 1702 689 1757 81
719 1691 975 1758 divinae
1010 1693 1428 1776 castigatione
1463 1692 1747 1757 cervices
1777 1692 2155 1757 submittere

255 1777 531 1855 debebat,
578 1777 964 1861 veniamque
1008 1777 1369 1860 deprecari:
1420 1787 1495 1841 ut
1528 1796 1770 1859 poenae
1807 1777 2153 1860 mitigatio·

255 1884 393 1926 nem
451 1863 851 1946 impetraret.
940 1862 1072 1928 Sed
1128 1863 1280 1927 dum
1334 1861 1550 1926 odium
1594 1862 1905 1927 adversus
1947 1860 2151 1927 Davi-

254 1947 389 2013 dem
431 1950 633 2031 fovet‚
678 1957 741 2012 et
784 1946 1096 2013 adversus
1138 1950 1349 2031 ipsum
1395 1947 1641 2013 invidia
1676 1948 1974 2031 ringitur,
2019 1946 2152 2012 bel-

252 2034 504 2116 lumque
562 2034 852 2117 suscipit,
911 2032 1063 2114 quid
1121 2032 1296 2098 aliud
1352 2041 1693 2117 promovet
1747 2053 1937 2114 quam
1984 2032 2151 2113 quod

252 2119 486 2183 malum
553 2139 743 2184 suum
809 2117 1045 2200 auget?
1112 2119 1201 2183 Et
1258 2130 1475 2182 tamen
1519 2126 1653 2183 tam
1698 2118 1862 2183 81188
1903 2117 2154 2183 radices

253 2204 378 2286 egit
419 2204 489 2267 in
533 2205 740 2286 ipsius
781 2218 1039 2287 pectore
1075 2203 1383 2269 adversus
1419 2202 1732 2267 Davidem
1770 2203 1966 2268 semel
2002 2222 2152 2266 con-

252 2297 504 2371 ceptum
548 2288 788 2364 odium,
842 2299 913 2352 ut
957 2309 1284 2371 nunquam
1329 2288 1660 2370 exstingui
1700 2289 2001 2370 potuerit,
2044 2285 2155 2352 sed

251 2375 458 2456 potius
501 2375 572 2438 in
609 2374 745 2439 dies
780 2374 1111 2440 exarserit.
1197 2373 1375 2439 Hinc
1411 2373 1523 2438 illa
1556 2374 1897 2456 simulatio,
1936 2383 2002 2437 et
2037 2373 2155 2456 hy-

252 2459 529 2542 pocrisis,
577 2457 749 2541 quod
794 2458 1133 2536 Davidem,
1178 2478 1368 2542 quem
1411 2457 1637 2523 oderat
1678 2478 1834 2523 cane
1877 2459 2059 2541 peius
2094 2466 2158 2521 81

249 2564 473 2628 angue,
541 2556 762 2609 tamen
827 2544 996 2626 apud
1060 2565 1131 2610 se
1194 2546 1471 2609 retineat
1535 2556 1605 2607 111
1668 2544 1887 2608 favore
1945 2543 2157 2626 ipsum

250 2631 561 2713 conplecti
601 2628 915 2707 videatur,
950 2637 1017 2694 et
1049 2630 1230 2695 varia
1264 2627 1570 2693 mandata
1604 2629 1826 2712 magni
1847 2628 2159 2693 momenti

249 2714 370 2792 det,
430 2716 557 2780 etsi
618 2735 954 2797 nunquam
1010 2714 1206 2780 rectis
1247 2714 1447 2779 oculis
1488 2734 1635 2778 eum
1680 2713 2053 2796 inspexerit,
2121 2735 2160 2778 a

248 2820 372 2882 qua
427 2801 537 2865 die
601 2799 822 2865 laudes
879 2800 1027 2865 illas
1083 2799 1356 2866 Davidis
1413 2798 1661 2864 audivit
1704 2819 1742 2862 a
1784 2798 2161 2863 mulieribus

246 2884 626 2967 praedicari.
715 2885 941 2968 Neque
1025 2885 1198 2951 enim
1269 2885 1407 2950 eius
1475 2884 1829 2951 commodis
1891 2882 2159 2960 studuit,

246 2991 433 3052 quem
501 2971 700 3037 rectis
765 2971 968 3036 oculis
1033 2990 1164 3036 non
1233 2969 1413 3049 vidit,
1476 2970 1597 3035 etsi
1641 2969 1811 3035 domi
1857 2968 2156 3034 retinuit:

247 3054 354 3121 sed
409 3058 631 3139 potius
673 3059 812 3121 81118
854 3056 1126 3121 exitium
1169 3076 1287 3137 pro
1331 3055 1582 3121 viribus
1622 3055 1960 3136 quaesivit.
2046 3054 2158 3117 In-

251 3143 437 3206 terim
483 3163 647 3207 vero
692 3140 873 3207 Deus
913 3163 1061 3207 eum
1104 3140 1405 3217 cohibuit,
1465 3141 1964 3222 munificumque
2006 3159 2160 3220 erga

248 3248 391 3291 eum
437 3247 640 3310 quem
680 3226 903 3292 oderat
945 3247 1085 3291 esse
1128 3227 1233 3290 vel
1277 3227 1558 3292 invitum
1599 3228 1829 3309 coegit.
1916 3224 2156 3305 Quam-

243 3313 463 3377 obrem
525 3334 610 3376 ex
668 3313 795 3377 ista
853 3310 1072 3378 Saulis
1128 3311 1455 3395 hypocrisi
1523 3311 1843 3377 discamus
1914 3330 2156 3395 sapere,

245 3407 308 3460 et
348 3398 418 3462 in
465 3397 849 3462 memoriam
896 3417 1266 3462 revocemus
1310 3396 1552 3461 dictum
1594 3395 1756 3461 illud
1790 3394 2052 3460 Ioannis
2087 3396 2157 3459 in

247 3482 459 3564 priore
504 3502 628 3548 8118
669 3483 993 3560 8811011188,
1061 3502 1180 3547 1108
1243 3481 1388 3546 odio
1445 3480 1756 3546 habentes
1808 3482 2158 3564 proximos,

247 3587 380 3632 non
437 3588 634 3651 posse
687 3567 829 3632 fieri
887 3567 1070 3651 regni
1127 3566 1416 3632 caelestis
1459 3565 1801 3632 haeredes:
1871 3564 2042 3648 quod
2095 3576 2161 3631 et

247 3651 330 3715 D.
385 3653 644 3719 Paulus
703 3653 906 3716 altera
964 3652 1364 3717 memorabili
1420 3653 1744 3718 sententia
1786 3652 2155 3716 confirmat:

247 3739 416 3802 Eum
486 3738 601 3821 qui
646 3739 911 3803 fratrem
955 3738 1091 3802 odit
1132 3758 1271 3802 esse
1315 3737 1718 3802 homicidam.
1806 3738 1994 3803 Licet
2035 3736 2160 3802 ita-

244 3843 367 3905 que
410 3824 791 3906 proximum
834 3844 961 3888 non
1007 3823 1358 3887 afficiamus
1403 3823 1661 3901 iniuria,
1715 3842 1923 3905 neque
1964 3822 2160 3886 minis

244 3920 614 3974 terreamus
657 3916 965 3991 tanquam
1010 3908 1281 3972 iniurias
1325 3906 1537 3973 illatas
1580 3907 1800 3984 ulturi,
1843 3918 2060 3971 tamen
2104 3906 2160 3970 81

243 4004 505 4075 pectore
565 3993 781 4058 odium
825 3993 1218 4059 occultemus
1261 4003 1326 4056 et
1368 3994 1715 4069 foveamus,
1770 3993 1899 4056 iam
1944 4012 2159 4056 coram

244 4080 534 4145 Domino
601 4077 1011 4144 condemnati
1075 4099 1318 4151 sumus,
1383 4089 1450 4143 et
1507 4079 1705 4162 digna
1761 4097 2007 4142 merces
2062 4094 2162 4141 est

243 4166 485 4230 nostris
511 4165 705 4230 factis
741 4164 1188 4246 exspectanda.
1252 4162 1596 4228 Discamus
1632 4164 1831 4246 igitur
1864 4161 2160 4245 exemplo

243 4250 488 4326 Saulis,
551 4249 681 4330 qui,
740 4249 907 4331 quod
958 4248 1277 4313 Davidem
1320 4248 1578 4330 quidem
1624 4248 1865 4312 honore
1909 4249 2162 4313 afficere

244 4333 601 4410 videretur,
660 4347 724 4399 et
779 4335 1001 4399 favore
1056 4334 1392 4416 complecti
1449 4353 1793 4416 amaroque
1849 4353 1918 4397 88
1960 4333 2158 4396 simu·

242 4419 428 4496 laret,
479 4418 981 4501 hominibusque
1015 4420 1232 4483 fucum
1267 4419 1524 4497 faceret,
1569 4418 1787 4484 odium
1825 4428 2041 4482 tamen
2063 4419 2163 4482 in-

241 4516 349 4572 tus
394 4507 670 4581 foveret,
730 4527 768 4570 a
813 4504 954 4569 Deo
996 4504 1459 4570 condemnatus
1515 4515 1614 4570 est
1656 4504 1945 4569 cordium
1989 4523 2166 4568 scru-

242 4601 492 4656 tatore:
542 4591 650 4657 cui
693 4590 878 4655 nulla
920 4611 1024 4655 res
1067 4599 1282 4655 creata
1325 4598 1536 4671 potest
1568 4590 1922 4673 imponere,
1966 4609 2167 4672 quan-

244 4676 598 4761 doquidem
652 4676 989 4741 hominum
1047 4675 1239 4740 corda
1294 4676 1365 4739 in‘
1417 4684 1732 4757 potestate
1775 4674 1986 4751 habet,
2044 4695 2171 4756 qua

243 4762 389 4845 ipsa
449 4762 886 4827 remotissima
929 4761 1140 4827 cordis
1184 4761 1541 4843 penetralia
1582 4762 1875 4840 rimatur,
1933 4770 1998 4825 81
2040 4781 2170 4824 11011

244 4847 501 4916 iudicat
548 4870 628 4913 ex
672 4867 890 4912 rerum
938 4858 1354 4912 externarum
1398 4845 1631 4931 specie.

416 4934 568 5000 Iam
616 4954 770 4999 vero
815 4933 1008 5016 agite,
1052 4937 1154 4997 etc.

2242 1016 2481 1091 putans
2538 1012 2699 1093 quod
2754 1012 3043 1096 confiqere
3092 1019 3300 1095 posset
3341 1014 3558 1080 David
3599 1035 3739 1080 cum
3774 1016 4050 1095 pariete:
4109 1020 4166 1078 et

2253 1096 2580 1161 declinavit
2626 1097 2840 1161 David
2882 1120 2924 1163 a
2962 1098 3125 1179 facie
3164 1100 3299 1163 cius
3332 1102 3611 1165 secundo.
3701 1100 3799 1164 12.
3842 1100 3928 1163 Et
3960 1101 4165 1164 timuit

2260 1180 2421 1245 Saul
2462 1203 2503 1245 a
2543 1182 2705 1263 facie
2745 1181 2983 1262 David,
3042 1203 3108 1246 co
3148 1185 3308 1266 quod
3350 1184 3662 1250 Dominus
3707 1191 3859 1250 esset
3899 1205 4039 1250 cum
4079 1205 4165 1264 ec,

2255 1270 2310 1330 ct
2357 1288 2396 1330 a
2439 1286 2504 1332 sc
2546 1268 2905 1333 recessisset.
2994 1268 3094 1334 13.
3139 1270 3391 1335 Amavit
3430 1291 3571 1353 cryc
3613 1291 3751 1334 eum
3798 1270 3956 1336 Saul
3998 1291 4040 1334 a
4081 1290 4164 1346 se,

2257 1356 2312 1415 et
2364 1351 2507 1432 fecit
2563 1372 2702 1416 cum
2743 1354 3057 1417 tribunum
3099 1375 3288 1435 super
3327 1354 3495 1419 mille
3534 1358 3738 1421 viros.-
3802 1362 3858 1419 ct
3900 1357 4163 1437 61918ᾱὸ8·-

2255 1435 2438 1501 batur
2488 1441 2544 1500 et
2601 1438 3067 1521 inqredicbatur
3106 1440 3176 1503 in
3215 1446 3533 1521 conspectu
3584 1441 3823 1522 populi.
3913 1440 4015 1504 14.
4084 1440 4166 1504 In

2255 1520 2538 1586 omnibus
2579 1542 2811 1602 quoquc
2851 1524 2976 1588 viis
3021 1526 3156 1589 suis
3197 1523 3416 1589 David
3448 1527 3790 1605 prudenter
3830 1527 4064 1608 aycbat,
4108 1531 4166 1589 et

2256 1605 2571 1670 Dominus
2628 1612 2759 1671 erat
2811 1628 2950 1673 cum
3004 1630 3087 1673 co.
3178 1608 3277 1673 15.
3340 1610 3511 1675 Vidit
3552 1612 3760 1691 itaque
3803 1609 3962 1675 Saul
4004 1611 4167 1691 quod

2248 1692 2531 1771 prudens
2573 1697 2729 1756 essct
2764 1694 2976 1775 nimi-3,
3021 1700 3075 1757 ct
3115 1696 3301 1776 coepit
3334 1715 3543 1759 cavere
3575 1715 3733 1760 eum.
3797 1697 3897 1760 16.
3950 1695 4167 1760 Omnis

2260 1782 2462 1840 autem
2527 1778 2735 1842 Israel
2789 1783 2842 1842 ct
2898 1778 3069 1844 Iuda
3123 1780 3415 1863 diliyebat
3467 1780 3716 1846 David.-
3778 1783 3912 1862 ipsc
3967 1785 4168 1845 autem

2255 1861 2679 1943 eyrcdiebatur
2718 1868 2773 1927 ct
2813 1864 3273 1945 inmedicbatur
3313 1869 3452 1930 ante
3493 1885 3609 1931 cos.

2427 2030 2912 2097 Consideranda
2955 2034 3136 2099 nobis
3177 2035 3458 2100 occurrit
3497 2033 3878 2100 admiranda
3910 2036 4167 2101 viarum

2256 2116 2522 2181 Domini
2566 2117 2755 2195 ratio,
2798 2130 2864 2182 et
2903 2117 3137 2200 quibus
3182 2119 3388 2186 modis
3424 2140 3542 2186 sua
3576 2120 3839 2187 consilia
3873 2121 4167 2203 perficiat

2256 2212 2322 2266 81
2365 2201 2445 2266 ad
2489 2223 2678 2267 suum
2723 2204 2971 2268 exitum
3015 2205 3355 2287 perducat:
3399 2226 3591 2287 quam
3627 2206 3707 2270 ob
3740 2226 4001 2271 causam
4037 2204 4167 2269 Da-

2260 2287 2473 2352 videm
2541 2287 2744 2355 voluit
2807 2287 2980 2370 apud
3045 2287 3310 2355 Saulem
3377 2310 3657 2370 manere,
3711 2290 3864 2357 licet
3920 2311 4048 2354 non
4093 2312 4170 2354 ea

2261 2380 2430 2436 esset
2472 2392 2658 2437 mens
2701 2382 2765 2438 et
2810 2374 3111 2438 voluntas
3155 2374 3394 2441 Saulis.
3484 2373 3614 2441 Sed
3655 2377 3749 2440 ita
3789 2375 3954 2442 solet
3988 2375 4170 2440 Deus

2260 2457 2632 2523 hominibus
2690 2469 2947 2540 praeter
3000 2460 3284 2542 ipsorum
3341 2460 3605 2526 consilia
3646 2469 3711 2525 81
3753 2461 4171 2545 cogitationes

2261 2544 2376 2608 uti.
2463 2542 2738 2608 Interim
2783 2544 2990 2608 videri
3051 2552 3303 2627 poterat·
3358 2544 3578 2611 David
3637 2547 3826 2628 longe
3870 2546 4172 2610 remotior

2261 2649 2451 2711 quam
2496 2629 2917 2712 propinquior
2959 2628 3113 2694 huic
3156 2631 3290 2713 fini,
3336 2631 3854 2713 quandoquidem
3900 2652 3939 2695 a
3976 2628 4171 2696 Saule

2262 2713 2463 2778 veluti
2505 2716 2803 2798 captivus
2846 2726 2957 2778 aut
3000 2716 3392 2800 mancipium
3428 2716 3745 2799 quoddam
3780 2715 4169 2781 habebatur:

2262 2819 2414 2863 nam
2468 2798 2594 2863 sibi
2649 2798 2986 2864 videbatur
3043 2799 3206 2867 Saul
3260 2801 3382 2866 Dei
3442 2803 3717 2885 gratiam
3774 2821 3960 2883 posse
4016 2820 4170 2882 quo-

2263 2882 2601 2949 dammodo
2666 2885 2913 2950 vincire
2977 2886 3033 2949 si
3098 2884 3269 2951 domi
3336 2886 3656 2952 Davidem
3714 2887 4043 2965 retineret,
4105 2896 4172 2947 et

2262 2972 2478 3033 omnia
2541 2969 2745 3051 ipsius
2788 2970 2955 3034 facta
2998 2971 3344 3053 diligenter
3387 2973 3770 3054 exploraret.
3858 2969 3991 3037 Sed
4033 2973 4167 3052 opi·

2263 3056 2453 3118 nione
2497 3074 2614 3118 sua
2657 3055 2913 3135 excidit,
2962 3066 3035 3119 ut
3075 3056 3240 3121 solet
3274 3057 3456 3121 Deus
3490 3056 3926 3138 improborum
3965 3055 4169 3119 homi-

2264 3160 2418 3202 num
2465 3139 2735 3205 consilia
2776 3141 3075 3224 frangere
3119 3152 3186 3206 et
3227 3143 3296 3205 in
3332 3143 3722 3207 contrarium
3756 3150 4169 3206 commutare.

2261 3223 2731 3290 Verumtamen
2786 3224 3125 3291 hominum
3183 3225 3414 3292 iudicio
3476 3224 3691 3292 David
3746 3226 4091 3291 videbatur
4133 3244 4173 3288 a

2262 3309 2579 3393 dignitate
2617 3309 2793 3394 regia
2828 3313 3310 3387 remotissimus,
3354 3324 3583 3377 contra
3612 3332 3791 3393 spem
3813 3311 3911 3375 illi
3933 3312 4170 3375 factam

2261 3414 2300 3457 a
2344 3394 2663 3460 Samuele.
2725 3394 3051 3478 Deinceps
3094 3398 3404 3480 sequitur,
3445 3397 3742 3478 spiritum
3776 3396 3903 3462 Dei
3935 3396 4171 3460 malum

2261 3481 2570 3545 invasisse
2643 3479 2927 3547 Saulem:
3014 3503 3095 3547 ex
3161 3503 3287 3565 quo
3351 3494 3616 3566 apparet
3681 3503 3808 3546 non
3868 3481 4174 3546 continue

2262 3567 2458 3631 fuisse
2496 3566 2805 3631 afflictum
2844 3564 3127 3639 Saulem,
3172 3567 3283 3632 sed
3320 3588 3437 3650 per
3470 3568 3836 3645 intervalla,
3879 3567 4020 3631 Deo
4056 3565 4173 3630 ali-

2262 3649 2416 3733 quid
2483 3648 2565 3714 de
2619 3651 2790 3715 iusta
2845 3671 2962 3716 sua
3022 3652 3303 3716 vindicta
3355 3654 3727 3717 remittente
3786 3661 3853 3716 et
3894 3652 4175 3734 aliquam

2263 3736 2546 3818 quietem
2607 3735 2793 3800 Sauli
2852 3736 3259 3802 concedente.
3349 3736 3459 3804 Sic
3503 3737 3802 3803 videmus
3846 3737 4175 3821 improbos

2264 3820 2539 3886 subinde
2596 3820 2976 3902 quibusdam
3034 3823 3462 3888 conscientiae
3505 3823 3822 3889 morsibus
3867 3822 4174 3888 excitari:

2264 3914 2331 3971 et
2384 3906 2506 3970 Dei
2567 3906 2999 3988 praesentiam
3043 3906 3326 3987 horrere,
3383 3918 3448 3972 et
3492 3919 3666 3973 metu
3710 3909 4020 3973 attonitos
4062 3905 4177 3971 ob-

2264 4001 2667 4073 stupescere:
2725 3991 2953 4056 deinde
3013 3992 3154 4056 Deo
3196 3990 3437 4075 aliquid
3484 3995 3850 4058 remittente
3892 4001 3958 4057 et
3999 3993 4177 4075 quie·

2266 4086 2395 4140 tem
2460 4076 2745 4159 aliquam
2811 4076 3216 4157 concedente,
3281 4078 3361 4143 ad
3424 4079 3759 4161 ingenium
3817 4076 4045 4155 redire,
4112 4086 4181 4138 et

2265 4161 2390 4226 sibi
2431 4162 2884 4242 impunitatem
2928 4161 3300 4244 pollicentes
3356 4166 3559 4243 magis
3603 4185 3678 4229 ac
3721 4164 3930 4246 magis
3985 4160 4178 4225 indu-

2267 4248 2430 4312 rari:
2490 4246 2735 4329 sibique
2793 4247 3178 4329 persuadere
3236 4248 3488 4317 nullum
3548 4250 3825 4332 amplius
3867 4249 3937 4311 in
3980 4246 4176 4312 coelis

2270 4333 2483 4396 Deum
2548 4334 2731 4398 cuius
2783 4353 2981 4398 manu
3039 4341 3107 4397 et
3162 4335 3407 4399 virtute
3464 4355 3594 4399 non
3653 4343 3987 4418 urgentur.
4074 4330 4179 4393 Ita

2272 4415 2430 4483 Saul
2475 4437 2673 4499 quum
2710 4417 2879 4482 malo
2914 4418 3042 4482 Dei
3074 4419 3307 4501 spiritu
3340 4421 3713 4504 agitaretur.
3800 4418 3929 4482 Hic
3959 4427 4175 4481 autem

2270 4504 2337 4567 in
2404 4504 2777 4568 memoriam
2836 4503 3199 4568 revocanda
3257 4525 3418 4586 quae
3475 4515 3665 4569 antea
3720 4521 4178 4568 commemora-

2272 4589 2502 4665 vimus,
2577 4609 2805 4670 nempe
2879 4587 3053 4653 hunc
3109 4589 3408 4671 spiritum
3466 4589 3710 4653 malum
3780 4587 3995 4653 vocari
4051 4585 4179 4649 Dei

2272 4673 2603 4756 spiritum:
2685 4674 3201 4756 quandoquidem
3286 4674 3468 4739 Deus
3530 4674 3688 4756 ipsis
3754 4672 4021 4737 diabolis
4087 4671 4179 4735 uti

2274 4758 2438 4824 solet
2472 4759 2787 4823 ministris
2821 4780 3083 4824 suorum
3120 4759 3525 4824 iudiciorum.
3603 4756 3796 4838 Quod
3832 4758 3956 4821 nisi
3996 4755 4180 4821 nobis

2278 4865 2657 4927 persuasum
2702 4854 2885 4924 esset,
2929 4844 3138 4925 qualis
3181 4856 3420 4921 nostra,
3465 4863 3716 4927 quaeso,
3763 4844 3923 4908 soret
3966 4840 4182 4907 condi·

2278 4928 2415 4993 tio?
2505 4929 2672 4993 Nam
2727 4930 2781 4992 81
2839 4928 3091 5006 diaboli,
3157 4932 3265 5012 qui
3320 4940 3475 4993 sunt
3525 4929 3732 4992 instar
3786 4927 4181 5012 rugientium

2277 5014 2532 5079 leonum
2577 5014 2849 5095 praedae
2891 5035 3143 5097 semper
3173 5014 3579 5093 inhiantium,
3624 5035 3737 5096 pro
3770 5013 4032 5079 arbitrio
4066 5011 4184 5077 im-

2280 5109 2502 5183 petum
2558 5099 2626 5163 111
2685 5119 2805 5165 1108
2859 5099 3164 5178 facerent,
3227 5110 3473 5164 certum
3516 5108 3616 5164 est
3659 5118 3777 5164 nos
3818 5099 3948 5164 illis
3990 5099 4183 5165 resis-

2281 5185 2475 5250 tendo
2510 5184 2703 5269 longe
2736 5185 3032 5268 impares,
3067 5183 3627 5266 conditionemque
3662 5194 3952 5251 nostram
3990 5185 4182 5268 longe
