5059 6059
298 303 414 371 533

292 490 511 558 Iebooa
550 489 819 575 Sionem,
875 492 1166 575 expetivit
1207 509 1332 575 pro
1385 489 1760 557 habitatione
1797 509 1919 556 sua
1954 490 2188 558 dicens:

292 576 1625 661 Haeeedrequiesmeainsempitemm:
1664 574 2195 643 Mchabitomrus

289 683 436 741 sun,
508 663 658 745 quia
720 661 833 729 hoc
891 663 1316 744 meram
1398 660 1584 729 Dens
1657 661 1875 745 itaque
1938 660 2193 728 nullum

290 758 525 815 certum
567 767 642 815 ac
678 748 885 816 fixum
928 747 1141 816 locum
1185 747 1384 833 elegit
1429 747 1499 813 in
1542 767 1669 831 quo
1712 766 1867 815 arca
1906 747 2189 830 quiesce-

288 843 398 912 ret,
459 833 659 900 donec
718 833 792 898 in
853 843 1076 900 monte
1126 832 1288 900 Sion
1347 832 1787 900 collocaretur.
1873 831 1974 900 Ac
2034 852 2196 898 sane

288 919 494 985 Moses
551 919 631 984 de
668 919 800 985 Dei
842 918 1023 986 cultu
1083 918 1246 984 dans
1289 929 1647 1002 praecepta,
1702 925 1771 985 et
1813 916 1893 983 de
1935 936 2086 985 arca
2127 929 2193 982 et

287 1003 734 1072 sacrificiorum
776 1004 911 1069 ritu
952 1016 1019 1069 et
1060 1005 1305 1083 ordine,
1349 1004 1735 1071 nominatim
1779 1001 1938 1070 dicit
1979 1002 2194 1068 Deum

286 1089 745 1172 exquirendum
809 1089 882 1155 in
949 1089 1089 1156 loco
1152 1109 1345 1174 quem
1378 1089 1472 1156 ‘el
1591 1090 1681 1155 rit
1742 1109 1827 1154 ex
1893 1086 2195 1154 omnibus

285 1173 572 1242 tribubus
627 1173 1013 1253 israeliticis,
1071 1173 1156 1240 ad
1210 1174 1456 1242 colloca
1547 1195 1661 1241 um
1716 1194 1956 1240 nomen
1997 1192 2195 1240 suum

284 1259 383 1327 ibi.
427 1259 682 1342 Quibus
724 1259 944 1327 verbis
984 1258 1228 1326 indicat
1260 1260 1500 1326 multas
1532 1259 1986 1328 conversiones
2017 1277 2193 1326 com-

285 1347 786 1446 mutationesque
820 1347 976 1423 fore,
1017 1346 1223 1412 donec
1254 1344 1439 1413 Deus
1472 1354 1720 1413 certum
1753 1344 1971 1412 locum
2004 1363 2193 1412 arcae

286 1442 346 1496 et
380 1439 745 1497 sanctuario
787 1432 1247 1510 constituisset,
1289 1441 1365 1497 ut
1405 1429 1494 1497 ibi
1538 1431 1875 1499 coleretur.
1941 1430 2192 1496 Idcirco

287 1516 555 1583 vidimus
598 1535 817 1582 arcam
859 1516 974 1582 diu
1014 1517 1274 1583 stetisse
1314 1517 1387 1582 in
1429 1515 1591 1596 Silo,
1634 1515 1787 1583 inde
1829 1515 2195 1583 Oariathia·

284 1602 400 1667 rim
438 1601 802 1683 deductam,
860 1612 931 1668 et
970 1602 1121 1669 alibi
1164 1602 1562 1687 aliquamdiu
1601 1601 1823 1681 fuisse,
1880 1622 1956 1669 ac
1997 1621 2108 1668 sae

284 1686 486 1753 sedem
529 1698 850 1753 mutasse:
888 1707 963 1755 ac
996 1688 1267 1772 proinde
1308 1700 1447 1755 tum
1493 1687 1689 1754 etiam
1721 1688 1791 1753 in
1812 1686 2076 1753 Rhama
2153 1706 2194 1752 a

284 1771 431 1839 urbe
468 1793 615 1839 esse
652 1773 941 1857 potuisse
983 1792 1121 1839 non
1146 1784 1248 1839 est
1273 1773 1559 1840 alienum
1586 1794 1626 1839 a
1651 1792 1829 1840 vero.
1895 1770 2192 1855 Quodsi

282 1857 416 1941 quis
466 1858 909 1926 coniecturam
959 1879 1101 1925 esse
1156 1860 1453 1943 excipiat,
1511 1868 1578 1924 et
1628 1878 1877 1925 meram
1938 1859 2191 1926 divina-

281 1945 527 2024 tionem,
568 1943 763 2011 facile
803 1964 909 2011 res
998 1945 1273 2011 ndsmus
1315 1944 1396 2011 de
1437 1943 1634 2010 rebus
1676 1942 1976 2012 omnibus
2018 1963 2192 2010 crea-

283 2030 376 2108 tis,
430 2039 493 2095 et
546 2029 839 2096 maxime
940 2051 976 2097 e
1030 2029 1477 2113 spiritualibus
1533 2028 1839 2096 iudicium
1898 2049 2040 2097 esse
2104 2050 2190 2096 ex

283 2114 396 2181 Dei
429 2113 629 2181 verbo
668 2114 806 2182 solo
847 2114 1205 2181 ferendum.
1255 2115 1400 2182 Iam
1443 2114 1501 2182 si
1541 2113 1985 2200 expendamus
2026 2135 2191 2199 quae

285 2199 357 2265 de
392 2198 694 2267 Samuele
737 2199 843 2266 hic
884 2219 1067 2267 sacra
1108 2202 1431 2284 scriptura
1464 2211 1798 2279 memorat,
1842 2201 2191 2284 comperie-

280 2306 412 2352 mus
449 2285 737 2371 elogium
777 2285 957 2352 illius
999 2305 1159 2363 esse,
1202 2307 1329 2370 quo
1370 2287 1613 2353 factum
1646 2287 1851 2369 ipsius
1894 2288 2033 2352 sine
2076 2306 2189 2351 ex-

280 2370 555 2454 ceptione
598 2373 1017 2454 approbatur.
1093 2371 1324 2455 Neque
1366 2372 1543 2438 enim
1588 2370 1824 2439 dicitur
1868 2371 2051 2437 Deus
2092 2371 2190 2436 illi

280 2455 514 2540 aliquod
546 2457 616 2521 ei
638 2455 1033 2524 condonasse
1067 2455 1137 2522 in
1173 2457 1298 2524 hoc
1330 2456 1503 2524 facto
1529 2458 1783 2536 vitium,
1820 2456 1935 2524 sed
1972 2458 2189 2541 potius

280 2549 522 2625 propter
576 2540 1001 2609 aedificatum
1043 2542 1141 2607 illi
1182 2542 1387 2609 altare
1427 2540 1787 2609 laudatum.
1875 2541 2188 2624 Quaestio

282 2627 460 2711 igitur
516 2627 736 2694 adbuc
779 2637 1090 2711 superest,
1148 2648 1235 2693 an
1278 2627 1404 2694 Dei
1447 2626 1649 2694 verbo
1687 2627 2013 2695 Samuelis
2054 2627 2186 2696 fac-

282 2718 411 2778 tum
469 2712 645 2779 istud
701 2713 986 2779 nitatur:
1052 2713 1179 2779 nisi
1235 2714 1411 2780 enim
1474 2712 1589 2779 illo
1645 2714 1912 2792 nitatur,
1969 2731 2188 2780 merae

283 2818 476 2949 ξομε
504 2807 595 2949 let
621 2799 870 2949 ,iiix-{uos
891 2809 1197 2950 Ιοορεὲιίε
1219 2797 1382 2899 fuit,
1440 2819 1531 2948 ag
1559 2797 1853 2950 910ίῖξὲ
1871 2819 2020 2865 reus
2062 2800 2190 2865 erit

329 2904 503 2950 amne
569 2904 683 2950 vro
709 2905 749 2951 a
1025 2906 1058 2950 s
1171 2905 1382 2952 vinae.
1534 2904 1716 2951 erum
1856 2905 1940 2951 en
2026 2904 2186 2951 uan-

282 2967 598 3052 doquidem
635 2988 772 3035 non
792 2905 1060 3070 mtffi,
1093 2979 1409 3053 tanquam
1431 2969 1560 3037 Dei
1595 2979 1939 3054 praecepta
1972 2906 2185 3037 gans·

283 3074 540 3238 m
568 3076 798 3207 ruz:
823 3055 1597 3240 argrimus.
1612 3075 1871 3240 affl...
1874 3064 2187 3226 ..aaz

284 3244 342 3289 m
379 3225 705 3292 Ramatha
746 3226 968 3309 fuisse,
1013 3237 1088 3291 ut
1128 3226 1220 3292 ibi
1272 3226 1420 3293 fieri
1474 3227 1791 3293 sacrificia
1832 3228 2184 3309 potuerint.

287 3307 445 3390 Quin
496 3311 630 3377 imo
687 3311 995 3395 quamdiu
1052 3312 1329 3396 populus
1386 3309 1777 3380 israeliticus
1816 3313 1889 3377 in
1933 3311 2186 3379 deserto

284 3397 524 3477 erravit,
587 3396 777 3466 Deus
840 3396 1017 3498 aliud
1083 3398 1287 3464 altare
1358 3397 1572 3496 vetuit
1631 3416 1780 3497 eum
1847 3396 2187 3464 aedificare

285 3481 1982 3668 fflffilizffztzzzzzsszssfflssssffl¹iffipzssssffi
2005 3483 2187 3668 ἓξὲξ

286 3648 576 3719 deiectum
616 3661 822 3737 atque
862 3652 1316 3735 disturbatum,
1358 3674 1451 3720 sio
1491 3661 1571 3719 ut
1602 3675 1689 3719 ne
1729 3655 2017 3738 vestigia
2043 3675 2187 3738 qui-

286 3733 415 3804 dem
473 3739 727 3823 reliqua
787 3749 1025 3806 essent.
1113 3739 1291 3821 Quid
1354 3740 1447 3804 ita
1509 3737 1705 3806 vero?
1794 3739 2040 3823 Nempe
2102 3760 2187 3806 ne

285 3823 523 3908 posteri,
583 3824 802 3893 cultus
859 3824 1061 3892 divini
1115 3823 1205 3890 ibi
1247 3823 1603 3891 collocandi
1656 3845 1882 3909 capere

287 3906 524 3991 sionem,
587 3908 766 3993 quod
819 3911 976 3976 olim
1038 3910 1249 3976 altare
1304 3910 1591 3977 Domino
1654 3911 1884 3977 fuisset
1945 3909 2186 3977 ibidem

1884 3836 2184 3891 ntooou-

286 3991 556 4062 dicatum.
600 3994 859 4063 Idcirco
881 3997 1063 4063 Deus
1095 3996 1189 4061 ita
1223 3994 1515 4062 demoliri
1547 3997 1738 4061 iussit
1770 3995 1947 4081 ipsos
1979 3996 2187 4062 altare
2280 4001 2432 4063 runt

286 4075 451 4158 illud,
502 4101 586 4147 ne
683 4101 771 4147 ua
821 4082 1100 4166 vestigia
1143 4089 1557 4165 superessent
1593 4080 1827 4164 quibus
1869 4081 2187 4150 sacrificia

287 4161 412 4228 Deo
443 4164 576 4233 illic
612 4186 655 4231 o
699 4167 836 4233 lata
866 4166 1069 4234 fuisse
1103 4176 1497 4234 nosceretur.
1541 4165 1708 4233 Inde
1738 4167 1980 4233 factum
2006 4167 2187 4234 vide-

284 4266 431 4327 mus,
465 4258 538 4317 ut
614 4273 772 4318 uum
809 4251 1016 4319 tribus
1050 4252 1202 4318 illae
1237 4273 1403 4338 quae
1437 4260 1620 4318 trans
1641 4251 1988 4319 Iordanem
2011 4252 2188 4320 habi-

288 4331 491 4400 tabant
544 4357 583 4402 a
609 4347 750 4404 tare
811 4338 1293 4404 exstruxioeent
1353 4359 1555 4422 prope
1606 4336 1989 4405 Iordanem:
2053 4359 2186 4405 non

286 4417 355 4515 ad
392 4422 704 4489 sacrificia
743 4423 833 4490 ibi
873 4423 1223 4503 offerenda,
1267 4444 1481 4507 neque
1516 4423 1597 4490 ad
1634 4422 2028 4506 holocausta,
2070 4424 2187 4492 sed

285 4522 340 4567 m
374 4507 842 4574 monimentum
882 4509 1353 4576 coniunctionis
1389 4509 1567 4575 illius
1600 4530 1799 4593 quam
1841 4530 1992 4578 eum
2032 4510 2186 4576 reli-

285 4588 415 4688 quis
465 4592 759 4660 tribubus
811 4614 1138 4661 sacrorum
1197 4595 1489 4662 omnium
1541 4594 1764 4664 fovere
1821 4594 2183 4673 studebant,

286 4673 497 4759 reliqui
546 4677 887 4746 Israelitae
929 4679 1355 4748 vehementer
1416 4682 1719 4747 commoti
1773 4681 1923 4761 sint,
1980 4689 2048 4748 et
2101 4679 2187 4747 ad

286 4776 499 4860 poenas
572 4764 1001 4848 reposcendas
1078 4766 1355 4834 militem
1419 4767 1935 4850 conscripserint,
2015 4766 2183 4849 quod

285 4861 613 4914 maximum
666 4851 987 4936 flagitium
1046 4858 1116 4918 et
1155 4851 1658 4919 abominandum
1714 4850 1796 4918 ab
1838 4852 1972 4917 illis
2013 4852 2187 4918 arbi-

289 4935 588 4999 trarentur
630 4945 1092 5020 perpetratum.
1182 4935 1405 5019 Quare
1448 4937 1506 5003 si
1551 4945 1732 5006 tanto
1796 4935 2026 5005 ardore
2068 4938 2185 5004 tri-

291 5008 398 5108 bus
444 5016 819 5116 israeliticae
877 5024 1125 5090 factum
1183 5022 1348 5089 illud
1394 5031 1817 5124 persequutus
1860 5031 2037 5103 sunt,
2101 5045 2187 5092 ne

288 5109 1548 5280 322⁰¹5¹3m2²3222023120ffi⁶3053
1569 5108 2186 5280 {333022155’3333

1583 301 1684 367 IN
1722 302 1777 368 1.
1821 300 2004 371 LIB.
2046 298 2449 369 SAMUEL.
2493 299 2693 368 OAP.
2740 301 2893 367 VH.

4090 300 4222 370 534

2293 488 2666 558 Samuelem
2708 490 2910 556 altare
2943 490 3229 558 Domino
3269 489 3342 556 in
3375 488 3706 556 Ramatha
3739 489 4041 569 erexisse,
4084 511 4221 560 non

2292 575 2375 643 ad
2432 575 2600 676 legis
2653 574 3094 656 violationem,
3159 593 3295 642 non
3350 573 3435 642 ad
3488 575 3648 641 novi
3701 574 3914 643 cultus
3971 595 4058 643 ex
4099 597 4220 644 suo

2292 660 2562 729 arbitrio
2623 661 3120 741 institutionem,
3185 660 3301 728 sed
3351 682 3436 729 ex
3499 659 3630 726 Dei
3692 660 4019 728 mandato.
4119 661 4222 731 Ao

2290 766 2450 899 &bno
2484 747 3070 899 quffingninum
3093 746 3393 847 audimus
3403 746 3681 897 {nli-eug}
3702 745 4219 901 altaaeavoluistge

2406 831 2639 900 Israel
2891 834 3404 901 sacnficiacons
3515 853 3556 911 ι,
3715 852 3827 897 mu
3941 852 4116 899 min
4187 855 4221 900 r

2290 916 2438 985 illos
2494 938 2717 1001 pacem
2774 926 2844 985 et
2896 918 3304 985 concordiam
3359 915 3702 985 fovendam
3767 916 4013 984 factum
4076 939 4221 987 esse

2292 1011 2545 1070 certum
2587 1015 2705 1084 est,
2763 1024 2848 1069 ne
2885 1002 3014 1070 sibi
3056 1005 3334 1088 quisque
3390 1001 3644 1071 colendi
3683 1002 3814 1068 Dei
3855 1002 4056 1070 ritum
4099 1005 4221 1071 ali-

2292 1108 2484 1172 quem
2527 1090 2884 1173 effingeret,
2938 1087 3056 1156 sed
3113 1110 3196 1158 ex
3241 1087 3369 1156 Dei
3412 1086 3723 1155 mandato
3766 1088 4096 1173 penderet,
4151 1098 4222 1158 et

2294 1194 2364 1240 se
2407 1173 2492 1240 ad
2536 1173 2675 1241 eius
2715 1183 2952 1240 nutum
2993 1181 3426 1259 componeret.
3509 1172 3733 1255 Quare
3776 1195 3908 1239 nou
3950 1175 4221 1243 dubium

2292 1267 2395 1326 est
2428 1260 2589 1344 quin
2609 1257 2880 1327 Samuel
2912 1259 3205 1327 ordinem
3241 1280 3282 1326 a
3298 1258 3446 1326 Deo
3478 1259 3950 1343 praescriptum
3985 1281 4222 1345 sequu-

2294 1354 2401 1412 tus
2443 1346 2550 1412 sit.
2637 1346 2729 1412 Et
2782 1346 3092 1429 quoniam
3134 1346 3318 1412 Deus
3359 1344 3555 1412 huius
3596 1344 3726 1412 viri
3767 1365 3806 1410 o
3891 1366 3967 1411 ra
4011 1347 4222 1412 voluit

2292 1430 2378 1497 ad
2419 1430 2639 1500 cultus
2691 1431 2796 1497 sui
2837 1430 3374 1498 instaurationem
3417 1430 3535 1510 uti,
3592 1451 3677 1497 ne
3719 1429 3807 1496 du
3852 1430 4087 1498 itemus
4129 1432 4225 1498 ibi

2292 1517 2492 1583 fuisse
2530 1516 2975 1584 sanctuarium
3012 1524 3316 1596 erectum,
3359 1525 3429 1583 et
3472 1534 3688 1583 aroem
3722 1515 3948 1582 eodem
3983 1515 4224 1587 adduc·

2292 1611 2450 1685 tam,
2509 1623 2637 1686 quo
2678 1601 2955 1686 populus
3006 1603 3076 1669 in
3121 1622 3271 1670 eum
3319 1601 3536 1670 locum
3596 1600 3680 1668 ad
3721 1602 4037 1669 sacrificia
4080 1604 4223 1671 Deo

2291 1686 2622 1755 offerenda
2685 1688 3088 1770 conveniret,
3160 1687 3246 1755 ad
3308 1708 3514 1755 unum
3575 1685 3796 1753 Deum
3858 1686 4222 1769 colendum,

2290 1773 2463 1858 quod
2506 1772 2916 1842 testabantur
2957 1793 3161 1857 quum
3200 1773 3467 1841 unicum
3509 1772 3716 1839 altare
3757 1773 4096 1854 haberent,
4153 1783 4222 1842 et

2289 1859 2505 1927 cultus
2546 1860 2755 1943 ipsius
2797 1859 3055 1928 unicam
3100 1859 3450 1927 formulam
3492 1859 3870 1926 retinerent.
3914 1859 3979 1925 N
3978 1879 4052 1926 os
4091 1860 4219 1927 ita-

2290 1965 2415 2030 que
2458 1942 2785 2013 Samuelis
2827 1943 3125 2028 exemplo
3158 1944 3503 2024 discamus,
3548 1945 3643 2010 ita
3676 1945 3879 2012 vitam
3923 1953 4218 2012 nosuam

2290 2049 2694 2115 componere,
2752 2038 2828 2095 ut
2868 2030 3252 2114 simpliciter
3293 2038 3362 2097 et
3415 2028 3692 2096 candide
3734 2048 3818 2094 ex
3861 2029 3991 2096 Dei
4033 2050 4220 2097 man-

2292 2115 2442 2182 dato
2496 2115 2927 2195 ambulemus,
2983 2125 3055 2181 et
3093 2116 3259 2183 nihil
3303 2114 3381 2181 de
3425 2114 3623 2182 verbo
3664 2114 3870 2200 ipsius
3912 2113 4218 2183 deu-aha-

2289 2222 2457 2282 mus,
2510 2200 2626 2268 sed
2682 2222 2802 2286 pro
2845 2200 3095 2269 viribus
3138 2201 3413 2287 gloriam
3453 2201 3661 2287 ipsius
3700 2220 4217 2284 promoveamus.

2290 2287 2382 2353 Et
2414 2287 2705 2355 vicissim
2727 2308 2885 2372 erga
2949 2289 3236 2355 roximos
3258 2286 3456 2353 officii
3480 2285 3687 2354 nostri
3760 2292 3933 2354 artes
3954 2286 4219 2372 implea-

2288 2393 2457 2452 mus,
2510 2394 2594 2440 ne
2650 2373 2779 2440 Dei
2833 2373 2915 2439 ob
2948 2372 3326 2441 'viscamun
3390 2391 3466 2440 ac
3523 2392 3610 2439 ne
3667 2373 3713 2438 fi
3757 2392 3862 2437 em
3928 2380 4221 2439 nostram

2289 2457 2481 2525 corde
2536 2467 2793 2525 tantum
2848 2459 3266 2537 occultemus,
3321 2456 3438 2526 sed
3494 2477 3641 2524 eam
3694 2455 3914 2540 palam
3958 2467 4026 2524 et
4065 2466 4222 2525 ante

2290 2544 2514 2611 oculos
2555 2544 2850 2609 omnium
2894 2545 3334 2628 profiteamur,
3377 2552 3455 2610 ut
3494 2550 3718 2609 nostro
3764 2543 4063 2628 exemplo
4106 2542 4222 2609 alii

2291 2629 2374 2695 ad
2413 2628 2539 2695 Dei
2578 2631 2851 2714 gloriam
2886 2627 3396 2713 promovendam
3432 2628 3812 2708 incitentur,
3844 2635 4040 2712 atque
4073 2638 4221 2695 tan-

2292 2713 2439 2781 dem
2472 2735 2554 2782 ea
2594 2716 2682 2780 sit
2722 2716 3014 2781 omnium
3056 2714 3447 2798 conspiratio
3487 2722 3558 2780 et
3589 2713 3937 2781 concordia
3971 2713 4054 2780 ad
4093 2714 4218 2782 Dei

2290 2800 2585 2885 gloriam,
2621 2808 2696 2866 ut
2728 2799 2851 2867 sub
2885 2799 3095 2884 ipsius
3129 2798 3367 2866 vexillo
3405 2806 3471 2866 et
3505 2798 3711 2884 signis
3744 2798 4218 2866 contineamur.

2459 2886 2683 2968 Quare
2725 2886 2922 2972 agite,
2963 2884 3220 2967 fratres,
3262 2889 3368 2952 etc.

2809 3116 3296 3203 HOMILIA
3336 3114 3693 3200 XXVII.

3033 3226 3233 3294 CAP.
3279 3225 3472 3293 VIII.

2461 3398 2518 3464 1.
2587 3396 2850 3466 Fadum
2914 3402 3003 3464 est
3064 3401 3268 3465 aman
3320 3416 3511 3480 quum
3571 3396 3880 3464 senuisset
3940 3394 4211 3480 Samuel,

2271 3483 2498 3566 posuit
2545 3482 2713 3584 filios
2764 3502 2912 3583 euos
2965 3483 3206 3584 iudices
3254 3502 3471 3588 super„
3503 3480 3730 3549 Israel.
3818 3482 3881 3546 2.
3941 3481 4213 3584 fuitque

2282 3589 2503 3636 nomen
2532 3568 2681 3670 ,ἠὴρ
2733 3588 2870 3635 ems
2911 3573 3318 3655 pnmoqema
3362 3567 3526 3635 Ioel:
3579 3573 3636 3635 et
3687 3587 3909 3635 nomen
3962 3569 4212 3635 sectandi

2285 3654 2479 3735 Abia,
2517 3655 2799 3722 ωᾶισαηι
2841 3653 2914 3720 in
2954 3652 3289 3722 Bersabee.
3346 3652 3408 3721 3.
3453 3650 3546 3718 Et
3584 3673 3706 3720 non
3748 3652 4217 3721 mbulavenm

2281 3740 2412 3823 filii
2452 3740 2632 3807 illius
2671 3741 2743 3806 in
2798 3740 2924 3806 viis
2962 3741 3129 3807 eius:
3179 3739 3289 3807 sed
3327 3738 3788 3807 declinaverunt
3817 3745 3962 3822 post
4003 3741 4217 3807 avari-

2284 3827 2457 3909 είαοη,
2505 3830 2983 3909 acceperuntque
3013 3845 3293 3910 muner-a,
3343 3830 3402 3892 et
3423 3829 3855 3907 parva-terunt
3885 3826 4212 3893 iudicium.

2285 3911 2347 3976 4.
2396 3910 2760 4064 Gemma:
2795 3931 2937 3994 erqo
2969 3912 3251 3978 universi
3281 3911 3557 3978 maiores
3585 3916 3740 3977 natu
3773 3910 4004 3991 Israel,
4045 3932 4219 3979 vene-

2471 3997 2560 4064 ad
2759 3997 2954 4062 uelem
2995 3998 3067 4062 in
3110 3996 3449 4063 Raunatha.
3538 3996 3599 4062 5.
3644 3995 4079 4080 Dioeeruntque
4118 3998 4180 4064 ei
4192 4018 4211 4065 t

2289 4082 2448 4150 Eece
2498 4087 2573 4148 tu
2627 4082 2912 4167 senuisti,
2967 4087 3025 4148 et
3072 4082 3199 4165 filii
3252 4083 3350 4148 tui
3404 4101 3528 4149 non
3585 4081 3905 4149 ambulant
3959 4085 4028 4149 iu
4081 4083 4210 4150 viis

2284 4169 2444 4234 tuis:
2504 4166 2821 4236 Conuiuae
2874 4168 3053 4235 uobis
3100 4188 3325 4252 reyem,
3382 4172 3455 4234 ut
3493 4167 3724 4235 iudicet
3763 4187 3892 4248 noe,
3949 4168 4107 4233 sima
4151 4172 4212 4233 et

2284 4255 2616 4320 universae
2657 4252 2881 4321 habent
2921 4255 3216 4320 nationes.
3305 4254 3365 4319 6.
3407 4251 3873 4337 Displieuitque
3903 4272 4101 4319 semo
4149 4253 4222 4318 in

2285 4339 2483 4406 oculis
2528 4338 2860 4421 SamueliS,
2917 4359 2987 4406 eo
3028 4339 3190 4423 quod
3232 4337 3536 4405 divisam
3550 4364 3570 4404 .·
3626 4338 3740 4406 Da
3780 4337 3958 4404 nobis
3997 4357 4222 4423 repom,

2285 4430 2358 4490 ut
2398 4424 2629 4493 iudicet
2665 4444 2814 4491 nos:
2857 4423 2946 4491 Et
2989 4425 3194 4492 oravit
3238 4423 3497 4491 Samuel
3537 4424 3623 4490 ad
3665 4422 4029 4491 Dominum.

2456 4595 2726 4678 Quanta
2779 4596 2865 4662 sit
2916 4617 3140 4662 rerum
3181 4596 3617 4662 humanarum
3670 4594 4110 4662 inconstantia
4151 4600 4220 4660 et

2288 4680 2689 4748 mutabilitas
2730 4682 2853 4749 hoc
2898 4682 3111 4767 capite
3155 4681 3480 4762 docemur,
3539 4678 3842 4762 exemplo
3887 4678 4219 4747 Samuelis

2285 4777 2353 4834 et
2394 4767 2675 4834 filiorum
2738 4768 2973 4850 ipsius:
3031 4788 3201 4851 quae
3260 4788 3417 4834 sane
3458 4784 3591 4831 non
3634 4785 3674 4830 a
3717 4765 3858 4830 Deo
3904 4774 4220 4848 tanquam

2288 4854 2524 4919 harum
2580 4853 3020 4920 mutationum
3063 4862 3304 4931 autore,
3363 4850 3478 4918 sed
3522 4851 3604 4916 ab
3649 4850 3987 4916 hominum
4029 4851 4219 4917 mali-

2288 4940 2382 5004 tia
2423 4939 2875 5022 proficiscitur.
2938 4939 3111 5005 Nam
3154 4958 3352 5023 quum
3395 4937 3580 5002 Deus
3622 4955 3808 5002 suam
3853 4934 4219 5004 bonitatem

2289 5034 2357 5091 et
2397 5023 2908 5091 misericordiam
2950 5025 3023 5090 in
3065 5023 3362 5091 homines
3418 5021 3630 5104 coepit
3672 5019 4028 5102 effundere,
4086 5043 4220 5089 non

2290 5118 2548 5176 tantum
2591 5112 2898 5177 continuo
2942 5120 3168 5177 tenore
3207 5107 3440 5191 pergit,
3484 5106 3600 5173 sed
3642 5104 3917 5173 eandem
3962 5108 4034 5174 in
4081 5108 4222 5177 dies

2290 5203 2502 5281 auget,
2540 5196 2667 5263 nisi
2700 5196 3042 5263 hominum
3062 5192 3531 5279 ingratitudine
3553 5190 3991 5276 prohibeatur.
4038 5192 4222 5278 Quo-

3723 5295 3823 5351 34*
