5059 6059
868 353 952 419 51
2458 351 2869 419 HOMILIA
2911 353 3240 420 XLVIII.
4690 354 4746 419 52

875 554 1076 614 antea
1132 544 1528 609 tumultuose
1586 563 1804 627 regem
1870 543 2145 627 populus
2188 543 2687 627 postulavisset:
2746 552 2813 606 et

883 650 1160 716 regnum
1194 630 1579 695 confirmare
1607 629 1824 713 populi
1869 631 2284 695 miserentem
2330 628 2501 711 quod
2547 630 2614 693 in
2660 648 2813 711 rege

881 737 1070 784 suam
1131 714 1503 780 felicitatem
1564 736 1702 781 esse
1765 716 2040 798 positam
2100 735 2481 800 persuasum
2527 712 2811 778 haberet.

883 804 1058 869 Nam
1099 823 1214 866 rex
1260 802 1328 865 in
1373 801 1617 866 Israele
1663 815 1860 885 typus
1904 813 1969 866 et
2011 802 2227 884 imago
2273 813 2415 865 erat
2451 801 2639 883 regni
2676 799 2810 864 Do·

881 890 1042 953 mini
1089 886 1295 953 nostri
1338 887 1488 952 Iesu
1535 885 1803 968 Christi,
1847 888 1912 951 in
1961 908 2088 970 quo
2134 909 2263 951 uno
2308 887 2431 951 sita
2466 898 2567 952 est
2601 887 2814 950 omnis

882 986 1110 1040 nostra
1174 973 1369 1048 salus,
1452 973 1782 1057 gaudium,
1849 972 2123 1038 felicitas
2187 983 2253 1037 et
2317 971 2538 1054 gloria.
2627 971 2812 1036 Deus

881 1064 1104 1143 itaque
1162 1070 1424 1142 gustum
1486 1058 1765 1141 aliquem
1824 1071 1937 1123 aut
1980 1059 2240 1142 signum
2288 1057 2496 1121 voluit
2545 1058 2813 1122 iniicere

927 1145 1122 1227 opulo
1157 1146 1446 1208 'futurae
1508 1146 1755 1228 gratiae
1814 1144 2167 1209 secundum
2227 1142 2685 1226 promissiones
2743 1142 2810 1205 in

879 1166 1109 1297 {aulis
1154 1250 1460 1312 persona:
1508 1230 1618 1295 sed
1666 1240 1922 1294 tantum
1968 1229 2047 1293 ad
2096 1241 2371 1311 tempus.
2459 1229 2627 1293 Nam
2675 1238 2813 1290 tan-

885 1316 1031 1382 dem
1099 1314 1425 1381 horrenda
1490 1316 1782 1382 confusio
1848 1325 1911 1379 et
1981 1315 2292 1380 desolatio
2357 1323 2635 1396 sequuta
2679 1322 2809 1378 est:

885 1402 1000 1469 scd
1045 1403 1136 1465 ita
1171 1402 1431 1478 factum,
1481 1414 1552 1466 ut
1591 1400 1806 1465 David
1841 1400 2240 1465 stabiliretur
2278 1411 2586 1483 tanquam
2625 1399 2814 1464 istius

887 1488 1327 1571 promissionis
1370 1486 1650 1566 initium,
1706 1496 1771 1550 et
1814 1507 1891 1551 eo
1937 1489 2210 1568 populus
2253 1486 2650 1568 confugeret,
2695 1484 2800 1549 do·

890 1595 1007 1638 nec
1068 1584 1367 1655 pacatum
1413 1584 1583 1637 esset
1625 1573 1832 1656 ipsius
1877 1592 2172 1655 regnum.
2261 1572 2365 1635 En
2412 1572 2615 1655 igitur
2657 1590 2809 1653 quo-

888 1658 1080 1723 modo
1168 1670 1233 1721 et
1311 1679 1511 1739 quare
1594 1658 1770 1723 Deus
1848 1657 2160 1740 populum
2240 1678 2431 1723 suum
2501 1656 2811 1722 servarit:

887 1766 1119 1827 nempe
1175 1742 1345 1826 quod
1408 1764 1523 1825 per
1581 1742 1954 1808 Samuelem
2018 1744 2405 1826 promiserat
2448 1764 2518 1807 se
2566 1742 2813 1805 miseri-

885 1827 1174 1896 cordiam
1227 1829 1322 1893 illi
1381 1830 1722 1911 facturum,
1783 1840 1848 1893 et
1892 1851 1972 1892 ex
2022 1830 2301 1895 hostium
2348 1826 2690 1911 tyrannide
2736 1827 2810 1891 li·

885 1915 1284 1980 beraturum.
1371 1914 1671 1997 Denique
1745 1914 1849 1980 hic
1917 1914 2094 1980 locus
2159 1914 2443 1978 ostendit
2508 1914 2633 1978 Dei
2681 1915 2807 1976 vir-

886 2010 1093 2065 tutem
1152 2003 1527 2083 apparuisse
1584 2000 1785 2066 solam
1846 2020 1986 2064 esse
2043 2020 2206 2082 quae
2261 1999 2655 2065 Philistaeos
2700 1997 2810 2063 do·

888 2087 1052 2151 muit
1108 2096 1173 2151 et
1225 2086 1493 2152 devicit:
1554 2107 1627 2151 ac
1673 2084 1893 2169 populi
1938 2084 2268 2149 israelitici
2314 2107 2416 2150 res
2461 2085 2660 2149 fuisse
2699 2083 2811 2149 de·

886 2174 1188 2255 ploratas,
1266 2172 1388 2236 nisi
1471 2172 1744 2237 coelitus
1814 2171 2128 2235 auxilium
2203 2170 2550 2236 demissum
2622 2178 2810 2247 esset,

887 2256 1060 2341 quod
1095 2259 1359 2322 omnino
1400 2257 1480 2322 ad
1517 2257 1822 2323 ecclesiae
1858 2256 2133 2321 salutem
2170 2256 2638 2339 requirebatur.
2717 2256 2814 2320 Ac

886 2343 1240 2426 plurimum
1301 2343 1379 2406 ad
1427 2344 1716 2407 omnium
1763 2341 2052 2407 fidelium
2098 2342 2593 2407 instructionem
2640 2341 2809 2415 facit,

887 2449 970 2493 ne
1001 2429 1146 2511 quis
1174 2426 1254 2493 de
1284 2428 1532 2494 viribus
1564 2436 1628 2493 et
1671 2427 1993 2493 industria
2037 2449 2157 2494 sua
2201 2428 2544 2512 glorietur:
2585 2448 2810 2509 quem-

886 2512 1236 2580 admodum
1342 2534 1549 2596 neque
1644 2514 1994 2579 Ionathani
2085 2513 2458 2578 fortitudini
2556 2513 2810 2577 facinus

891 2600 1062 2664 istud
1108 2599 1602 2665 adscribendum
1650 2612 1770 2664 est:
1817 2599 1929 2665 sed
1976 2599 2167 2664 unius
2206 2599 2332 2663 Dei
2378 2599 2703 2682 potentiae
2745 2606 2812 2662 et

887 2685 1330 2767 providentiae
1369 2686 1518 2751 laus
1562 2686 1770 2749 omnis
1815 2684 2175 2763 tribuenda,
2221 2684 2331 2767 qui
2376 2683 2687 2767 praelium
2727 2681 2807 2748 ad

885 2770 1135 2837 exitum
1208 2771 1410 2835 istum
1472 2771 1794 2854 perduxit.
1885 2770 1973 2834 Et
2030 2770 2395 2836 necessaria
2457 2769 2643 2834 valde
2711 2780 2811 2834 est

885 2857 1046 2922 haec
1114 2856 1427 2922 doctrina.
1517 2856 1686 2921 Nam
1742 2856 1860 2921 etsi
1913 2855 2154 2921 ethnici
2200 2854 2358 2921 fassi
2402 2863 2559 2921 sunt
2604 2856 2807 2919 bomi-

883 2963 1040 3007 num
1080 2942 1471 3021 felicitatem,
1507 2953 1571 3006 et
1608 2942 1946 3009 facultates
1981 2962 2225 3016 omnes,
2265 2950 2423 3025 puta
2446 2942 2806 3019 consilium,

883 3027 1320 3112 prudentiam,
1388 3028 1792 3112 sapientiam,
1873 3048 1947 3092 ac
2014 3026 2290 3109 denique
2357 3027 2576 3091 omnia
2642 3026 2809 3091 bona

888 3114 1158 3180 coelitus
1216 3114 1514 3178 immitti:
1577 3113 2002 3178 nihilominus
2062 3126 2281 3177 tamen
2343 3114 2481 3178 Deo
2537 3112 2807 3195 gloriam

884 3212 951 3265 et
1010 3199 1320 3264 honorem
1389 3221 1580 3282 quem
1649 3200 1830 3281 prius
1884 3198 2337 3281 attribuerant,
2405 3198 2806 3280 eripuerunt,

889 3306 1081 3369 quam
1158 3285 1239 3350 ad
1307 3306 1410 3349 res
1476 3294 1727 3351 creatas
1793 3284 2283 3349 transtulerunt.
2373 3284 2460 3349 Et
2525 3283 2810 3367 quidem,

885 3373 1108 3450 fateor,
1192 3391 1422 3436 verum
1483 3370 1700 3435 Deum
1767 3391 1895 3435 non
1958 3379 2431 3453 cognoverunt:
2511 3369 2623 3434 sed
2692 3369 2811 3434 sub

886 3455 1079 3522 idolis
1137 3458 1270 3522 suis
1327 3455 1616 3521 divinam
1673 3456 2080 3521 maiestatem
2124 3455 2564 3530 involverunt,
2627 3455 2811 3521 cuius

889 3551 961 3606 ut
1018 3542 1151 3606 dixi
1200 3541 1546 3626 perfect-am
1591 3542 2026 3625 cognitionem
2071 3562 2200 3606 non
2248 3540 2589 3606 habebant..
2679 3539 2811 3607 Sed

888 3626 1112 3691 divina
1171 3629 1461 3710 potentia
1519 3628 1619 3693 vel
1682 3627 1908 3692 invitis
1967 3626 2136 3692 hanc
2180 3625 2648 3691 confessionem
2695 3647 2811 3690 ex·

886 3712 1238 3796 torquebat.
1330 3713 1490 3777 Nam
1557 3723 1621 3777 et
1685 3712 1752 3777 in
1821 3733 1933 3776 ore
1997 3713 2288 3776 omnium
2346 3711 2508 3776 illud
2568 3710 2811 3777 dictum

891 3798 1010 3863 fuit
1054 3799 1122 3862 in
1169 3798 1484 3882 eligendis
1528 3796 2045 3882 imperatoribus,
2108 3799 2388 3863 incertos
2432 3819 2574 3863 esse
2622 3796 2816 3863 bello-

892 3906 1035 3948 rum
1081 3898 1369 3959 eventus,
1416 3883 1525 3949 sed
1572 3884 1912 3950 victoriam
1960 3905 1999 3948 a
2042 3883 2221 3950 coelo
2258 3904 2428 3949 esse:
2474 3894 2541 3949 et
2576 3884 2815 3949 similia

889 3969 1112 4034 multa.
1201 3970 1450 4035 Verum
1523 3971 1698 4034 enim
1765 3990 1920 4035 vero
1984 3970 2411 4052 imperatores
2478 3968 2814 4035 debellatis

889 4054 1185 4121 hostibus
1242 4076 1390 4120 cum
1443 4054 1755 4120 militibus
1800 4055 2308 4137 triumpharunt.
2399 4055 2487 4120 Et
2534 4055 2653 4120 hoc
2698 4076 2813 4119 no-

888 4141 1184 4205 minatim
1261 4140 1567 4206 Habacuc
1640 4140 1957 4223 propheta
2022 4141 2380 4206 istiusmodi
2442 4141 2813 4205 hominibus

887 4225 1322 4311 exprobravit,
1367 4226 1536 4309 quod
1586 4235 1919 4309 postquam
1962 4225 2150 4291 idolis
2194 4227 2329 4291 suis
2366 4228 2811 4307 sacrificarint,

889 4335 1004 4377 suo
1072 4312 1299 4377 deinde
1359 4313 1481 4378 reti
1537 4311 1921 4377 sacrificent.
2011 4310 2123 4378 Sic
2187 4312 2404 4377 videas
2448 4312 2812 4377 incredulos

888 4400 1101 4481 specie
1145 4407 1418 4462 externa
1462 4395 1721 4479 quidem
1767 4412 1832 4462 et
1875 4397 2092 4464 verbis
2136 4398 2438 4480 speciosis
2489 4398 2627 4462 Deo
2673 4419 2814 4478 gra-

888 4486 1011 4550 tias
1072 4483 1151 4548 de
1207 4482 1531 4547 beneficiis
1577 4482 1797 4548 multis
1842 4504 2068 4567 agere:
2129 4494 2192 4549 et
2239 4498 2459 4548 tamen
2505 4483 2625 4548 sibi
2671 4483 2812 4548 lau-

887 4569 1030 4635 dem
1072 4569 1362 4634 omnium
1400 4570 1576 4634 intus
1615 4568 1994 4643 adscribere,
2040 4579 2106 4633 et
2143 4569 2221 4635 de
2256 4570 2589 4651 praeclare
2624 4569 2813 4636 factis

888 4655 1057 4738 apud
1118 4677 1187 4719 se
1248 4654 1471 4718 laetari
1528 4664 1593 4719 et
1651 4654 1931 4738 gloriari.
2021 4655 2159 4719 Nae
2211 4653 2547 4719 hominum
2596 4676 2671 4720 ea
2715 4665 2814 4720 est

887 4741 1287 4824 improbitas,
1332 4749 1396 4804 et
1437 4741 1813 4824 proclivitas
1849 4741 1916 4804 in
1957 4740 2096 4804 Deo
2133 4739 2376 4805 honore
2414 4741 2632 4805 debito
2666 4762 2811 4824 spo-

888 4826 1126 4902 liando,
1215 4835 1282 4890 et
1347 4827 1468 4891 sibi
1536 4847 1697 4909 quae
1765 4825 1904 4889 Deo
1973 4824 2290 4891 debentur
2355 4825 2810 4892 adscribendis.

887 4913 1108 4994 Quare
1151 4911 1256 4977 hic
1300 4911 1704 4977 observanda
1750 4911 1947 4976 verba
1992 4912 2360 4995 prophetae,
2429 4912 2637 4976 Deum
2678 4932 2810 4978 ser-

882 4999 1128 5064 vavisse
1161 4997 1461 5079 populum
1504 5015 1723 5062 suum:
1770 4996 2003 5079 quibus
2046 4996 2379 5063 Israelitae
2425 4998 2813 5064 docerentur

886 5084 1030 5147 Deo
1074 5083 1192 5147 soli
1239 5083 1542 5147 victoriae
1588 5082 1783 5148 huius
1830 5082 2086 5147 laudem
2122 5103 2375 5147 omnem
2418 5082 2810 5163 adscribere,

888 5175 959 5233 et
1033 5167 1196 5232 bene
1271 5168 1337 5231 in
1402 5180 1726 5251 posterum
1794 5190 2075 5252 sperare.
2165 5168 2364 5250 Quasi
2432 5169 2811 5235 hortaretur

885 5254 1194 5337 populum
1232 5254 1547 5337 propheta
1585 5254 1686 5319 his
1722 5253 2002 5332 vocibus,
2047 5254 2221 5339 agite
2243 5254 2413 5321 hanc
2435 5255 2809 5320 felicitatem

2913 542 3043 608 Dei
3102 544 3409 610 beneficio
3467 544 3812 629 contigisse
3867 554 4311 627 agnoscentes,
4382 541 4632 607 sciamus
4674 562 4756 607 non

2912 628 3006 693 illi
3067 650 3252 695 caros
3308 643 3374 695 et
3428 631 3495 696 in
3539 631 3745 713 ipsius
3803 649 3947 693 esse
3992 628 4214 707 tutela,
4272 648 4349 692 ac
4390 627 4634 709 proinde
4669 650 4759 693 non

2914 725 3170 780 tantum
3219 717 3337 783 hoc
3380 728 3672 800 tempore
3713 713 4100 797 sperandam
4144 712 4441 793 salutem,
4482 712 4583 776 sed
4618 714 4759 778 etism

2912 800 2983 864 in
3044 814 3373 883 posterum
3429 800 3930 885 exspectandam
3989 799 4263 864 credite:
4324 819 4453 863 non
4510 810 4599 862 est
4638 800 4764 864 enim

2914 885 3288 953 abbreviata
3330 889 3468 953 eius
3510 907 3774 952 manus:
3818 897 3884 950 et
3926 887 4200 967 ipsemet
4243 883 4419 948 ultro
4454 904 4563 947 nos
4592 884 4657 947 ad
4687 905 4766 948 no·

2914 975 3193 1038 cessaria
3246 973 3638 1057 postulanda
3694 972 3935 1037 excitat
3978 984 4043 1035 et
4084 971 4354 1036 invitat:
4413 990 4493 1034 ex
4536 989 4646 1051 quo
4680 971 4770 1034 sin·

2913 1058 3158 1142 gularis
3223 1061 3365 1125 eius
3424 1058 3503 1123 de
3563 1058 3746 1123 nobis
3799 1077 3957 1122 cura
3997 1070 4063 1121 et
4105 1054 4469 1121 sollicitudo
4523 1068 4612 1120 est
4658 1076 4767 1121 eon·

2914 1145 3156 1225 spicua.
3245 1144 3379 1210 Sed
3440 1142 3804 1210 cavendum
3884 1142 4164 1207 vicissim
4241 1163 4326 1206 ne
4392 1153 4600 1205 nostro
4654 1142 4770 1204 vitio

2914 1230 3228 1312 quaedam
3267 1228 3577 1313 repagula
3610 1227 4004 1305 obiiciamus‚
4040 1228 4275 1310 quibus
4309 1227 4451 1291 eius
4485 1226 4773 1291 liberalitas

2914 1315 2997 1381 ad
3037 1336 3151 1381 nos
3187 1336 3393 1398 usque
3429 1314 3770 1397 pervenire
3805 1313 4210 1396 impediatur.
4302 1313 4475 1377 Nam
4507 1324 4571 1376 et
4600 1312 4772 1377 Esaias

2915 1401 3230 1484 propheta
3275 1402 3580 1484 populum
3626 1401 3973 1482 increpans
4015 1400 4128 1478 ait,
4170 1399 4388 1481 ipsum
4423 1397 4709 1480 impedire
4734 1414 4775 1460 et

2914 1488 3229 1551 remorari
3274 1486 3401 1551 Dei
3445 1485 3785 1552 auxilium.
3874 1486 4095 1564 Quare
4140 1483 4410 1549 minime
4446 1482 4775 1561 mirandum,

2913 1574 2969 1637 si
3036 1594 3229 1656 saepe
3294 1573 3363 1637 in
3432 1572 3622 1637 rebus
3688 1570 4166 1655 angustissimis
4235 1591 4362 1634 non
4424 1569 4777 1647 exaudimur,

2914 1659 3085 1740 quod
3131 1658 3381 1722 malitia
3423 1668 3647 1723 nostra
3681 1679 3721 1721 a
3758 1657 3896 1720 Deo
3932 1656 4310 1720 alienemur.
4368 1654 4587 1734 Quare
4618 1653 4780 1718 dandn

2914 1764 3110 1826 opera
3154 1766 3235 1808 ne
3282 1745 3491 1808 Deum
3538 1764 3577 1807 a
3622 1742 3804 1808 nobis
3847 1742 4305 1816 abalienemus,
4366 1749 4433 1804 et
4478 1760 4606 1804 non
4646 1740 4782 1804 dubi·

2915 1828 3185 1893 tandum
3248 1828 3405 1913 quin
3464 1829 3671 1911 ipsius
3729 1848 3960 1892 manus
4003 1827 4092 1891 sit
4133 1828 4290 1892 satis
4332 1826 4519 1891 fortis
4560 1825 4636 1888 ad
4675 1848 4783 1889 nos·

2915 1923 3087 1979 trum
3156 1915 3472 1979 auxilium
3544 1912 4091 1996 promovendum:
4167 1910 4561 1995 sperandum
4617 1925 4783 1975 autem

2914 2002 3129 2083 potius
3183 2002 3317 2065 fore
3378 2012 3452 2064 ut
3499 1998 4041 2082 quemadmodum
4088 1998 4241 2062 olim
4288 1996 4604 2080 populum
4640 2017 4785 2061 suum

2912 2087 2977 2150 in
3024 2086 3215 2151 rebus
3261 2087 3555 2169 angustis
3600 2086 3781 2164 iuvit,
3827 2085 3998 2149 idem
4044 2094 4109 2149 et
4142 2104 4260 2148 nos
4296 2082 4493 2147 faciat
4527 2084 4785 2166 experiri:

2913 2186 2980 2236 et
3023 2171 3565 2254 quemadmodum
3612 2171 3815 2239 Israel
3861 2171 4001 2235 eius
4035 2169 4305 2253 gloriam
4346 2170 4689 2250 conspexit,
4725 2168 4787 2230 ita

2912 2270 2976 2321 et
3037 2279 3152 2322 nos
3197 2258 3704 2339 conspiciamus:
3761 2255 3931 2339 quod
3978 2274 4312 2337 nunquam
4360 2275 4555 2318 aums
4595 2254 4679 2317 ita
4712 2254 4785 2316 ob·

2912 2353 3088 2408 turet
3151 2343 3307 2426 quin
3368 2364 3478 2406 eas
3522 2362 3785 2407 suorum
3833 2344 4145 2406 clamores
4191 2343 4257 2404 in
4307 2340 4586 2405 veritate
4624 2339 4786 2422 ipsum

2910 2429 3354 2494 invocantium
3403 2438 3758 2510 penetrent.

3086 2515 3410 2596 Deinceps
3453 2515 3746 2595 sequitur
3790 2511 4098 2595 populum
4142 2510 4361 2575 hostes
4400 2509 4788 2593 persequendo

2915 2600 3335 2679 defatigatum
3379 2598 3462 2663 ad
3505 2598 3812 2680 praedam
3851 2598 4141 2662 animum
4177 2597 4603 2672 convertisse,
4643 2617 4787 2678 quam

2916 2685 3264 2751 verisimile
3319 2698 3416 2750 est
3472 2685 3805 2768 ingentem
3862 2684 4082 2756 fuisse.
4144 2702 4294 2746 nam
4355 2692 4460 2747 tot
4505 2682 4787 2747 hominum

2913 2770 3121 2835 millia
3179 2772 3469 2853 oportuit
3527 2790 3743 2835 secum
3789 2768 4028 2834 multas
4072 2768 4497 2843 munitiones,
4564 2786 4625 2833 et
4664 2788 4789 2833 com·

2916 2870 3167 2921 meatus
3224 2857 3475 2940 copiam
3528 2854 3871 2920 advehere.
3960 2855 4137 2938 Ergo
4197 2854 4514 2937 fatigatus
4572 2853 4789 2936 populus

2915 2958 2981 3007 et
3062 2942 3392 3008 famelicus
3469 2941 3713 3023 incepit
3784 2950 4096 3005 mactatas
4164 2939 4448 3022 pecudes
4516 2951 4585 3003 et
4645 2939 4792 3003 boves

2913 3050 3062 3094 cum
3122 3028 3444 3111 sanguine
3499 3025 3853 3104 comedere,
3913 3024 4438 3108 quandoquidem
4504 3047 4586 3090 ex
4628 3023 4791 3089 inedia

2912 3127 2980 3179 ot
3024 3113 3242 3178 labore
3291 3114 3458 3178 vires
3499 3132 3892 3195 magnopere
3938 3110 4306 3176 debilitatas
4353 3111 4628 3177 reficere
4666 3110 4793 3176 vole-

2913 3199 3041 3263 bat.
3130 3199 3352 3263 Famis
3396 3198 3597 3281 igitur
3642 3197 4046 3281 impatientia
4090 3196 4243 3262 facit
4276 3210 4352 3261 ut
4392 3198 4543 3262 sine
4578 3196 4790 3261 oonsilio

2913 3297 2980 3350 et
3038 3285 3288 3349 ratione
3333 3305 3555 3350 earnes
3602 3305 3751 3349 cum
3796 3282 4117 3365 sanguine
4160 3282 4581 3347 comedentes
4620 3296 4792 3349 conus

2912 3369 3041 3436 Dei
3106 3369 3482 3435 mandatum
3549 3380 3831 3452 peccent.
3922 3369 4068 3433 Hoc
4134 3367 4355 3432 audito
4426 3366 4591 3434 Saul
4655 3367 4793 3432 iussit

2912 3456 3060 3521 illos
3130 3456 3457 3520 abstinere
3509 3454 3650 3521 cibo
3709 3455 3908 3520 donec
3967 3453 4295 3536 iugulatae
4352 3454 4637 3538 pecudes
4686 3473 4793 3518 san·

2912 3543 3176 3625 guinem
3219 3542 3588 3606 eiecissent:
3637 3555 3859 3624 postea
3902 3562 3983 3604 ex
4025 3539 4153 3604 Dei
4179 3541 4587 3623 praescripto
4609 3539 4789 3604 emisso

2913 3627 3229 3711 sanguine
3274 3627 3424 3693 fecit
3466 3627 3596 3691 illis
3631 3625 4007 3693 comedendi
4044 3634 4472 3707 potestatem:
4520 3637 4653 3691 tum
4688 3642 4793 3687 vero

2913 3714 3153 3778 dicitur
3215 3712 3302 3777 ibi
3347 3712 3626 3794 primum
3672 3711 3877 3776 altare
3921 3711 4206 3776 Iehovae
4250 3714 4672 3778 exstruxisse.
4738 3708 4793 3771 In

2915 3799 3143 3881 primis
3198 3799 3367 3881 quod
3424 3798 3503 3862 ad
3563 3798 3740 3862 illam
3786 3798 3949 3881 legis
3994 3798 4585 3880 transgressionem
4629 3798 4793 3862 obser-

2914 3884 3224 3960 vandum,
3284 3884 3496 3949 Deum
3555 3904 3855 3965 expresse
3914 3883 4057 3964 lege
4114 3903 4235 3947 sua
4291 3883 4698 3965 prohibuisse
4742 3902 4795 3943 ne

2916 3970 3188 4053 populus
3266 3972 3649 4053 sanguinem
3731 3970 3981 4035 ederet:
4075 3970 4262 4034 cuius
4330 3970 4504 4034 ratio
4570 3967 4793 4037 additur.

2915 4055 3081 4139 quod
3156 4055 3294 4138 ipse
3361 4056 3707 4137 pretiosam
3774 4056 3977 4121 vitam
4045 4066 4337 4119 nostram
4411 4054 4664 4119 habeat.
4736 4052 4794 4116 Et

2915 4140 3174 4225 quidem
3242 4150 3394 4206 ante
3452 4140 3670 4205 datam
3731 4140 3939 4225 legem
3986 4139 4053 4204 in
4099 4162 4224 4204 usu
4270 4139 4397 4205 fuit
4442 4140 4617 4205 istud
4660 4158 4792 4223 prae·

2913 4238 3189 4309 ceptum.
3279 4227 3461 4292 Deus
3526 4227 3699 4291 enim
3765 4237 3915 4310 post
3979 4225 4294 4291 diluvium
4358 4227 4539 4291 facta
4581 4223 4793 4291 Noacho

2915 4313 3159 4395 totique
3229 4312 3432 4394 ipsius
3496 4312 3782 4378 familiae
3845 4319 4163 4395 potestate
4222 4310 4419 4377 rebus
4484 4314 4705 4377 creatis
4748 4310 4792 4370 in

2911 4399 3124 4464 cibum
3192 4399 3433 4474 utendi,
3503 4420 3629 4463 non
3699 4407 3951 4463 tantum
4016 4418 4183 4480 pane
4241 4408 4306 4463 et
4361 4396 4665 4475 oleribus,
4717 4392 4791 4460 sed

2914 4485 3109 4548 etiam
3154 4486 3330 4548 omni
3377 4484 3805 4549 animantium
3856 4505 4109 4568 genere,
4157 4482 4392 4548 adiecit
4438 4496 4686 4549 tamen:
4727 4480 4791 4544 Ne

2913 4569 3232 4654 sanguine
3294 4581 3726 4635 vescerentur.
3816 4569 4024 4635 Cuius
4080 4570 4407 4653 praecepti
4471 4572 4665 4634 finem
4705 4586 4789 4631 nun

2913 4657 3109 4720 alium
3168 4656 3366 4721 fuisse
3428 4655 3723 4720 videmus
3781 4675 3974 4739 quam
4037 4666 4112 4720 ut
4155 4674 4193 4718 a
4237 4653 4629 4722 crudelitate
4665 4657 4789 4737 ipsos

2912 4740 3287 4806 deterreret.
3377 4740 3569 4822 Quod
3658 4742 3713 4806 si
3801 4741 4183 4807 crudelitate
4264 4742 4448 4805 omni
4518 4742 4697 4805 etiam
4744 4738 4787 4798 in

2914 4827 3150 4892 bestias
3217 4825 3675 4892 abstinendum
3743 4827 3871 4892 illis
3938 4827 4134 4893 fuisse
4199 4836 4481 4905 constat,
4565 4848 4703 4911 ergo
4744 4832 4786 4883 εἰ

2912 4912 3117 4978 multo
3198 4913 3408 4995 magis
3471 4913 3647 4976 omni
3711 4913 3955 4977 iniuria
4019 4933 4177 4996 erga
4242 4914 4598 4996 proximos.
4681 4910 4788 4971 vita

2912 4999 3087 5064 enim
3163 5007 3296 5062 tam
3364 4998 3645 5063 hominis
3704 5019 3897 5081 quam
3960 4998 4221 5081 pecudis
4277 5019 4420 5064 esse
4479 4998 4699 5064 dicitur
4740 4994 4785 5057 in

2911 5084 3254 5165 sanguine:
3303 5084 3456 5160 vita,
3504 5087 3792 5168 inquam,
3839 5084 3995 5150 haec
4038 5104 4203 5167 quae
4239 5084 4548 5149 animalis
4585 5084 4784 5148 dicitnr.

2910 5191 3025 5252 per
3088 5191 3282 5253 quam
3353 5170 3655 5235 vivimus.
3748 5170 3985 5235 Anima
4048 5170 4226 5235 enim
4294 5171 4398 5235 lon
4549 5167 4785 5253 superior

2912 5266 3026 5334 est,
3095 5268 3160 5321 et
3226 5255 3361 5321 vita
3426 5266 3645 5322 nostra
3711 5264 4006 5338 separata
4070 5264 4170 5320 est
4237 5257 4318 5321 ab
4381 5191 4503 5321 iffa
4556 5249 4779 5321 animali,
