5059 6059
791 344 922 413 359

792 559 958 606 vero
1012 544 1233 604 tamen
1289 535 1799 604 existimandum
1861 536 2083 605 fideles
2143 538 2268 603 Dei
2314 536 2560 623 gloriae
2602 545 2742 604 stu·

800 623 1020 690 diosos
1074 646 1115 691 a
1158 623 1389 689 mundi
1431 625 1781 690 calumniis
1824 633 1892 689 et
1933 623 2082 690 odio
2126 624 2263 689 fore
2306 645 2576 708 prorsus
2618 625 2742 688 im-

794 732 1065 776 munes:
1155 709 1347 793 quale
1436 710 1765 776 Dominus
1858 723 2082 776 noster
2169 710 2357 776 Iesus
2437 710 2745 776 Christus

800 797 1135 880 exemplar
1171 795 1473 862 omnibus
1507 795 1898 862 intuendum
1935 797 2345 880 proponitur,
2389 817 2585 880 quem
2619 797 2743 860 im-

792 882 1148 966 proborum
1193 882 1538 947 calumniis
1572 883 1941 967 impetitum
1979 882 2391 966 adspicimus.
2481 882 2573 947 Et
2607 885 2746 967 ipse

800 968 887 1034 D.
933 966 1184 1033 Paulus
1229 968 1536 1033 admonet
1570 968 1670 1055 (2.
1717 967 1868 1035 Cor.
1914 969 1974 1046 6,
2020 967 2097 1054 8)
2134 965 2539 1051 superandas
2577 966 2744 1032 mul-

802 1066 906 1119 tas
962 1053 1380 1121 difficultates
1435 1054 1754 1134 fidelibus,
1812 1064 1879 1118 et
1936 1076 2053 1138 per
2111 1055 2384 1139 gloriam
2440 1074 2515 1120 ac
2559 1054 2745 1138 igno-

799 1139 1099 1218 miniam,
1145 1160 1264 1222 per
1306 1140 1601 1207 convicia
1642 1151 1707 1205 et
1753 1137 1977 1206 laudes
2023 1139 2526 1207 transeundum:
2572 1139 2740 1223 quod

800 1225 962 1310 ipse,
1066 1246 1260 1309 quem
1352 1226 1566 1308 instar
1642 1227 1860 1311 angeli
1944 1234 2163 1291 tamen
2244 1237 2744 1292 conversantem

798 1310 1086 1377 mundus
1178 1310 1494 1395 adspexit,
1582 1319 1806 1378 tamen
1882 1321 2193 1395 expertus
2271 1322 2388 1392 est,
2475 1331 2552 1377 ac
2625 1329 2745 1377 suo

804 1398 1128 1481 exemplo,
1190 1417 1231 1461 a
1272 1396 1535 1462 Iudaeis
1578 1397 1759 1462 omni
1802 1399 2348 1463 contumeliarum
2396 1418 2634 1482 genere
2678 1405 2746 1460 et

801 1484 1243 1550 conviciorum
1291 1484 1577 1562 affectus,
1620 1482 1795 1548 ferre
1838 1505 1956 1548 nos
2000 1482 2239 1550 docuit.
2327 1482 2427 1548 Ac
2471 1482 2744 1567 proinde

800 1568 1105 1634 fidelibus
1147 1568 1315 1634 hanc
1347 1569 1726 1634 incumbere
1755 1570 2210 1634 necessitatem
2255 1571 2557 1651 sciamus,
2603 1588 2745 1633 sese

802 1655 888 1722 ad
928 1655 1261 1738 quodlibet
1294 1655 1696 1739 ignominiae
1730 1664 1795 1719 et
1830 1655 2271 1721 conviciorum
2308 1675 2520 1738 genus
2556 1674 2745 1738 prae·

799 1740 1105 1826 parandi,
1170 1742 1553 1824 praesertim
1622 1761 1820 1823 quum
1888 1739 1967 1805 de
2033 1739 2161 1805 Dei
2225 1740 2431 1825 gloria
2488 1760 2744 1822 promo·

807 1828 1039 1906 venda,
1098 1836 1166 1892 et
1224 1828 1423 1891 verbo
1466 1826 1668 1909 ipsius
1711 1825 2188 1910 promulgando
2227 1826 2402 1891 inter
2448 1825 2746 1890 homines

804 1915 1041 1998 agitur.
1128 1911 1235 1977 Ad
1304 1910 1476 1994 quod
1542 1931 1703 1977 sane
1773 1933 2015 1977 munus
2069 1912 2278 1994 inepti
2341 1921 2498 1977 sunt
2553 1931 2745 1994 quos·

798 2019 1059 2083 cunque
1094 2006 1309 2064 metus
1330 2012 1397 2061 et
1419 1996 1709 2064 humana
1743 1997 2063 2080 fragilitas
2097 1998 2454 2080 occupavit.
2500 1996 2749 2078 Quam·

800 2084 1026 2152 obrem
1110 2084 1250 2149 Deo
1315 2086 1567 2148 servire
1641 2082 2021 2148 studentem
2097 2082 2429 2148 hominem
2501 2083 2745 2147 multos

802 2171 1067 2254 quidem
1131 2170 1427 2236 inimicos
1492 2170 1563 2233 in
1628 2190 1700 2234 se
1761 2169 2241 2235 concitaturum
2306 2180 2559 2235 eertum
2627 2180 2745 2247 est,

801 2258 876 2321 in
956 2256 1341 2322 deteriorem
1428 2265 1683 2337 partem
1770 2256 1911 2320 eius
1982 2275 2348 2321 sermonem
2423 2256 2744 2337 interpre-

801 2351 1056 2408 tantes:
1136 2349 1205 2405 at
1247 2341 1539 2406 convicia
1594 2340 1966 2405 istiusmodi
2024 2343 2262 2418 omnia,
2326 2339 2743 2423 blasphemae

800 2448 1016 2505 voces,
1075 2427 1619 2494 contumeliarum
1678 2426 1956 2510 denique
1999 2446 2209 2511 genus
2251 2447 2446 2491 omne
2491 2427 2746 2491 fortiter

802 2512 1165 2590 ferendum,
1224 2524 1292 2576 et
1347 2512 1551 2576 animi
1609 2512 1975 2595 praesentia
2017 2513 2509 2596 superandum„
2542 2510 2747 2578 donec

804 2600 988 2666 vitae
1047 2599 1246 2664 huius
1301 2597 1577 2664 decur‘so
1626 2598 1838 2664 stadio
1884 2598 2212 2663 felicitatis
2257 2609 2498 2662 metam
2545 2598 2743 2663 attin-

804 2706 1061 2771 gamus.
1149 2682 1596 2749 Nihilominus
1641 2694 1862 2749 tamen
1905 2681 2123 2749 Deum
2161 2683 2484 2750 vindicem
2524 2683 2748 2748 fideles

808 2772 936 2838 Dei
981 2771 1153 2836 servi
1198 2789 1275 2835 ac
1319 2767 1527 2834 bonae
1570 2790 1727 2834 suae
1769 2790 2004 2836 causae
2037 2768 2450 2835 defensorem
2488 2770 2625 2834 fore
2662 2791 2746 2835 ne

805 2855 1172 2940 diffidunto,
1231 2856 1354 2920 etsi
1409 2855 1753 2922 calumniis
1809 2866 1875 2920 et
1917 2855 2362 2921 conviciorum
2409 2857 2591 2919 omni
2636 2876 2746 2939 ge-

806 2965 966 3009 nere
1024 2943 1105 3008 ab
1160 2940 1477 3024 improbis
1530 2941 1937 3007 afficiantur:
1995 2960 2071 3005 ac
2114 2940 2380 3006 tandem
2426 2942 2742 3006 iustitiam

802 3030 1096 3113 ipsorum
1142 3037 1451 3109 tanquam
1498 3047 1801 3092 auroram
1838 3047 2259 3093 emersuram.
2347 3027 2746 3092 Patientiam

801 3115 1010 3199 igitur
1067 3136 1108 3179 a
1159 3115 1299 3180 suis
1359 3113 1685 3179 Dominus
1737 3113 1962 3196 exigit,
2020 3122 2094 3178 ut
2149 3114 2207 3177 si
2253 3111 2339 3178 ab
2373 3111 2747 3179 hominibus

803 3201 1136 3267 immerito
1214 3199 1559 3264 calumniis
1638 3208 2020 3282 graventur,
2121 3219 2197 3264 ac
2276 3218 2743 3281 nonnunquam

810 3285 1195 3366 obruantur,
1253 3305 1329 3350 ac
1386 3284 1600 3367 ipsum
1662 3283 1892 3348 mortis
1947 3284 2150 3349 limen
2210 3284 2504 3368 attigisse
2561 3284 2746 3348 vide·

807 3385 1024 3452 antur,
1069 3368 1515 3438 saevientibus
1560 3369 1714 3435 hinc
1758 3368 1912 3435 inde
1958 3369 2452 3453 tempestatibus
2494 3379 2561 3434 et
2594 3389 2746 3452 pro-

813 3459 1026 3537 cellis,
1088 3465 1157 3521 et
1221 3456 1405 3522 nulla
1468 3476 1584 3540 spe
1649 3455 2083 3538 undecunque
2148 3455 2308 3538 ipsis
2368 3454 2746 3538 affulgente,

806 3545 1211 3611 exoriturum
1256 3553 1478 3607 tamen
1525 3540 1789 3606 tandem
1836 3561 2160 3618 auroram,
2221 3562 2296 3606 ac
2340 3540 2546 3605 nubes
2588 3543 2748 3605 istas

808 3651 1037 3695 omnes
1107 3628 1599 3712 dissipaturum:
1673 3627 1889 3693 Deum
1946 3647 2182 3709 nempe
2235 3627 2449 3709 ipsum
2510 3625 2744 3692 libera-

802 3724 1013 3782 torem
1085 3725 1401 3798 tanquam
1467 3710 1589 3777 ἀπὸ
1651 3715 1918 3795 μηχανῆς
1976 3713 2354 3790 affuturum,
2433 3732 2748 3794 suamque

804 3799 995 3868 nobis
1037 3801 1315 3885 gratiam
1354 3812 1421 3865 et
1455 3799 1965 3864 misericordiam
2003 3800 2505 3882 patefacturum,
2551 3797 2746 3863 modo

806 3909 988 3970 spem
1054 3899 1342 3951 nostram
1402 3905 1661 3949 omnem
1707 3884 1776 3950 in
1821 3884 2006 3949 illum
2049 3883 2431 3968 defigamus,
2488 3891 2555 3949 et
2598 3905 2745 3968 pro·

806 3973 1193 4039 missionum
1238 3991 1556 4036 memores
1600 3974 1926 4054 patienter
1968 3971 2410 4053 impletionem
2457 3981 2748 4052 praesto-

805 4058 1052 4125 lemur:
1134 4077 1209 4122 ac
1267 4056 1783 4122 caecutientibus
1841 4058 2119 4122 caeteris
2176 4055 2477 4121 omnibus
2537 4054 2746 4119 homi·

803 4145 1020 4220 nibus,
1058 4154 1123 4206 et
1156 4143 1228 4206 in
1266 4142 1532 4207 densam
1574 4143 1991 4207 tenebrarum
2029 4142 2376 4225 caliginem
2420 4141 2746 4206 immersis

802 4230 933 4297 Dei
969 4228 1288 4294 iustitiam
1327 4228 1462 4292 suis
1496 4226 1798 4293 fidelibus
1834 4229 2304 4311 apparituram,
2350 4226 2745 4308 tandemque

805 4318 930 4383 Dei
991 4335 1209 4380 osores
1269 4333 1344 4378 ac
1402 4323 1878 4396 contemptores
1922 4313 2284 4398 ignominia
2326 4325 2392 4377 et
2432 4311 2745 4379 dedecore

802 4404 1072 4469 obrutos
1115 4400 1300 4466 fact-is
1345 4399 1613 4483 dignam
1659 4401 2022 4465 mercedem
2065 4409 2529 4481 reportaturos.
2620 4398 2746 4462 Ne-

804 4509 935 4572 que
996 4507 1149 4552 vero
1208 4486 1435 4551 mirari
1491 4505 1612 4550 nos
1669 4495 1925 4567 oportet
1979 4486 2035 4549 si
2093 4483 2222 4550 Dei
2265 4493 2745 4566 contemptores

802 4583 993 4640 tanta
1057 4571 1473 4654 corruptione
1541 4571 1880 4653 depravati
1940 4581 2129 4635 sunt:
2197 4570 2368 4653 quod
2429 4572 2743 4634 nimirum

804 4658 1196 4733 caecutiunt,
1243 4667 1312 4722 et
1354 4656 1690 4740 perpetuis
1734 4656 2024 4721 tenebris
2070 4675 2146 4721 ac
2189 4665 2378 4722 nocte
2420 4654 2746 4739 profunda

804 4743 1083 4810 demersi
1144 4756 1553 4828 premuntur.
1642 4741 1865 4823 Quare
1913 4742 2062 4808 licet
2112 4764 2230 4807 nos
2273 4762 2495 4808 secum
2546 4741 2746 4806 veluti

807 4830 1137 4897 demersos
1192 4830 1259 4894 in
1323 4830 1738 4893 tenebrarum
1784 4825 2096 4911 abyssum
2142 4828 2322 4892 omni
2365 4826 2746 4894 contumeli-

805 4936 993 4981 arum
1060 4936 1298 5000 genere
1356 4915 1662 4989 afficiant,
1733 4927 1798 4978 et
1865 4914 2120 4978 miseris
2163 4913 2463 4990 illudant,
2532 4913 2745 4995 adque

806 5002 931 5065 Dei
1011 5000 1506 5081 abnegationem
1577 4998 1951 5078 sollicitent,
2017 5019 2101 5063 ne
2159 4997 2528 5064 dubitemus
2587 4999 2744 5081 quin

804 5085 921 5150 lux
959 5086 1073 5150 illa
1107 5086 1406 5151 coelestis
1439 5085 1705 5150 tandem
1742 5087 1808 5150 in
1850 5086 2158 5151 maximis
2192 5085 2514 5167 angustiis
2551 5084 2742 5147 afful-

806 5185 973 5255 geat,
1032 5192 1106 5236 ao
1151 5170 1527 5237 divinarum
1574 5171 2078 5255 promissionum
2127 5170 2227 5235 vis
2270 5190 2414 5236 sese
2458 5181 2741 5248 exserat,

800 5277 1038 5340 nempe
1077 5255 1297 5322 Deum
1340 5258 1488 5323 illos
1531 5257 2009 5323 honoraturum
2055 5278 2096 5321 a
2130 5256 2364 5339 quibus
2394 5264 2532 5321 toto
2568 5256 2743 5320 vitae

2524 347 2938 416 HOMILIA
2982 346 3110 415 XI.

4635 345 4741 412 360

2846 557 3002 604 suae
3058 537 3380 604 curriculo
3434 538 3687 604 sineere
3741 536 3953 604 cultus
4010 543 4078 601 et
4120 533 4518 619 glorificatus
4558 536 4741 601 fuerit.

2845 625 3079 690 Nonne
3125 645 3279 690 vero
3324 623 3513 689 nobis
3558 626 3719 690 haec
3762 623 4014 687 animos
4051 621 4264 687 facere
4301 621 4551 701 debent,
4589 631 4650 687 et
4676 622 4743 686 ad

2845 710 3279 776 constantiam
3317 711 3650 793 animique
3684 709 4154 793 praestantiam
4192 708 4444 791 erigere
4468 708 4744 774 adversus

2850 795 3078 862 mundi
3144 817 3568 881 quascunque
3632 795 3845 861 minas
3910 804 3979 859 et
4044 815 4274 860 saevas
4340 804 4744 877 tempestates,

2849 904 2929 948 ne
2971 890 3153 948 metu
3196 903 3274 948 ac
3308 881 3609 948 vecordia
3645 881 4041 958 deficiamus,
4083 878 4198 944 sed
4236 879 4548 946 adversus
4583 900 4745 962 quos-

2848 988 3107 1052 cunque
3172 979 3385 1034 motus
3469 968 3918 1052 improborum
4008 966 4431 1048 imperterriti
4517 987 4746 1030 cursum

2848 1068 3142 1120 nostrum
3187 1052 3622 1132 absolvamus,
3664 1053 3723 1116 si
3766 1051 4022 1118 venerit
4064 1053 4135 1116 in
4176 1063 4461 1116 mentem
4507 1053 4626 1117 ista
4661 1071 4748 1118 co·

2848 1141 3094 1222 gitatin,
3154 1140 3370 1204 Deum
3428 1160 3547 1206 suo
3591 1151 3880 1222 tempore
3923 1137 4110 1202 nobis
4152 1138 4528 1216 affuturum,
4580 1158 4748 1220 reque

2847 1229 2990 1311 ipsa
3044 1225 3638 1291 demonstraturum
3683 1245 3815 1289 non
3860 1225 4125 1288 inanem
4168 1223 4365 1287 istam
4407 1245 4548 1289 esse
4587 1244 4748 1288 suam

2847 1312 3366 1397 promissionem,
3430 1333 3500 1377 se
3555 1311 4067 1393 glorificaturum
4127 1330 4236 1374 eos
4293 1329 4334 1374 a
4389 1309 4613 1392 quibus
4654 1312 4748 1373 ho-

2847 1419 3007 1464 nore
3066 1395 3283 1463 debito
3338 1407 3406 1461 et
3461 1395 3829 1462 reverentia
3885 1396 4088 1460 fuerit
4130 1395 4486 1477 acceptus?
4555 1395 4748 1472 Magni

2847 1504 3042 1568 saepe
3130 1483 3404 1548 facimus
3490 1483 3756 1548 collatos
3842 1483 3922 1548 ab
4014 1480 4388 1546 hominibus
4473 1481 4749 1546 honores:

2848 1586 3090 1654 quanto
3148 1569 3357 1653 magis
3417 1588 3573 1652 ergo
3637 1589 3756 1634 nos
3816 1567 4001 1633 decet
4043 1568 4123 1633 ab
4169 1568 4310 1650 ipso
4356 1567 4499 1631 Deo
4544 1565 4751 1632 divinis

2847 1654 3274 1723 cumulandos
3344 1652 3714 1732 honoribus,
3780 1652 4070 1721 eiusdem
4130 1653 4376 1737 gloriae
4424 1662 4492 1718 et
4551 1652 4753 1717 honori

2849 1738 3157 1806 studere?
3245 1738 3485 1805 Annon
3549 1740 3875 1823 pollicenti
3942 1738 4230 1804 Domino
4294 1739 4493 1802 fidem
4558 1737 4753 1803 haberi

2849 1826 2998 1911 plus
3052 1847 3245 1909 quam
3305 1845 3580 1908 aequum
3626 1837 3744 1904 est,
3802 1839 3869 1891 et
3909 1847 4058 1892 cum
4102 1823 4419 1889 modestia
4463 1834 4529 1888 et
4569 1824 4754 1888 humi·

2849 1915 3032 1978 litate
3091 1911 3587 1996 promissionum
3632 1911 3839 1994 ipsius
3882 1911 4324 1994 impletionem
4371 1909 4752 1992 exspectari?

2849 2000 3072 2081 Quare
3132 1997 3185 2062 si
3246 1998 3411 2062 forte
3468 1997 3816 2080 contigerit
3858 2010 3930 2063 ut
3972 1997 4084 2079 qui
4130 2017 4356 2062 auram
4404 1997 4756 2079 popularem

2848 2093 3133 2167 captant,
3180 2094 3246 2149 et
3286 2082 3656 2148 istiusmodi
3700 2082 4051 2147 honoribus
4085 2083 4454 2165 capiuntur,
4499 2081 4578 2146 ad
4612 2103 4758 2145 sum·

2851 2191 2989 2236 mos
3056 2172 3332 2234 honores
3387 2189 3625 2252 magno
3669 2169 3960 2233 omnium
4005 2169 4325 2251 applausu
4370 2166 4758 2244 extollantur,

2850 2258 3175 2340 patienter
3234 2265 3301 2319 et
3358 2275 3507 2320 cum
3566 2255 3827 2320 silentio
3886 2255 4139 2319 animas
4193 2261 4457 2317 nostras
4504 2252 4759 2335 posside·

2852 2363 3059 2419 amus,
3096 2350 3163 2407 et
3196 2340 3278 2407 ab
3313 2340 3444 2405 illis
3481 2340 3832 2405 divortium
3868 2339 4205 2416 facientes,
4252 2337 4436 2404 brevi
4473 2340 4539 2403 in
4575 2339 4759 2403 fumos

2851 2428 3176 2493 abituram
3277 2425 3668 2511 dignitatem
3756 2428 3984 2509 procul
4085 2425 4485 2490 intueamur.
4604 2422 4761 2488 Nihil

2852 2516 3027 2579 euim
3089 2514 3373 2578 Domino
3416 2513 3888 2595 supereminet:
3945 2509 4060 2578 sed
4104 2531 4272 2594 quae
4316 2511 4401 2576 ab
4446 2510 4588 2576 eius
4629 2508 4760 2574 libe·

2851 2600 2973 2664 rali
3024 2619 3222 2664 manu
3280 2599 3659 2681 consequuti
3718 2597 4053 2676 fuerimus,
4112 2616 4447 2663 summum
4492 2608 4761 2660 nostrum

2851 2684 3097 2751 bonum
3141 2706 3284 2751 esse
3328 2686 3641 2750 norimus.
3732 2688 3830 2749 Ac
3897 2680 4167 2767 proinde
4232 2703 4363 2747 non
4439 2703 4480 2746 a
4543 2680 4761 2746 mundo

2850 2771 3253 2855 quaerendos
3297 2769 3611 2835 honores:
3657 2769 3854 2853 plena
3898 2771 4069 2834 enim
4115 2768 4334 2834 omnia
4380 2768 4761 2834 ambitionis:

2850 2879 2978 2942 qua
3021 2859 3077 2921 si
3121 2855 3327 2922 semel
3368 2856 3756 2936 inficiamur,
3792 2877 3920 2920 non
3966 2853 4395 2921 dubitandum
4442 2856 4602 2937 quin
4633 2851 4763 2917 inde

2850 2943 3061 3009 labem
3122 2943 3259 3008 vita
3311 2951 3539 3007 nostra
3595 2941 3942 3007 contrahat
3983 2942 4050 3006 iu
4097 2940 4369 3007 Domini
4414 2949 4761 3022 conspectu,

2849 3037 2918 3096 et
2974 3049 3049 3094 eo
3104 3028 3311 3092 maior
3361 3028 3447 3092 sit
3505 3049 3545 3092 a
3596 3026 3783 3093 nobis
3836 3025 4271 3110 exspectanda
4312 3024 4761 3100 condemnatio,

2849 3136 2975 3198 quo
3021 3113 3265 3180 foedior
3309 3113 3438 3177 erit
3481 3114 3655 3178 vitae
3699 3122 3960 3180 nostrae
4003 3113 4307 3180 conditio.
4399 3112 4534 3177 Sed
4579 3110 4759 3175 nomi·

2851 3201 3057 3266 natim
3134 3198 3450 3263 honorem
3519 3200 3812 3281 promitti
3872 3198 3994 3263 Dei
4055 3197 4418 3264 cultoribus
4479 3198 4762 3261 memine-

2851 3288 3058 3351 rimus
3101 3298 3366 3369 propter
3403 3284 3738 3350 hominum
3775 3285 4245 3359 infirmitatem,
4290 3304 4393 3362 ne,
4436 3284 4618 3366 quasi
4652 3285 4764 3346 sint

2849 3372 3217 3448 reiectanei,
3285 3369 3734 3454 despondeant
3776 3371 4089 3449 animum,
4134 3384 4249 3434 aut
4291 3371 4586 3434 nondum
4629 3367 4765 3432 satis

2849 3458 2931 3523 ab
2978 3457 3282 3522 humanis
3317 3455 3658 3521 affectibus
3692 3456 4050 3540 repurgati,
4095 3476 4258 3533 sese,
4305 3456 4411 3521 vel
4449 3469 4762 3521 contume-

2850 3543 3106 3621 liarum,
3168 3542 3272 3607 vel
3329 3541 3719 3607 iniuriarum
3780 3543 3959 3608 omni
4019 3562 4260 3627 genere
4317 3543 4531 3625 premi
4589 3538 4764 3607 senti·

2849 3640 3055 3714 entes,
3111 3629 3470 3695 immeritos
3514 3641 3579 3694 et
3622 3628 4024 3704 innocentes,
4065 3627 4332 3694 moleste
4376 3628 4625 3692 ferant:
4675 3623 4762 3689 fu·

2848 3725 3065 3779 turam
3111 3716 3285 3779 enim
3332 3714 3671 3798 dignitatis
3716 3723 3780 3780 et
3825 3714 4091 3779 honoris
4133 3713 4601 3798 sempiternam
4644 3710 4760 3795 glo·

2848 3802 3011 3864 riam
3058 3800 3404 3882 promittit,
3449 3802 3593 3866 istis
3636 3799 3935 3866 omnibus
3981 3800 4458 3865 momentaneis
4506 3810 4572 3864 et
4605 3794 4764 3861 brevi

2847 3886 3223 3952 transituris
3310 3884 3726 3952 contumeliis
3806 3884 4281 3969 opponendam.
4374 3882 4509 3951 Sed
4576 3893 4640 3949 et
4695 3877 4763 3945 ad

2848 3971 3343 4056 promissionem
3429 3971 3677 4038 accedit
3760 3971 3958 4037 etiam
4038 3971 4478 4050 comminatio,
4569 3971 4760 4034 Deum

2847 4069 3339 4124 contemnentes
3394 4058 3574 4123 omni
3638 4057 3949 4125 dedecore
4007 4066 4075 4124 et
4117 4056 4483 4142 ignominia
4522 4053 4759 4121 tandem

2848 4144 3245 4209 afficiendos.

3019 4228 3227 4294 Cuius
3326 4229 3850 4295 comminationis
3941 4228 4078 4296 vim
4167 4239 4243 4295 ut
4328 4227 4760 4314 percipiamus.

2848 4315 3074 4399 paucis
3136 4314 3294 4398 quid
3349 4316 3435 4379 sit
3477 4314 3698 4380 Deum
3746 4323 4159 4381 contemnere
4201 4314 4389 4381 nobis
4433 4327 4536 4380 est
4579 4311 4762 4395 expli-

2846 4398 3149 4466 candum.
3238 4399 3407 4465 Nam
3489 4401 3771 4483 ahoquin
3853 4401 4186 4466 multoties
4263 4420 4670 4485 nequaquam
4730 4415 4762 4457 ⁸

2848 4486 3034 4550 nobis
3078 4485 3158 4551 de
3201 4484 3674 4551 contemnenda
3716 4485 3846 4551 Dei
3894 4487 4226 4553 maiestate
4269 4490 4646 4571 cogitatum,
4699 4502 4761 4548 ao

2846 4570 3041 4636 malle
3120 4582 3361 4636 terram
3447 4573 3629 4638 nobis
3712 4572 4062 4649 dehiscere,
4143 4593 4338 4656 quam
4417 4573 4500 4637 de
4564 4570 4763 4636 diviua

2847 4658 3052 4741 gloria
3139 4658 3490 4740 quidquam
3559 4657 3834 4736 detrahi,
3916 4659 4325 4737 testabimur,
4401 4677 4601 4741 quum
4682 4665 4761 4717 ta·

2847 4764 2998 4808 men
3059 4742 3260 4808 divini
3318 4756 3728 4828 contemptus
3775 4743 4058 4809 maxime
4107 4747 4201 4809 rei
4251 4745 4476 4811 simus.
4567 4742 4762 4824 Quare

2847 4828 3203 4894 tenendum
3259 4842 3376 4907 est,
3435 4851 3551 4895 nos
3609 4851 3943 4913 nunquam
4002 4831 4082 4895 ab
4144 4830 4266 4896 hoc
4308 4830 4581 4896 crimine
4624 4827 4760 4893 libe·

2847 4914 3105 4999 randos‚
3176 4917 3300 4981 nisi
3347 4936 3574 4981 omnes
3618 4928 3879 4981 nostrae
3923 4917 4209 4982 actiones
4253 4928 4319 4981 et
4360 4915 4759 4999 cogitationes

2844 5001 2914 5064 in
2974 5002 3102 5066 Dei
3147 5002 3421 5085 gloriam
3468 5002 3785 5081 ferantur,
3845 5022 4039 5085 quam
4086 5022 4206 5085 pro
4251 5003 4491 5067 nostris
4537 4999 4760 5066 viribus

2846 5106 3087 5169 augere
3148 5097 3218 5151 et
3273 5087 3672 5172 amplificare
3729 5087 4125 5164 studeamus,
4213 5098 4627 5170 nostramque
4677 5103 4763 5149 sa·

2845 5170 3049 5236 lutem
3115 5193 3641 5256 promoveamus.
3738 5174 3979 5256 Quare,
4068 5174 4351 5258 exempli
4414 5174 4643 5257 gratia,
4712 5165 4761 5230 εἰ

2845 5257 3191 5325 malefacta
3269 5259 3759 5327 dissimulamus
3826 5282 3900 5327 ac
3966 5260 4338 5342 toleramus,
4416 5269 4531 5325 aut
4583 5258 4636 5324 si
4677 5251 4759 5318 of·
