5059 6059
275 313 377 380 461

272 502 416 568 diem
465 503 886 564 reservatum.
954 495 1191 580 Itaque
1223 514 1471 579 poenae
1505 495 1895 579 temporales
1938 498 2175 579 quibus

273 588 599 655 Gethenses
644 589 711 647 et
754 581 870 647 alii
910 583 1204 666 percussi
1233 594 1409 666 sunt,
1439 582 1626 649 nobis
1667 592 1826 648 sunt
1868 584 2174 667 exemplo

270 673 379 740 Dei
428 668 806 735 iudiciorum
862 666 1000 734 illis
1052 670 1562 750 imminentium,
1621 669 1730 751 qui
1788 669 1910 734 sub
1968 670 2174 752 ipsius

268 756 485 845 potenti
537 776 736 820 manu
799 772 934 818 666
992 753 1441 832 humiliantur,
1497 775 1696 838 quam
1754 754 1879 820 sibi
1942 755 2172 821 adver·

268 853 489 911 sautem
545 840 803 906 sensuri
861 848 1033 919 sunt,
1090 851 1159 906 et
1216 841 1477 923 quidem
1535 859 1687 905 cum
1731 842 1977 906 maiore
2022 841 2168 906 hor·

268 950 406 1006 rore,
471 946 596 1009 quo
656 926 778 991 sibi
840 926 1376 1010 propinquiorem
1433 926 1615 991 illam
1671 948 1812 993 6666
1867 924 2170 993 viderint.

268 1013 417 1096 Quid
457 1012 729 1097 papistis
770 1012 978 1096 igitur
1020 1013 1316 1077 futurum
1361 1020 1478 1089 est,
1538 1011 1713 1096 apud
1768 1032 1929 1096 quos
1988 1014 2174 1078 Deus

265 1100 440 1168 veluti
492 1099 792 1181 captivus
850 1096 961 1163 diu
1006 1098 1312 1164 detentus
1371 1096 1517 1164 est?
1605 1097 1776 1162 Nam
1834 1097 1999 1164 falso
2044 1098 2171 1164 Dei

264 1206 475 1252 nomen
515 1185 846 1249 iactarunt
889 1183 1292 1270 hypocritae,
1348 1184 1513 1249 falso
1557 1182 1710 1249 Iesu
1756 1183 2008 1250 Christi
2052 1205 2172 1249 uo-

263 1272 416 1337 61166
455 1268 715 1354 gloriati
758 1279 932 1334 sunt.
1019 1270 1261 1335 Annon
1306 1271 1484 1335 enim
1530 1268 1854 1351 pollutum
1901 1280 2001 1335 est
2045 1271 2170 1335 Dei

261 1377 467 1423 nomen
522 1355 607 1422 ab
661 1355 813 1439 illis,
874 1376 1079 1439 quum
1140 1377 1219 1421 ex
1278 1356 1483 1420 animi
1536 1354 1639 1420 sui
1682 1354 1953 1421 libidine
1995 1356 2172 1420 idola

260 1449 601 1521 erexerunt,
645 1450 715 1505 et
758 1462 961 1507 novos
1003 1442 1223 1507 cultus
1258 1441 1352 1506 illi
1397 1440 1847 1506 affinxerunt?
1936 1440 2171 1523 Qualis

261 1529 382 1607 fuit,
439 1527 724 1605 obsecro,
790 1526 1004 1593 cultus
1056 1527 1171 1592 ille
1214 1527 1586 1603 missarum,
1655 1548 1935 1610 quarum
2003 1527 2169 1592 aliae

259 1613 481 1680 Mariae
545 1612 814 1697 virgini,
884 1613 1050 1679 aliae
1112 1611 1184 1680 S.
1240 1613 1660 1690 Catharinae,
1726 1612 1895 1679 aliae
1949 1613 2169 1679 Divae

259 1700 484 1766 Barbas
538 1707 961 1766 consecratae
1017 1709 1191 1777 sunt,
1252 1700 1482 1782 qualis,
1540 1698 1829 1782 inquam,
1888 1698 2000 1763 ille
2042 1700 2169 1764 Dei

257 1784 445 1852 cultus
497 1784 648 1865 fuit,
713 1784 785 1849 in
842 1806 969 1867 quo
1010 1786 1192 1850 nulla
1235 1784 1364 1851 Dei
1406 1784 1699 1849 mentio?
1789 1783 2011 1865 Quare
2054 1806 2171 1867 pro

258 1871 365 1937 Dei
425 1870 612 1936 cultu
669 1871 1012 1937 venditant
1070 1870 1393 1936 idolorum
1453 1870 1682 1936 sacra?
1785 1869 2170 1954 Baptismus

250 1954 401 2040 apud
456 1976 571 2023 eos
625 1956 855 2022 multis
912 1958 1341 2023 caeremoniis
1398 1956 1698 2022 foedatus
1759 1957 1918 2023 fuit:
1968 1978 2169 2023 coena

245 2063 482 2127 prorsus
524 2042 796 2122 abolita,
840 2050 910 2109 et
947 2043 1020 2107 in
1064 2043 1206 2108 eius
1249 2043 1464 2110 locum
1509 2042 1814 2107 immanis
1856 2042 1972 2109 illa
2014 2042 2167 2108 abo-

245 2128 485 2193 minatio
526 2129 873 2194 missatica
915 2140 1278 2213 surrogata.
1348 2127 1516 2210 Quis
1560 2150 1717 2213 ergo
1763 2149 1894 2193 non
1934 2129 2165 2193 merito

249 2214 403 2279 dicat
438 2214 774 2298 captivum
798 2213 1018 2280 Deum
1062 2214 1237 2298 apud
1282 2215 1575 2298 papistas
1618 2215 1837 2288 fuisse,
1881 2216 1984 2279 cui
2030 2225 2164 2279 tam

250 2299 423 2383 impie
457 2299 831 2377 illuserunt,
892 2300 1007 2383 qui
1060 2300 1232 2377 fidei,
1295 2301 1481 2384 legis,
1533 2300 2004 2365 christianismi
2047 2321 2164 2365 no-

248 2407 378 2450 men
434 2385 599 2452 falso
662 2387 1076 2470 profitentes,
1156 2396 1220 2451 61
1295 2396 1710 2452 sacramenta
1774 2386 2162 2469 polluentes,

250 2470 357 2536 Dei
414 2471 735 2555 templum
801 2471 873 2537 in
938 2472 1166 2538 haram
1235 2491 1597 2555 porcorum,
1662 2471 1774 2537 vel
1827 2472 2049 2554 potius
2091 2473 2159 2536 in

248 2555 481 2624 foedum
523 2558 807 2641 lupanar
849 2557 1360 2624 converterunt?
1450 2558 1701 2623 Multae
1751 2555 2011 2639 quidem
2056 2579 2163 2623 ca·

250 2642 560 2721 1661116166,
608 2642 843 2724 fateor,
901 2644 974 2709 in
1018 2644 1197 2709 hunc
1239 2643 1556 2709 mundum
1603 2653 1941 2721 venerunt,
2001 2664 2164 2726 quas

248 2749 359 2794 non
412 2727 689 2795 dubium
748 2737 851 2795 est
907 2729 1140 2795 ultima
1182 2729 1297 2794 illa
1341 2730 1447 2796 die
1490 2729 1884 2796 obiiciendas
1928 2729 2009 2794 iis
2050 2731 2162 2812 qui

248 2836 359 2880 666
409 2815 602 2880 modo
662 2836 794 2881 non
854 2824 1011 2881 sunt
1069 2816 1203 2881 illis
1261 2814 1473 2882 edocti
1531 2825 1599 2879 et
1641 2814 1989 2892 emendati,
2048 2815 2161 2880 sed

250 2900 345 2983 qui
382 2910 606 2967 contra
649 2903 863 2985 magis
906 2902 978 2967 in
1021 2902 1290 2985 flagitiis
1332 2902 1674 2978 obfirmati,
1720 2920 1908 2966 suam
1953 2902 2161 2984 turpi-

247 2985 516 3052 tudinem
574 2988 890 3067 sentient,
948 2997 1272 3070 eruntque
1326 3008 1593 3071 prorsus
1649 2986 2161 3052 inexcusabiles:

249 3073 351 3136 etsi
410 3093 538 3138 non
607 3072 771 3138 adeo
836 3085 1059 3156 aperte
1102 3073 1286 3139 Deus
1352 3095 1461 3138 666
1524 3083 1716 3155 atque
1773 3072 2163 3138 Philistaeos

249 3156 381 3222 olim
418 3160 555 3225 suis
594 3159 859 3226 iudiciis
903 3159 1079 3225 ultus
1135 3166 1255 3226 est.
1344 3158 1685 3242 Quidquid
1747 3161 1851 3236 sit,
1910 3169 2161 3225 certum

249 3251 334 3308 est
377 3264 483 3310 666
540 3245 659 3328 qui
705 3245 834 3310 Dei
890 3246 1153 3311 nomine
1210 3252 1369 3310 sunt
1425 3246 1632 3328 abusi,
1693 3266 1823 3310 non
1888 3244 2162 3329 impune

248 3347 345 3393 sua
382 3330 730 3415 sacrilegia
770 3330 1050 3397 laturos:
1103 3350 1177 3395 ac
1220 3331 1328 3396 lon
1378 3353 1413 3395 e
1457 3331 1790 3396 meliorem
1836 3331 1972 3396 fore
2015 3330 2161 3395 illo-

248 3435 373 3480 rum
413 3417 876 3496 conditionem,
921 3418 975 3481 si
1021 3418 1318 3499 protinus
1411 3437 1525 3483 eus
1569 3418 1638 3481 in
1683 3416 1830 3481 illos
1865 3414 2160 3481 animad-

248 3510 521 3580 verteret,
582 3524 797 3585 neque
852 3502 1148 3569 differret
1189 3504 1259 3566 in
1305 3502 1481 3568 aliud
1528 3513 1784 3586 tempus
1829 3501 2161 3582 ultionem,

245 3605 409 3666 quam
452 3589 591 3655 suis
638 3589 907 3673 flagitiis
950 3599 1311 3668 accersunt,
1356 3597 1422 3653 et
1465 3609 1660 3672 quam
1697 3587 1878 3652 nulla
1913 3590 2163 3653 ratione

242 3683 489 3752 possunt
527 3675 841 3759 effugere.
912 3673 1085 3739 Nam
1129 3695 1321 3757 saepe
1348 3673 1493 3738 Deo
1536 3695 1778 3758 poenas
1821 3674 2161 3739 differente

240 3760 534 3838 patientia
580 3761 793 3844 ipsius
837 3759 1014 3826 abuti
1059 3761 1355 3825 homines
1398 3759 1631 3825 solent.
1699 3759 1922 3841 Quare
1966 3761 2160 3844 agite,

241 3841 377 3910 licet
420 3868 555 3912 non
620 3848 689 3911 in
733 3847 1065 3930 praesenti
1108 3845 1292 3911 Deus
1335 3846 1708 3911 idololatras
1751 3853 1818 3910 et
1859 3846 2157 3911 incredu-

242 3926 335 3994 los
354 3932 722 4011 ulciscatur,
767 3954 901 3997 non
947 3940 1168 3997 tamen
1211 3930 1283 3997 16
1318 3931 1523 4015 ipsius
1559 3932 1790 3997 timore
1827 3930 2161 3996 ambulare

244 4023 304 4077 et
320 4015 558 4085 sincere
603 4020 821 4102 ipsum
858 4018 1071 4084 colere
1106 4040 1190 4084 ne
1221 4018 1626 4084 desinamus:
1674 4038 1884 4100 neque
1908 4015 2160 4081 tamdiu

239 4117 675 4185 exspectemus
733 4102 889 4170 dum
946 4105 1088 4188 ipse
1142 4125 1339 4168 manu
1402 4115 1654 4169 armata
1697 4124 1815 4168 nos
1855 4102 2160 4181 invadat;

241 4205 306 4252 ac
357 4188 504 4256 licet
548 4191 726 4256 hanc
773 4191 976 4257 vitam
1031 4190 1174 4256 sine
1218 4189 1442 4272 poenis
1485 4190 2013 4275 transegerimus,
2074 4210 2158 4254 ne

238 4270 383 4352 ideo,
414 4284 734 4359 tanquam
771 4276 1041 4341 meliore
1079 4275 1219 4342 loco
1253 4275 1480 4360 simus,
1504 4274 1692 4340 nobis
1727 4276 2158 4356 gratulemur:

240 4358 339 4423 sed
377 4361 768 4428 deteriorem
815 4361 1033 4447 potius
1069 4379 1358 4427 nostram
1397 4383 1538 4427 6666
1575 4361 1812 4426 factam
1850 4361 2162 4427 conditio-

238 4463 369 4509 nem
412 4446 715 4525 sciamus,
774 4445 1293 4531 quandoquidem
1339 4447 1465 4512 Dei
1517 4447 1899 4514 iudiciorum
1958 4448 2159 4512 tardi-

238 4536 325 4596 tas
363 4536 718 4599 severitate
760 4543 1238 4618 compensatur.

389 4619 613 4702 Atque
669 4618 987 4686 hactenus
1045 4618 1126 4684 de
1186 4617 1634 4685 Gethensibus
1693 4619 1936 4686 dictum
1998 4625 2158 4695 esto,

235 4711 635 4771 transeamus
712 4706 795 4772 ad
874 4706 1238 4788 sequentia,
1316 4705 1554 4788 quibus
1632 4704 1941 4772 docemur
2015 4703 2161 4770 illos

236 4789 444 4872 agnito
487 4812 734 4872 errore,
778 4791 948 4875 quod
992 4790 1201 4876 plagis
1234 4791 1722 4871 infestarentur,
1767 4791 1847 4855 de
1880 4812 1951 4856 se
1985 4790 2156 4876 cogi·

234 4882 412 4960 tasse,
479 4897 558 4943 ac
624 4877 816 4945 malis
873 4877 1010 4943 suis
1065 4878 1424 4944 remedium
1483 4877 1898 4961 quaesivisse,
1964 4885 2160 4958 atque

273 4960 491 5027 roinde
571 4963 810 5029 iterum
891 4974 1244 5030 convocato
1297 4963 1805 5029 Philistaeorum
1868 4962 2159 5043 consilio,

273 5057 555 5114 ecretum
639 5069 780 5115 6666
862 5058 937 5115 61
999 5048 1402 5115 Accaronem
1484 5070 1636 5115 arca
1700 5050 2159 5115 dimitteretur.

230 5129 430 5198 Porro
486 5134 903 5201 Accaronitae
962 5134 1396 5200 Gethensinm
1457 5134 1666 5201 edocti
1713 5135 1904 5200 malis
1966 5132 2162 5201 exob-

228 5219 490 5287 mavisse
545 5220 856 5301 dicuntur,
912 5224 967 5286 et
1017 5222 1329 5304 conquesti
1380 5221 1543 5303 quod
1597 5221 2012 5289 adduxissent
2053 5240 2155 5287 ar·

1586 306 1683 373 IN
1731 306 1786 373 1.
1831 306 2013 374 LIB.
2060 306 2464 377 SAMUEL.
2509 309 2709 377 OAP.
2754 308 2839 376 V.

4094 312 4223 378 462

2277 519 2415 565 cam
2459 497 2588 565 Dei
2631 497 2846 564 Israel
2889 503 2971 564 -nd
3023 496 3388 580 interficeret
3450 519 3550 565 eos
3602 517 3746 564 cum
3779 502 4019 583 populo
4072 512 4220 583 sao,

2278 607 2354 652 ac
2397 585 2669 669 proinde
2713 604 2844 649 non
2903 584 3044 649 sine
3095 584 3273 648 luctu
3319 595 3385 649 et
3428 586 3676 649 eiulatu
3723 587 4074 652 admissam
4115 610 4221 654 ar·

2276 694 2419 739 cam
2465 673 2548 737 ab
2585 671 2735 747 illis,
2779 691 2971 752 quam
3010 670 3135 736 sibi
3169 669 3363 735 sicuti
3389 670 3838 736 Gethensibus
3874 675 4219 740 exitiosam

2275 761 2414 822 fore
2458 758 2799 822 timebant.
2889 756 3216 838 Deinceps
3275 777 3429 821 vero
3484 757 3639 839 quid
3689 760 4022 823 communi
4066 782 4217 826 con-

2275 843 2423 909 silio
2467 841 2801 909 decretum
2848 843 2953 922 sit,
2995 862 3194 925 quum
3241 842 3589 907 exitiosam
3635 863 3777 908 esse
3821 845 3943 908 toti
3980 845 4217 929 populo

2275 950 2494 995 arcam
2539 930 2722 994 illam
2765 930 3090 1011 captivam
3135 937 3437 1010 satrapae
3461 928 3968 994 Philistaeorum
4006 933 4217 996 anim·

2275 1016 2692 1080 adverterent
2736 1015 2946 1082 visuri
2989 1034 3237 1079 sumus.
3301 1014 3575 1079 Interim
3602 1015 3708 1080 hic
3730 1016 4215 1082 observandum

2273 1101 2510 1168 vitium
2567 1101 2740 1183 quod
2797 1100 3180 1184 plerumque
3228 1100 3300 1164 in
3340 1100 3911 1167 deliberationibus
3952 1113 4018 1166 et
4061 1123 4216 1168 con·

2273 1186 2441 1252 siliis
2504 1188 2771 1252 evenire
2836 1187 3163 1260 videmus,
3226 1194 3306 1250 ut
3370 1186 3681 1250 nimirum
3746 1188 3882 1252 suis
3945 1189 4216 1272 quisque

2273 1273 2628 1339 commodis
2697 1270 2957 1337 studeat
3036 1292 3270 1355 parum
3345 1270 3426 1336 de
3490 1273 3760 1338 alterius
3825 1273 4213 1339 detrimento

2272 1359 2613 1424 sollicitus.
2701 1358 2897 1436 Nam,
2942 1357 3226 1440 exempli
3270 1359 3501 1441 gratia,
3562 1356 3928 1423 deliberant
3968 1361 4213 1442 princi·

2270 1465 2388 1528 pes
2431 1444 2940 1510 Philistacorum
3001 1444 3081 1508 de
3133 1442 3451 1507 mittenda
3495 1464 3647 1508 arca
3686 1446 3756 1509 in
3801 1445 4082 1528 aliquam
4127 1467 4216 1511 ex

2272 1532 2408 1596 suis
2452 1530 2740 1607 urbibus,
2785 1539 2852 1595 et
2897 1533 3294 1595 Accaronem
3341 1527 3654 1613 deligunt.
3745 1531 3945 1614 Atqui
3983 1532 4214 1597 verisi-

2271 1618 2426 1681 mile
2483 1629 2583 1680 est
2641 1616 2798 1681 huic
2853 1616 3123 1681 consilio
3165 1616 3592 1680 Accaronitas
3637 1635 3770 1679 non
3814 1617 4212 1696 interfuisse,

2318 1723 2391 1767 ro
2412 1702 2668 1769 civibus
2703 1702 3191 1779 intercessuros,
3238 1701 3404 1783 quod
3443 1721 3648 1783 quum
3691 1702 3949 1767 venisse
3993 1723 4213 1769 arcam

2340 1789 2399 1851 ei
2443 1789 2511 1852 in
2558 1787 2856 1854 Accaron
2905 1787 3144 1862 vident,
3189 1788 3587 1851 exclament:
3646 1787 4072 1853 Adduoeerunt
4127 1790 4215 1854 ad

2271 1894 2386 1939 nos
2426 1894 2646 1939 arcam
2687 1873 2818 1939 Dei
2861 1872 3089 1954 Israel,
3146 1878 3218 1938 ut
3267 1871 3602 1953 interficiat
3658 1893 3773 1938 nos
3813 1880 3871 1939 et
3900 1874 4213 1957 populum

2270 1964 2581 2025 nostrum:
2646 1980 2722 2025 66
2767 1959 3035 2042 proinde
3078 1960 3261 2041 prius
3304 1958 3564 2042 impleri
3611 1958 3836 2023 vident
3878 1960 4212 2026 decretum

2272 2065 2465 2128 quani
2514 2045 2595 2109 (16
2637 2066 2714 2109 66
2757 2045 3005 2128 aliquid
3059 2045 3453 2109 audiverint.
3542 2042 3735 2109 Unde
3790 2045 3977 2111 facile
4028 2046 4212 2112 colli·

2271 2133 2486 2216 gimus
2509 2131 2907 2196 Philistaeos
2951 2130 3166 2196 facere
3209 2130 3448 2194 iterum
3494 2130 3857 2213 periculum
3904 2130 4209 2211 voluisse,

2270 2217 2422 2299 quid
2470 2236 2623 2281 arca
2664 2217 2781 2282 illa
2823 2219 3026 2295 fieret,
3072 2217 3127 2282 si
3175 2217 3389 2282 locum
3436 2225 3740 2296 mutaret,
3783 2229 3851 2281 et
3892 2218 3964 2281 in
4009 2218 4207 2282 aliam

2269 2302 2496 2368 urbem
2558 2303 2925 2368 duceretur.
3013 2302 3248 2384 Itaque
3307 2323 3388 2366 ex
3451 2300 3572 2367 hac
3630 2300 3900 2367 historia
3951 2303 4028 2368 fit
4069 2325 4208 2368 om-

2268 2389 2451 2453 nium
2492 2387 2833 2452 hominum
2870 2389 3206 2472 ingenium
3245 2387 3688 2469 conspicuum,
3729 2388 4042 2453 nimirum
4066 2409 4210 2455 6666

2269 2475 2737 2540 attentissimos
2779 2473 2862 2539 ad
2906 2496 3095 2539 suum
3144 2472 3550 2539 commodum
3596 2484 3663 2538 et
3705 2474 4078 2553 utilitatem,
4141 2483 4212 2541 et

2268 2559 2351 2626 ad
2398 2559 2849 2644 praecavenda
2883 2559 3209 2643 quaelibet
3246 2558 3564 2641 pericula:
3611 2566 3682 2623 at
3716 2559 3772 2624 si
3809 2557 3889 2623 de
3925 2561 4210 2643 proximi

2267 2668 2341 2711 re
2395 2655 2648 2730 agatur,
2705 2666 2872 2728 quae
2929 2667 3082 2711 cum
3136 2645 3355 2728 aliqua
3412 2644 3667 2711 iactura
3709 2647 4059 2711 coniuncta
4100 2646 4206 2726 sit,

2268 2753 2353 2797 ne
2410 2734 2738 2816 attingere
2797 2731 3057 2814 quidem
3116 2731 3315 2796 velle:
3377 2741 3512 2794 tam
3559 2739 3713 2795 sunt
3755 2732 3825 2794 in
3872 2752 3993 2796 sua
4034 2754 4209 2797 com-

2268 2817 2457 2882 moda
2500 2819 2697 2882 etiam
2743 2838 2890 2883 cum
2934 2818 3380 2902 proximorum
3428 2816 3819 2880 detrimento
3862 2817 4206 2900 ingeniosi.

2267 2904 2416 2969 Etsi
2462 2925 2618 2970 vero
2662 2904 2792 2967 iam
2859 2903 2941 2968 ab
3006 2902 3187 2968 omni
3244 2901 3501 2967 saeculo
3557 2902 3608 2965 ii
3666 2911 3824 2967 sunt
3864 2901 4207 2967 hominum

2266 3010 2499 3070 mores,
2545 3011 2675 3054 non
2719 2988 2866 3053 ideo
2909 3001 3131 3054 tamen
3178 2986 3564 3053 excusandi:
3625 3007 3825 3070 quare
3881 2989 3951 3051 in
3996 2989 4207 3053 omni-

2267 3075 2390 3140 bus
2468 3074 3047 3140 deliberationibus
3126 3083 3192 3140 et
3256 3074 3546 3140 consiliis
3612 3073 3774 3138 11666
3838 3072 4208 3139 adhibenda

2267 3161 2482 3226 cautio
2528 3170 2648 3238 est,
2694 3170 2766 3224 ut
2810 3181 2885 3225 66
2932 3161 3104 3228 uitas
3146 3170 3469 3243 servetur,
3513 3167 3581 3223 et
3622 3181 3706 3224 66
3744 3158 3892 3242 quis
3936 3168 4050 3224 aut
4094 3159 4205 3224 de-

2268 3248 2652 3312 trimentum
2713 3254 2829 3311 aut
2880 3181 3157 3312 dedecus
3223 3268 3306 3311 ex
3350 3246 3432 3311 iis
3474 3245 3731 3326 sentiat.
3819 3245 3990 3310 Nam
4047 3266 4208 3311 sane

2266 3332 2539 3398 alterius
2616 3332 3027 3397 incommodo
3107 3353 3240 3397 non
3307 3340 3731 3414 promovetur
3793 3331 4208 3396 commodum

2265 3429 2592 3483 nostrum:
2655 3418 2879 3500 itaque
2937 3417 2993 3483 61
3054 3417 3124 3482 16
3184 3427 3483 3484 nostrum
3528 3415 3938 3483 commodum
3983 3425 4206 3483 acutos

2265 3503 2581 3569 habemus
2640 3503 2880 3579 oculos,
2940 3502 3169 3569 iisdem
3225 3512 3292 3567 et
3336 3502 3617 3586 proximi
3661 3502 3872 3566 nostri
3917 3523 4054 3566 rem
4102 3503 4205 3567 in-

2265 3591 2436 3655 tueri
2462 3610 2583 3655 nos
2617 3589 2902 3654 officium
2941 3589 3374 3655 christianum
3411 3587 3620 3653 iubet:
3658 3587 4205 3671 quemadmodum

2267 3697 2385 3741 nos
2449 3675 2638 3740 iubet
2696 3674 2949 3740 Paulus
3027 3675 3190 3739 alios
3266 3675 3412 3740 aliis
3473 3695 3555 3738 ex
3613 3674 3889 3739 caritate
3931 3675 4201 3739 servire.

2264 3759 2457 3842 Quod
2502 3781 2662 3826 vero
2708 3761 2790 3825 ad
2838 3761 3379 3826 Accaronitarum
3426 3759 3757 3843 querelam
3805 3762 4061 3835 attinet,
4108 3759 4204 3826 vi-

2265 3847 2492 3912 demus
2537 3845 2922 3924 incredulos,
2967 3847 3090 3912 etsi
3135 3867 3267 3910 non
3307 3857 3440 3911 tam
3480 3848 3608 3910 cito
3643 3867 3838 3928 quam
3875 3854 4209 3928 oporteret

2264 3932 2394 3997 Dei
2441 3933 2747 3997 virtutem
2796 3932 3103 4007 sentiant,
3148 3932 3361 4016 plagis
3404 3932 3711 3996 immissis
3756 3930 4015 4008 eruditi,
4061 3942 4206 3996 tan-

2265 4018 2413 4083 dem
2456 4027 2679 4083 tamen
2748 4018 3168 4101 ingeminatis
3225 4017 3464 4083 ictibus
3512 4016 3748 4082 adduci
3792 4017 3873 4082 ad
3920 4018 4208 4100 aliquam

2263 4105 2403 4170 6166
2446 4103 2899 4188 cognitionem,
2946 4102 3118 4185 quod
3165 4105 3246 4169 ab
3286 4104 3741 4168 Azotiensibus
3777 4103 4044 4167 minime
4081 4102 4207 4166 fuit

2264 4189 2531 4255 factum.
2621 4189 2908 4253 Fortean
2967 4189 3024 4254 si
3080 4188 3162 4253 ad
3222 4189 3398 4272 ipsos
3456 4190 3742 4273 primum
3794 4210 3947 4254 arca
3990 4186 4206 4251 delata

2264 4276 2507 4353 fuisset,
2554 4284 2869 4357 tanquam
2915 4275 3230 4359 singulari
3272 4275 3615 4358 privilegio
3650 4274 3877 4352 laetati
3911 4272 4203 4348 fuissent,

2265 4372 2332 4426 et
2373 4360 2724 4426 ambitione
2769 4380 2885 4443 pro
2930 4371 3110 4426 tanto
3155 4374 3578 4425 monumento
3614 4361 3693 4425 de
3715 4359 4035 4425 Israelitis
4072 4358 4203 4423 vic-

2265 4449 2351 4514 tis
2395 4446 2584 4512 elati:
2629 4455 2701 4511 at
2742 4467 2920 4511 nunc
2962 4467 3164 4531 quum
3210 4446 3291 4511 (16
3336 4447 3449 4511 1116
3485 4468 3611 4514 non
3652 4442 4057 4510 admittenda
4092 4443 4204 4507 (16-

2264 4533 2565 4610 liberant,
2627 4540 2725 4596 tot
2781 4532 2972 4598 malis
3030 4540 3096 4597 et
3156 4532 3550 4608 infortuniis,
3617 4529 3849 4613 quibus
3913 4529 4202 4594 infestati

2263 4622 2522 4685 fuerant
2568 4617 2948 4683 Azotienses
2992 4629 3059 4683 et
3103 4618 3477 4683 Gethenses
3521 4616 3957 4695 adducuntur,
4002 4621 4078 4678 ut
4118 4613 4200 4678 de

2268 4727 2341 4771 66
2392 4726 2466 4772 66
2518 4704 2702 4783 'tent,
2760 4714 2826 4769 et
2884 4725 2924 4769 a
2978 4725 3048 4770 se
3106 4713 3354 4768 tantam
3414 4704 3589 4768 luem
3650 4701 3901 4766 amoliri
3966 4720 4204 4766 conen-

2264 4803 2391 4856 tur.
2518 4799 2710 4872 taque
2754 4791 3186 4855 Accaronitae
3252 4788 3440 4854 malis
3505 4797 3571 4853 et
3635 4786 3856 4851 exitiis
3923 4785 4200 4851 aliorum

2264 4877 2491 4953 edocti,
2537 4884 2836 4941 metuunt
2880 4897 3096 4941 arcam
3143 4875 3315 4960 apud
3360 4895 3432 4939 66
3477 4873 3780 4955 recipere.
3869 4870 4054 4937 Deus
4096 4871 4198 4936 iu·

2262 4964 2456 5027 terim
2481 4962 2797 5045 castigare
2819 4962 2994 5044 ipsos
3018 4965 3249 5048 pergit,
3290 4969 3363 5024 ut
3407 4960 3516 5042 qui
3562 4957 3970 5023 maiestatem
4015 4977 4200 5022 suam

2263 5049 2534 5114 minime
2584 5068 2714 5130 qua
2765 5068 2884 5132 par
2926 5058 3067 5113 erat
3109 5046 3480 5112 reverentia
3522 5053 3588 5109 61
3632 5045 4051 5109 veneratione
4094 5063 4198 5108 co·

2261 5135 2493 5201 lerent.
2554 5137 2770 5215 Atque
2807 5134 2914 5198 hic
2954 5132 3324 5198 divinarum
3360 5129 3860 5214 castigationum
3898 5127 4047 5195 finis
4080 5139 4200 5207 est,

2261 5231 2341 5288 ut
2381 5220 2569 5287 Deus
2625 5219 2760 5286 illis
2811 5218 3231 5305 ingeminatis
3287 5236 3410 5282 nos
3469 5217 3551 5281 ad
3593 5226 4010 5298 peccatorum
4052 5236 4202 5281 nos·
