5059 6059
274 331 379 400 729
1548 323 1652 389 IN
1696 324 1749 390 1.
1795 323 1978 390 LIB.
2027 324 2426 393 SAMUEL.
2473 325 2672 393 OAP.
2716 324 2880 393 XII.

4074 328 4202 396 730

265 524 384 588 fore
437 515 512 583 ad
553 512 718 581 idola
770 512 962 580 nobis
1021 513 1476 599 confingenda,
1534 512 1648 580 sed
1693 513 1911 597 potius
1969 533 2156 579 exse·
2259 514 2359 580 Ac
2403 513 2675 597 proinde
2717 515 2775 579 si
2813 514 2960 599 quis
2995 514 3189 582 officii
3224 515 3588 598 admoneat,
3632 516 3999 619 excipiant:
4044 517 4196 600 Qua

260 603 507 675 crationi
565 598 744 666 nobis
800 598 917 665 illa
980 599 1137 681 fore,
1212 610 1520 684 tanquam
1589 620 1761 666 vana
1826 608 1896 664 et
1954 599 2156 664 inuti-

2257 600 2330 664 in
2389 620 2460 665 re
2518 620 2673 666 vero
2718 599 2815 665 illi
2857 621 3004 666 sum
3048 600 3421 687 obligatus?
3480 602 3636 687 quid
3680 603 3844 669 mitu
3889 625 4039 671 cum
4083 603 4196 670 illo

262 694 353 758 lia.
455 687 691 753 Verum
755 696 984 753 contra
1044 687 1103 752 si
1157 708 1233 752 eo
1300 685 1624 751 amentiae
1681 685 2159 764 devenerimus,
2259 685 2676 752 commercii?
2744 706 2942 769 quam
3001 687 3350 754 utilitatem
3406 710 3696 774 unquam
3753 711 3833 755 ex
3892 689 4005 756 illo
4048 710 4196 773 per·

257 787 320 844 ut
369 771 926 858 superstitionibus
986 780 1055 837 et
1116 773 1528 838 idolomaniis
1586 792 1705 837 nos
1762 768 2158 848 addicamus,

256 881 521 929 summae
553 857 1024 924 incredulitatis
1060 866 1127 924 et
1159 856 1655 944 ingratitudinis
1689 856 2159 936 accusabimur,

253 947 406 1033 quod
466 963 593 1010 non
651 942 850 1008 talem
909 944 1123 1010 Deum
1183 963 1615 1029 agnoscamus
1659 943 1917 1026 qualem
1965 942 2157 1008 debe·

249 1054 399 1110 mus,
451 1028 617 1113 quod
673 1048 827 1094 eum
871 1027 1117 1097 honore
1161 1029 1381 1096 debito
1423 1028 1805 1112 spoliemus:
1865 1026 2036 1112 quod
2078 1028 2158 1093 de

248 1118 438 1204 ipsius
476 1116 736 1192 virtute,
791 1115 1083 1198 potentia
1126 1130 1192 1181 et
1234 1116 1522 1182 bonitate
1565 1112 1974 1179 detrahimus
2017 1121 2158 1179 tan-

247 1219 369 1269 tum
436 1212 748 1286 quantum
807 1200 1044 1267 creatis
1097 1203 1294 1269 rebus
1349 1201 1716 1280 tribuimus,
1784 1202 1848 1264 in
1920 1199 2157 1283 quibus

245 1302 448 1355 tamen
501 1285 686 1353 nulla
741 1285 1063 1352 certitudo
1106 1296 1224 1353 est.
1309 1285 1552 1352 Nullus
1595 1287 1770 1350 enim
1816 1285 1934 1350 ulli
1976 1306 2156 1352 orea-

241 1384 411 1440 turae
452 1373 665 1439 cultus
711 1373 851 1437 sine
892 1371 1092 1438 huius
1135 1373 1407 1439 fiduciae
1453 1371 1879 1437 fundamento
1924 1369 2155 1436 tribui-

241 1470 368 1524 tur:
409 1455 950 1541 quemadmodum
996 1459 1215 1524 anima
1260 1479 1456 1524 suum
1499 1458 1800 1522 effectum
1839 1456 2153 1540 producit.

236 1545 396 1610 Idem
443 1542 523 1608 de
565 1543 687 1608 reli
736 1543 837 1609 uis
880 1544 1182 1611 omnibus
1224 1543 1679 1611 affectionibus
1712 1553 1852 1609 este
1889 1542 2155 1620 dictum,

236 1630 452 1715 quibus
510 1627 592 1694 ad
652 1628 676 1692 i
724 1629 1092 1695 ololatriam
1150 1631 1447 1696 homines
1492 1628 1923 1708 adducuntur,
1982 1627 2153 1710 quod

235 1715 492 1801 singulis
549 1735 670 1781 sua
729 1713 961 1798 cupido
1018 1716 1107 1782 sit
1167 1716 1348 1782 deus.
1452 1714 1898 1797 Quamobrem
1956 1715 2155 1779 etiam

234 1799 547 1885 apostolus
592 1819 833 1866 avaros
876 1800 1277 1868 idololatriae
1318 1800 1697 1867 insimulat:
1742 1800 1914 1884 quod
1957 1820 2153 1884 pecu·

233 1889 332 1953 nia
393 1897 456 1953 et
498 1885 776 1951 divitiae
818 1885 957 1951 sint
1010 1887 1273 1952 illorum
1319 1887 1500 1954 deus.
1589 1884 1703 1952 Sic
1742 1893 2154 1964 scortatores,

231 1972 449 2038 ebriosi
519 1978 590 2037 et
656 1971 773 2037 alii
830 1972 1196 2039 istiusmodi
1246 1973 1555 2057 flagitiosi
1609 1970 1908 2037 homines
1964 1971 2155 2037 luxu·

229 2060 384 2124 riose
423 2064 488 2122 et
531 2057 1057 2141 intemperanter
1097 2059 1304 2125 vitam
1348 2066 1622 2143 agentes
1666 2058 1762 2124 rei
1799 2063 1956 2123 sunt
1983 2058 2156 2122 eius·

229 2144 365 2210 dem
405 2143 725 2223 criminis,
794 2143 965 2227 quod
1010 2164 1129 2211 sua
1168 2143 1368 2210 libido
1410 2145 1498 2210 sit
1539 2144 1702 2228 ipsis
1755 2141 1936 2209 deus.
2023 2142 2156 2208 Ne-

229 2250 347 2314 que
418 2228 594 2294 enim
663 2229 1011 2313 quisquam
1077 2250 1148 2297 se
1211 2231 1466 2314 patitur
1523 2251 1564 2295 a
1620 2230 1756 2296 suis
1820 2228 2157 2295 affectibus

226 2314 437 2397 abripi,
497 2315 632 2380 nisi
677 2313 983 2381 fiduciam
1029 2316 1098 2381 in
1142 2314 1277 2382 illis
1319 2316 1609 2395 collocet,
1670 2324 1737 2379 et
1779 2314 1902 2382 sibi
1945 2314 2158 2380 felicia

223 2401 429 2465 omnia
471 2401 556 2466 ab
601 2399 741 2465 illis
785 2401 1188 2484 polliceatur.

376 2485 471 2551 Pe
560 2485 614 2550 ’t
660 2484 969 2570 deinceps
1012 2485 1282 2553 Samuel
1325 2486 1640 2571 populum
1685 2486 1849 2552 bene
1892 2505 2157 2569 sperare

217 2569 456 2650 iubens,
473 2506 627 2638 1{is
691 2571 944 2639 verbis:
1005 2573 1191 2638 Absit
1232 2578 1433 2640 andem
1475 2594 1519 2639 a
1560 2592 1658 2638 me
1697 2571 1812 2638 hoc
1838 2575 2160 2653 mum

215 2657 280 2722 in
317 2656 618 2737 Domino,
663 2662 739 2722 ut
778 2677 1002 2724 cessem
1045 2678 1229 2724 orare
1257 2679 1382 2742 pro
1423 2657 1614 2724 vobis.
1704 2656 1961 2739 Quibus
1995 2657 2157 2724 obli-

215 2743 538 2842 gationem
586 2763 785 2843 suam
819 2764 978 2844 erga
1013 2744 1324 2829 populum
1347 2752 1655 2846 ’te-statur,
1702 2764 1778 2809 ac
1813 2744 2160 2828 profitetur

211 2828 782 2981 Ξέἕὲἰίἐὲῗὲ
814 2837 1253 2999 ᾏἙῖἑὲῗεοζ*
1270 2829 1492 2983 ιζ’ἒὲῖ,
1505 2838 2157 2997 mmm&

211 2998 314 3065 sed
371 3001 598 3083 potius
659 2999 966 3084 precandi
1023 3010 1089 3067 et
1142 3001 1586 3069 intercedendi
1627 3022 1748 3084 pro
1794 3000 2007 3067 salute
2046 3000 2149 3084 ip-

206 3106 418 3151 sorum
464 3085 656 3169 apud
702 3085 919 3152 Deum
965 3088 1219 3154 nullum
1262 3089 1460 3153 finem
1505 3087 1860 3152 facturum:
1903 3096 1973 3152 et
2008 3086 2145 3171 qui-

210 3170 348 3235 dem
412 3171 751 3255 agnoscit,
818 3193 890 3238 se
951 3173 1078 3239 nisi
1142 3173 1316 3239 istud
1383 3172 1784 3256 praestiterit
1846 3174 2142 3257 graviter

206 3258 368 3341 apud
419 3258 659 3324 Deum
704 3267 1146 3341 peccaturum.
1235 3258 1429 3326 Unde
1472 3258 1826 3343 singularis
1863 3258 2158 3325 doctrina

207 3342 384 3408 nobis
451 3351 561 3410 est
631 3342 974 3422 elicienda,
1043 3345 1100 3410 si
1143 3345 1355 3422 modo,
1422 3352 1497 3410 ut
1538 3365 1655 3428 par
1700 3353 1821 3428 est,
1887 3365 2033 3409 eam
2075 3343 2159 3410 ad

203 3438 494 3495 nostram
558 3429 1066 3496 instructionem
1108 3451 1517 3515 usurpemus.
1602 3429 1798 3496 Unde
1841 3431 2018 3496 enim
2062 3432 2158 3509 fit,

202 3524 270 3578 ut
338 3522 616 3580 tantam
675 3514 1004 3581 licentiam
1063 3517 1250 3583 nobis
1314 3518 1773 3602 permittamus
1826 3517 2161 3599 proximos

203 3598 635 3684 despiciendi,
685 3609 752 3666 et
794 3601 1075 3667 salutem
1119 3603 1409 3686 ipsorum
1456 3601 1646 3684 parvi
1686 3601 1985 3680 faciendi,
2045 3601 2161 3668 sed

198 3694 420 3751 contra
464 3689 708 3771 potius
749 3687 998 3752 malum
1035 3689 1327 3772 ipsorum
1363 3687 1777 3774 procurandi,
1825 3686 1950 3753 nisi
1988 3686 2159 3771 quod

199 3773 400 3837 nostri
464 3779 750 3838 tantum
809 3794 1034 3840 curam
1090 3773 1428 3850 habemus,
1493 3781 1560 3839 et
1618 3794 1747 3840 non
1797 3774 2159 3857 cogitamus

192 3878 307 3922 nos
349 3878 393 3922 a
436 3857 604 3924 Deo
653 3858 818 3941 ipsis
859 3859 1243 3925 benefacere
1287 3859 1581 3945 obligari,
1627 3866 1694 3925 et
1732 3860 1803 3924 in
1841 3859 2160 3943 angustiis

195 3943 523 4010 auxilium
571 3943 755 4010 ferre
798 3944 1027 4024 iuberi,
1074 3952 1143 4010 et
1183 3945 1429 4011 malum
1475 3945 1645 4010 bono
1688 3964 2107 4029 compensare
2125 3943 2158 4007 ‘2

195 4028 372 4096 Hinc
440 4029 645 4095 enim
706 4030 855 4095 illae
914 4030 1243 4097 humanae
1302 4031 1779 4109 excusationes,
1837 4028 2047 4095 veluti
2103 4030 2160 4094 si

193 4117 336 4197 quis
397 4115 626 4180 alium
691 4114 841 4181 odio
891 4124 1339 4201 persequatur,
1399 4125 1466 4181 et
1523 4116 1606 4182 de
1664 4116 1788 4182 hoc
1831 4115 2005 4181 facto
2047 4115 2160 4194 ad-

187 4212 568 4280 moneatur,
640 4217 710 4267 et
764 4211 838 4267 ut
882 4202 1051 4267 male
1095 4203 1336 4269 factum
1382 4211 1718 4286 arguatur,
1780 4203 2002 4267 statim
2049 4224 2163 4267 ex·

187 4287 375 4370 cipit:
441 4286 730 4369 Ecquid
774 4288 883 4353 hic
924 4286 1237 4354 adversus
1282 4309 1431 4354 eum
1477 4288 1618 4368 feci,
1683 4308 2020 4371 nunquam
2063 4289 2161 4372 ip-

189 4391 330 4438 sum
386 4372 536 4439 ulla
587 4373 842 4438 iniuria
886 4373 1108 4441 affeci:
1154 4371 1268 4439 sed
1307 4372 1421 4438 ille
1457 4395 1562 4439 me
1598 4373 1777 4455 prior
1811 4394 2159 4458 aggressus

188 4469 304 4535 est,
354 4471 427 4524 et
475 4458 903 4524 occasionem
946 4460 1247 4541 praebuit
1287 4459 1638 4525 ulciscendi
1681 4460 1985 4524 iniuriam
2020 4458 2164 4524 illa-

189 4552 363 4609 tam:
414 4545 729 4626 denique
771 4545 919 4610 istis
962 4553 1028 4609 et
1070 4545 1391 4612 similibus
1426 4545 1642 4611 verbis
1676 4565 1938 4610 causam
1974 4566 2159 4612 suam

185 4631 514 4708 tuebitur,
569 4640 650 4695 et
693 4630 812 4696 sibi
851 4631 1015 4696 bene
1050 4631 1422 4698 consultum
1459 4631 1605 4697 istis
1639 4631 2161 4697 excusationibus

187 4716 675 4782 arbitrabitur.
763 4714 937 4797 Quid
975 4718 1070 4781 ita
1103 4717 1309 4783 vero?
1397 4716 1652 4800 Nempe
1686 4716 1993 4799 quoniam
2029 4739 2160 4781 non

183 4803 500 4887 agnoscit
569 4823 655 4867 se
698 4802 794 4867 illi
840 4802 1221 4869 devinctum
1264 4811 1331 4869 et
1373 4803 1730 4886 obligatum
1777 4823 1966 4886 quem
2012 4801 2162 4867 odio

186 4888 665 4971 prosequitur,
721 4895 840 4953 aut
897 4908 936 4953 a
993 4910 1120 4972 quo
1163 4889 1414 4954 illatam
1459 4887 1763 4953 iniuriam
1810 4887 2160 4954 ulciscitur.

182 4972 318 5039 Sed
367 4984 444 5041 et
492 4973 714 5056 longe
753 4972 863 5039 hic
905 4973 1118 5039 adhuc
1162 4976 1428 5058 gravius
1472 4974 1552 5039 ab
1599 4972 1969 5039 hominibus
2013 4994 2161 5057 pec-

182 5070 398 5139 catur,
461 5058 599 5142 qui
667 5058 819 5126 licet
876 5059 1059 5125 nulla
1116 5061 1360 5126 iniuria
1417 5059 1650 5138 affecti,
1708 5067 1774 5123 et
1815 5058 2033 5125 nullas
2075 5058 2163 5125 si-

181 5145 516 5212 multates
566 5154 946 5223 exerceant,
1001 5158 1116 5211 aut
1159 5144 1434 5225 oderint,
1480 5144 1640 5211 alios
1682 5152 1900 5210 tamen
1947 5144 2161 5229 despi-

181 5232 394 5311 ciunt,
460 5239 538 5296 et
591 5229 685 5294 de
727 5251 798 5297 se
840 5231 1103 5315 suisque
1149 5240 1402 5296 tantum
1447 5228 1802 5295 commodis
1843 5232 2159 5316 cogitant.

2259 769 2445 855 cepi?
2493 791 2698 854 quare
2741 791 2863 856 ego
2907 772 2977 837 in
3022 773 3193 839 illius
3238 776 3522 860 gratiam
3566 774 3986 843 facultatibus
4028 777 4194 843 meis

2259 856 2620 939 spoliator?
2680 857 3009 923 hominem
3066 857 3251 925 illum
3305 882 3436 926 non
3481 880 3671 928 curo.-
3725 861 3995 946 quisque
4041 882 4195 928 suas

2258 963 2365 1008 res
2418 942 2558 1028 agit
2611 951 2677 1009 et
2728 951 3070 1027 procurat;
3126 944 3428 1029 equidem
3469 946 3724 1012 nullam
3768 967 3887 1031 ego
3928 947 4054 1030 ipsi
4095 947 4196 1012 in-

2259 1028 2497 1094 iuriam
2542 1028 2785 1095 inferre
2827 1029 2997 1109 volo,
3061 1030 3175 1098 sed
3219 1032 3277 1098 si
3319 1033 3621 1116 pecunia,
3686 1053 3842 1098 reve
3897 1032 4026 1099 alia
4074 1033 4192 1098 ali·

2260 1135 2389 1197 qua
2442 1134 2606 1197 opus
2649 1112 2865 1197 habet,
2922 1114 3100 1182 unde
3143 1117 3318 1185 volet
3360 1118 3656 1202 accipiat.
3743 1118 3916 1185 Ecce
3958 1118 4194 1203 quibus

2258 1200 2785 1267 excusationibus
2864 1222 3009 1269 sese
3087 1202 3385 1271 homines
3438 1211 3772 1283 tueantur,
3845 1204 3927 1270 ab
3983 1204 4191 1270 officio

2256 1284 2642 1365 resilientes,
2708 1308 2943 1372 nempe
3002 1288 3174 1373 quod
3222 1310 3356 1355 non
3410 1299 3791 1375 agnoscant,
3870 1298 4189 1373 quantum

2256 1371 2575 1455 proximis
2633 1393 2718 1438 ex
2780 1373 2908 1439 Dei
2976 1373 3291 1441 mandato
3335 1375 3632 1458 debeant,
3696 1385 3765 1441 et
3809 1375 4190 1442 miserorum

2255 1456 2700 1524 misericordia
2733 1479 2864 1524 non
2902 1460 3263 1542 capiantur.
3310 1464 3401 1527 At
3440 1483 3595 1528 vero
3618 1460 3888 1528 Samuel
3911 1460 4193 1529 hocloco

2258 1543 2446 1610 docet
2507 1542 2726 1611 Deum
2792 1545 3083 1629 graviter
3147 1545 3336 1627 laedi,
3418 1548 3697 1631 proximi
3762 1548 3972 1614 nostri
4035 1568 4192 1614 con-

2256 1636 2543 1712 temptu:
2603 1638 2672 1695 et
2712 1629 2973 1713 quidem
3019 1652 3095 1695 eo
3141 1652 3263 1698 nos
3307 1631 3569 1700 adducit
3611 1644 3686 1699 ut
3728 1632 3924 1700 altius
3967 1653 4193 1699 ascen-

2258 1713 2509 1799 damus,
2582 1735 2817 1799 nempe
2869 1723 2945 1781 ut
3000 1715 3153 1783 licet
3209 1718 3684 1804 ingratitudine
3743 1727 3811 1784 et
3865 1720 4191 1803 pravitate

2257 1798 2598 1867 adversum
2646 1821 2766 1867 nos
2809 1810 3146 1885 peccatum
3192 1803 3297 1883 sit,
3355 1805 3555 1870 immo
3599 1804 3749 1871 licet
3792 1825 3912 1870 nos
3954 1804 4065 1870 alii
4108 1803 4191 1870 ad

2257 1896 2536 1951 mortem
2593 1888 2969 1970 persequuti
3025 1888 3179 1969 sint,
3239 1899 3459 1955 tamen
3504 1890 3860 1956 commodis
3904 1891 4189 1974 ipsorum

2255 1969 2658 2051 studeamus,
2703 1984 2771 2038 et
2804 1973 3081 2039 salutem
3116 1995 3578 2058 procuremus:
3621 1986 3704 2056 et,
3751 1976 3891 2042 Deo
3924 1975 4193 2042 iubente

2255 2059 2549 2123 fraterna
2604 2058 2781 2141 ipsos
2838 2058 3184 2126 dilectione
3225 2081 3369 2128 com
3414 2061 3763 2142 lectamur;
3821 2072 3889 2128 et
3932 2061 4013 2128 de
4054 2061 4188 2127 illis

2257 2143 2340 2210 ad
2378 2144 2714 2209 meliorem
2748 2154 3039 2212 mentem
3072 2167 3350 2214 revocan
3402 2148 3417 2162 ⁶
3487 2147 3875 2229 laboremus,
3916 2148 3975 2213 si
4010 2147 4193 2213 aber·

2257 2238 2482 2295 rantes
2514 2228 2895 2296 viderimus.
2985 2230 3246 2297 Deinde
3279 2233 3436 2298 licet
3467 2234 3688 2299 miseri
3726 2242 3792 2300 et
3826 2234 3898 2299 in
3934 2254 4193 2300 summa

2257 2322 2549 2399 egestate
2606 2315 2741 2381 sint
2797 2315 3112 2398 homines,
3170 2318 3340 2386 viles
3395 2326 3460 2384 et
3518 2319 3773 2396 abiecti,
3830 2320 3940 2404 qui
4002 2320 4194 2386 satis-

2258 2400 2474 2466 facere
2510 2400 2845 2468 beneficiis
2879 2402 3099 2470 affecti
3134 2424 3268 2470 non
3350 2405 3573 2489 ossint,
3620 2426 3701 2471 ne
3736 2414 3957 2471 tamen
3993 2426 4113 2506 pro
4161 2439 4191 2454 -

2261 2495 2443 2552 terea
2486 2485 2863 2555 desinamus
2905 2489 3081 2573 ipsos
3122 2491 3191 2556 in
3237 2510 3311 2556 re
3354 2510 3435 2556 us
3477 2491 3773 2577 angustis
3818 2498 4062 2557 nostris
4169 2524 4195 2539 -

2261 2571 2612 2639 cultatibus
2658 2573 2990 2641 adiuvare.
3081 2574 3256 2656 Quid
3301 2577 3396 2641 ita
3440 2575 3641 2642 vero?
3731 2575 3925 2658 Quod
3967 2598 4008 2642 a
4050 2575 4195 2642 Deo

2261 2658 2402 2741 ipso
2459 2657 2748 2725 devincti
2803 2668 2870 2725 et
2924 2659 3194 2745 obligati
3251 2660 3334 2728 ad
3389 2661 3566 2728 istud
3623 2661 3911 2729 officium
3970 2662 4194 2730 simus.

2263 2742 2488 2825 Quare
2566 2744 2891 2811 discamus
2948 2768 3079 2811 non
3137 2746 3381 2813 intueri
3439 2756 3695 2814 tantum
3755 2757 3820 2814 et
3876 2749 4198 2833 respicere

2262 2848 2371 2895 res
2414 2838 2689 2908 creatas,
2734 2837 2809 2895 ut
2852 2851 2972 2897 nos
3014 2851 3369 2916 queramur
3410 2832 3668 2916 quidem
3714 2832 3925 2899 laesos
3969 2855 4009 2899 a
4049 2854 4196 2917 pro-

2263 2915 2461 2995 ximo,
2507 2924 2577 2981 et
2619 2917 2884 2983 affectos
2917 2917 3178 2996 iniuria,
3221 2917 3334 2984 sed
3370 2919 3635 2984 interim
3675 2918 3797 2984 Dei
3835 2917 4192 2985 bonitatem

2261 3021 2421 3085 erga
2463 3022 2585 3067 nos
2627 3010 2695 3067 et
2736 3001 3117 3069 mandatum
3161 3004 3368 3087 ipsius
3410 3025 3542 3069 non
3584 3005 4022 3089 inspiciamus,
4076 3004 4192 3070 sed

2262 3094 2572 3169 tanquam
2616 3088 3011 3173 incognitam
3046 3089 3477 3175 negligamus.
3564 3090 3731 3156 Nam
3769 3089 3881 3155 ille
3914 3088 4194 3155 iniuriae

2262 3172 2546 3238 intuitus
2589 3174 2806 3239 oculos
2841 3175 3245 3259 perstringit,
3291 3197 3377 3241 ne
3411 3175 3583 3259 quod
3621 3177 3825 3243 nostri
3862 3184 3965 3241 est
3994 3175 4194 3242 officii

2260 3256 2673 3324 intueamur:
2732 3259 2848 3326 sed
2902 3260 3087 3327 Deus
3130 3263 3380 3327 interea
3422 3261 3586 3326 nihil
3633 3261 3712 3327 de
3755 3261 3897 3327 iure
3936 3281 4054 3327 suo
4096 3282 4195 3326 re-

2259 3343 2479 3408 mittit.
2568 3343 2734 3410 Nam
2794 3354 2860 3411 et
2912 3346 3205 3413 mandati
3249 3348 3352 3413 sui
3395 3347 3715 3414 rationem
3761 3346 3950 3413 Deus
3992 3345 4190 3425 addit,

2260 3428 2437 3513 quod
2504 3430 2796 3496 eiusdem
2862 3452 3089 3499 omnes
3151 3442 3426 3499 naturae
3486 3433 3711 3513 simus,
3778 3440 3844 3498 et
3886 3432 3996 3498 alii
4042 3454 4187 3499 cum

2259 3514 2406 3581 aliis
2476 3523 2786 3598 tanquam
2856 3518 3146 3584 eiusdem
3215 3519 3506 3603 corporis
3563 3519 3858 3584 membra
3918 3539 4194 3585 conver-

2259 3621 2504 3667 semur.
2592 3600 2850 3668 Deinde
2892 3602 3181 3687 postulat
3222 3604 3418 3671 etiam
3460 3604 3541 3670 ab
3584 3602 3980 3683 hominibus,
4026 3615 4097 3671 ut
4121 3606 4189 3671 in

2259 3688 2365 3752 sui
2409 3686 2726 3753 honorem
2770 3698 2838 3752 et
2880 3692 3178 3773 gratiam,
3221 3690 3437 3756 affecti
3476 3689 3628 3758 lieet
3671 3689 3899 3756 multis
3933 3691 4194 3758 iniuriis

2260 3782 2328 3838 et
2382 3773 2795 3840 contumeliis
2837 3794 2877 3839 a
2921 3774 3080 3841 viris
3123 3775 3453 3859 improbis,
3513 3797 3598 3841 ne
3640 3782 3864 3842 tamen
3906 3777 4193 3861 ipsorum

2260 3858 2540 3925 salutem
2611 3880 2920 3943 quaerere
2981 3870 3048 3926 et
3108 3881 3453 3944 procurare
3510 3861 3919 3929 desinamus:
3991 3863 4191 3928 immo

2262 3965 2346 4010 ne
2401 3943 2816 4010 inimicorum
2873 3945 3165 4029 quidem:
3227 3946 3384 4030 quin
3445 3968 3557 4013 eos
3598 3950 3817 4033 potius
3861 3948 4193 4016 beneficiis

2261 4029 2731 4107 devinciamus,
2773 4041 2841 4097 et
2885 4052 3003 4114 pro
3055 4032 3301 4099 viribus
3345 4033 3634 4117 ipsorum
3672 4034 3989 4100 malitiam
4027 4036 4193 4100 bono

2262 4135 2778 4199 compensemus.
2867 4117 3052 4183 Haec
3122 4120 3337 4202 itaque
3395 4118 3691 4185 doctrina
3747 4121 4029 4204 primum
4086 4138 4191 4183 oc-

2262 4203 2468 4267 currit
2508 4203 2695 4269 nobis
2733 4201 3048 4269 elicienda
3083 4224 3166 4269 ex
3201 4204 3417 4271 verbis
3453 4204 3582 4272 illis
3606 4204 3966 4272 Samuelis:
4006 4202 4192 4268 Absit

2260 4292 2465 4354 autem
2509 4308 2554 4353 a
2586 4308 2682 4354 me
2718 4289 2832 4354 hoc
2851 4294 3174 4371 peccatum
3206 4290 3278 4358 in
3311 4290 3611 4369 Domino,
3653 4295 3722 4356 ut
3753 4309 3977 4358 cessem
4008 4308 4190 4355 orare

2252 4393 2375 4455 pro
2430 4374 2621 4441 vobis.
2698 4373 2871 4440 Nam
2929 4376 3021 4441 ita
3077 4376 3362 4443 declarat
3414 4398 3503 4457 se,
3562 4376 3716 4442 licet
3772 4376 3850 4442 de
3909 4395 3979 4440 se
4036 4394 4189 4440 con-

2261 4458 2572 4541 querendi
2653 4460 2902 4525 nullam
2966 4462 3372 4529 occasionem
3438 4462 3717 4547 populus
3782 4459 4037 4542 habeat,
4124 4468 4191 4524 et

2263 4543 2427 4610 nihil
2473 4546 2600 4629 ipsi
2645 4546 2880 4613 merito
2922 4549 3127 4630 possit
3168 4548 3579 4630 exprobrare,
3626 4567 3754 4612 non
3790 4544 3933 4612 ideo
3970 4558 4185 4613 tamen

2259 4629 2449 4714 culpa
2489 4652 2709 4698 coram
2751 4631 2895 4697 Deo
2938 4633 3316 4717 cariturum,
3359 4642 3428 4697 et
3448 4631 3664 4698 nullas
3685 4633 3889 4715 ipsius
3910 4653 4180 4698 excusa·

2264 4717 2472 4784 tiones
2536 4716 2747 4785 locum
2809 4717 2978 4801 apud
3028 4719 3241 4801 ipsum
3276 4717 3629 4797 habituras,
3697 4717 3825 4782 nisi
3860 4718 4188 4784 commissi

2261 4802 2384 4869 sibi
2455 4822 2493 4868 a
2561 4803 2703 4869 Deo
2764 4804 3054 4870 muneris
3120 4805 3439 4869 rationem
3506 4804 3794 4877 haberet,
3882 4801 4187 4886 illiusque

2260 4896 2482 4972 partes
2525 4888 2927 4973 adimpleret.
3017 4889 3149 4956 Sed
3195 4900 3531 4973 practerea
3573 4886 3867 4973 specialis
3909 4888 4030 4955 sibi
4067 4889 4188 4953 im·

2260 4974 2458 5057 positi
2500 4976 2791 5041 muneris
2834 4996 2953 5059 pro
2992 4975 3224 5060 populo
3268 4973 3441 5058 apud
3486 4973 3702 5040 Deum
3747 4973 4189 5042 intercedendi

2260 5063 2475 5143 ipsum
2519 5059 2828 5128 habuisse
2871 5062 3189 5128 rationem
3232 5070 3482 5128 certum
3527 5070 3643 5127 est.
3730 5059 3922 5141 Nam,
3964 5073 4042 5127 ut
4083 5081 4187 5126 su·

2261 5146 2511 5229 periore
2568 5148 2874 5214 concione
2932 5146 3287 5225 docuimus,
3348 5144 3716 5230 quicunque
3772 5144 3856 5210 ad
3912 5146 4193 5232 prophe-

2262 5233 2462 5300 ticum
2529 5253 2771 5300 munus
2835 5254 2874 5298 a
2940 5233 3081 5298 Deo
3147 5243 3477 5309 vocantur,
3555 5241 3862 5316 tanquam
3932 5234 4188 5319 patroni
