5059 6059
809 264 903 329 43

820 453 1041 519 derant
1097 452 1167 517 in
1224 456 1424 517 monte
1466 450 1803 534 Ephraim,
1862 450 2181 518 audientes
2237 452 2406 533 quod
2442 451 2756 534 fuqissent

831 536 1192 616 Philistaei,
1234 538 1628 603 sociaverunt
1660 557 1725 602 se
1759 556 1900 602 cum
1935 538 2074 602 suis
2106 538 2176 602 in
2205 537 2474 619 praelio.
2518 536 2624 602 23.
2665 535 2756 602 Et

823 623 1092 721 salvavit
1145 623 1465 689 Dominus
1520 625 1589 688 in
1653 623 1757 688 die
1820 621 1938 688 illa
1997 623 2220 701 Israel,
2276 642 2500 721 puqna
2549 627 2757 726 autem

810 710 1546 893 muwugqusgbiatgn
1586 707 1931 860 gissae?
1944 707 2278 893 ‘adssraini
2332 729 2539 893 avgg„
2549 709 2758 860 Isgaa‘q}

811 879 1141 965 populum,
1185 882 1431 947 dicens:
1475 878 1848 945 Maledictus
1890 899 1992 944 vir
2025 900 2136 962 qui
2169 880 2492 946 comederit
2523 899 2759 961 panem

821 987 1019 1048 usque
1074 966 1160 1031 ad
1201 986 1539 1047 vesperam,
1596 966 1786 1031 donee
1827 965 2100 1030 ulciscar
2140 966 2217 1031 de
2261 966 2539 1032 inimicis
2580 966 2755 1049 meiS,

817 1058 880 1118 et
912 1071 1039 1117 non
1069 1052 1469 1117 manducavit
1500 1052 1832 1116 universus
1854 1050 2134 1132 populus
2154 1071 2412 1132 panem.
2459 1051 2562 1116 25.
2617 1050 2756 1116 Om-

821 1158 1021 1220 neque
1063 1143 1263 1203 terrae
1303 1137 1528 1220 vulqus
1569 1137 1738 1201 venit
1782 1137 1855 1202 in
1895 1135 2147 1215 saltum,
2190 1138 2262 1201 in
2304 1156 2420 1219 quo
2461 1141 2597 1202 erat
2639 1136 2760 1202 mel

820 1244 1019 1305 super
1080 1223 1311 1306 faciem
1374 1223 1538 1321 aqri.
1639 1221 1743 1287 26.
1814 1223 2152 1305 Inqressus
2214 1223 2425 1304 itaque
2475 1222 2760 1320 populus

821 1309 1076 1389 saltum,
1133 1314 1188 1373 et
1243 1312 1546 1389 apparuit
1590 1308 1793 1387 fluens
1850 1307 1988 1391 mel,
2055 1308 2392 1389 nullusque
2454 1308 2762 1389 applicuit

826 1414 1085 1461 manum
1141 1396 1228 1460 ad
1268 1414 1338 1459 os
1378 1412 1582 1472 suum,
1639 1391 1888 1459 timebat
1928 1395 2094 1458 enim
2128 1394 2405 1477 populus
2446 1394 2759 1459 iuramen-

828 1486 978 1546 tum
1067 1481 1171 1545 27.
1234 1478 1435 1544 Porro
1495 1478 1802 1545 Ionathas
1842 1499 1965 1543 non
2006 1479 2301 1544 audierat
2341 1499 2536 1561 quum
2577 1479 2761 1544 adiu-

821 1571 995 1632 raret
1037 1572 1225 1647 pater
1287 1565 1427 1630 eius
1476 1564 1815 1646 populum:
1891 1565 2278 1646 extenditque
2343 1565 2762 1629 summitatem

826 1788 1054 1889 minati
1111 1827 1257 1889 sunt
1301 1821 1466 1887 oculi
1519 1822 1674 1887 eius.
1761 1820 1865 1887 28.
1915 1821 2432 1902 Respondensque
2480 1841 2647 1886 unus
2688 1821 2765 1887 de

709 1921 718 1932 ·
820 1909 1052 1992 populo
1105 1909 1231 1973 ait.-
1288 1908 1714 1973 Iureiurando
1756 1907 2120 1972 constrinxit
2152 1911 2341 1989 pater
2381 1912 2528 1972 tuus
2558 1927 2764 1988 popu-

829 1995 978 2073 lum,
1020 1995 1258 2060 dicens:
1318 1990 1696 2058 Maledictus
1738 1992 1840 2056 vir
1878 1993 1991 2073 qui
2031 1992 2355 2057 comederit
2382 2012 2617 2072 panem
2657 1990 2762 2055 ho-

822 2080 934 2146 die
977 2081 1302 2162 (defecerat
1338 2084 1544 2145 autem
1574 2077 1895 2160 populus).
1941 2077 2045 2143 29.
2091 2076 2395 2158 Dixitqw
2439 2077 2760 2160 Ionathas,

828 2165 1104 2231 turbavit
1149 2169 1335 2246 pater
1388 2184 1562 2228 meus
1616 2167 1867 2242 terram,
1921 2163 2173 2228 vidistis
2230 2163 2359 2245 ipsi
2411 2163 2566 2245 quia
2620 2161 2763 2227 illu-

828 2251 1058 2316 minati
1100 2253 1250 2315 sunt
1290 2250 1454 2315 oculi
1493 2249 1634 2328 mei,
1691 2268 1757 2313 eo
1799 2250 1968 2330 quod
2004 2249 2389 2332 qustaverim
2419 2249 2763 2329 paululum

831 2338 910 2403 de
951 2335 1125 2401 melle
1167 2337 1302 2400 isto.
1387 2334 1492 2400 30.
1543 2334 1780 2414 Quanto
1821 2335 2026 2417 maqis
2066 2335 2129 2400 si
2168 2334 2760 2415 comedissetpopu-

829 2423 938 2489 lus
1015 2422 1092 2486 de
1145 2420 1398 2501 praeda
1474 2418 1868 2485 inimicorum
1930 2439 2193 2485 suorum
2254 2440 2448 2501 quam
2510 2441 2549 2483 r
2704 2419 2758 2496 ',

833 2504 1812 2673 wemmam
1875 2502 2764 2656 ἑῗᾝᾝοίἕῖἕὲιῗέἒὲῗῖ

836 2676 1160 2745 Machmis
1215 2697 1408 2759 usque
1449 2676 1522 2740 in
1557 2674 1810 2752 Aialon,
1870 2674 2249 2760 defatiqatus
2290 2680 2379 2740 est
2417 2680 2623 2740 autem
2652 2696 2766 2756 po-

827 2763 1026 2848 pulus
1059 2763 1269 2829 nimis.
1352 2761 1458 2826 32.
1516 2760 1603 2826 Et
1657 2782 1877 2827 versus
1919 2762 2006 2827 ad
2036 2761 2364 2843 praedam,
2421 2760 2566 2825 tulit
2605 2780 2763 2838 oves,

836 2856 893 2918 et
934 2850 1114 2915 boves
1155 2853 1211 2913 et
1250 2847 1494 2928 vitulos,
1548 2851 1603 2912 et
1657 2851 2082 2913 mactaverunt
2123 2848 2196 2912 in
2237 2851 2426 2922 terra,
2485 2846 2768 2912 comedit-

837 2957 956 3020 que
995 2935 1267 3018 populus
1308 2954 1445 2999 cum
1489 2933 1811 3016 sanquine.
1897 2931 2000 2999 33.
2052 2932 2523 2999 Nuneiaverunt
2561 2936 2769 2997 autem

841 3020 1029 3090 Sauli
1071 3021 1351 3102 dicentes,
1395 3020 1556 3101 quod
1587 3018 1868 3099 populus
1916 3023 2222 3101 peccasset
2265 3016 2536 3084 Domino
2576 3036 2765 3083 come·

835 3110 995 3176 dens
1050 3127 1193 3173 eum
1235 3105 1554 3189 sanquine,
1615 3104 1725 3184 qui
1768 3105 1894 3169 ait.-
1948 3102 2382 3169 Praevaricati
2423 3105 2587 3182 estis,
2643 3103 2768 3168 vol-

839 3195 962 3259 vite
1020 3193 1105 3259 ad
1161 3211 1257 3256 me
1314 3192 1446 3256 iam
1503 3209 1666 3254 nunc
1723 3210 1950 3254 saxum
1983 3189 2241 3273 qrande.
2327 3188 2430 3254 34.
2476 3187 2563 3253 Et
2606 3189 2772 3254 dixit

845 3278 1025 3359 Saul,
1068 3276 1507 3361 disperqimini
1549 3276 1620 3339 im
1661 3275 1907 3357 vulqus,
1974 3279 2029 3339 et
2070 3275 2253 3340 dieite
2291 3276 2385 3339 eis
2443 3278 2513 3340 ut
2567 3274 2769 3340 addu-

830 3371 939 3431 cat
993 3364 1080 3430 ad
1128 3384 1222 3428 me
1275 3361 1706 3443 unusquisque
1759 3362 1967 3425 bovem
2021 3380 2205 3425 suum
2260 3366 2316 3425 et
2377 3361 2651 3434 arietem,
2716 3365 2774 3423 et

839 3450 1093 3516 occidite
1143 3468 1336 3530 super
1401 3447 1591 3522 istud,
1650 3450 1707 3510 et
1760 3447 2100 3522 vescimini,
2167 3451 2222 3511 et
2268 3466 2398 3510 non
2441 3445 2777 3527 peccabitis

845 3534 1119 3602 Domino
1171 3533 1538 3599 comedentes
1601 3551 1740 3595 cum
1803 3532 2132 3614 sanquine.
2220 3532 2508 3597 Adduxit
2570 3532 2777 3612 itaque

837 3621 1048 3686 omnis
1094 3618 1377 3700 populus
1432 3618 1870 3698 unusquisque
1924 3616 2129 3682 bovem
2181 3617 2251 3681 in
2292 3637 2491 3682 manu
2529 3637 2651 3681 sua
2693 3616 2777 3681 ad

847 3710 1093 3783 noctern,
1137 3709 1193 3769 et
1234 3703 1578 3769 occiderunt
1619 3701 1724 3767 ibi.

1023 3872 1348 3938 Hesterna
1391 3874 1699 3939 concione
1744 3873 2115 3939 audivimus
2160 3871 2448 3949 Saulem,
2494 3873 2603 3936 ubi
2648 3873 2780 3937 ani·

851 3957 1309 4026 madvertisset
1366 3958 1684 4025 recensito
1741 3960 2033 4023 exercitu
2094 3958 2302 4023 filium
2345 3958 2779 4023 lonatbanum

848 4066 1000 4112 cum
1066 4044 1388 4127 armigero
1456 4065 1539 4109 ex
1603 4045 1830 4111 castris
1908 4064 2264 4128 egressum,
2344 4043 2634 4127 coepisse
2699 4043 2780 4108 ad

850 4132 1089 4211 Deum,
1136 4140 1363 4196 vocato
1404 4129 1751 4206 sacerdote,
1810 4132 2190 4229 confugere:
2251 4130 2365 4195 sed
2409 4133 2477 4193 in
2523 4149 2780 4195 summo

854 4216 1247 4295 discrimine,
1306 4235 1505 4298 quum
1549 4224 1745 4280 antea
1788 4236 1904 4299 per
1946 4227 2152 4281 otium
2193 4215 2319 4299 ipsi
2363 4214 2669 4292 licuisset,
2714 4230 2781 4279 et

847 4303 1014 4369 satis
1077 4322 1384 4386 magnam
1443 4300 1845 4366 occasionem
1906 4301 2173 4367 haberet
2228 4300 2310 4365 ad
2354 4302 2573 4366 Deum
2629 4319 2779 4364 con-

852 4387 1177 4473 fugiendi:
1246 4385 1358 4452 sed
1418 4386 1729 4469 quamdiu
1788 4387 1990 4451 otium
2046 4385 2296 4467 habuit,
2357 4386 2780 4471 negligentio-

851 4496 993 4539 rem
1049 4475 1120 4538 in
1183 4470 1553 4555 quaerendo
1618 4471 1899 4537 Domino
1966 4474 2163 4536 fuisse
2230 4473 2568 4537 diximus·
2639 4470 2781 4536 Iam

855 4581 1009 4628 vero
1065 4579 1211 4623 sero
1272 4558 1350 4622 de
1406 4557 1550 4622 Deo
1605 4557 1969 4624 invocando
2028 4560 2270 4641 cogitat
2326 4559 2549 4640 elapsa
2603 4577 2783 4623 occa-

854 4648 1068 4712 sione:
1130 4643 1548 4727 quamobrem
1602 4644 1781 4708 Deus
1846 4644 2024 4708 ultus
2088 4656 2534 4728 contemptum
2598 4642 2782 4708 illum

857 4752 988 4796 non
1048 4731 1200 4796 fecit
1257 4730 1476 4814 ipsum
1535 4729 1676 4793 voti
1742 4742 2124 4812 compotem,
2183 4751 2395 4812 neque
2452 4727 2785 4812 respondit

850 4815 1198 4900 vsacerdoti,
1256 4825 1333 4879 ut
1392 4813 1660 4881 Saulem
1725 4815 1794 4878 in
1887 4816 2159 4879 raelium
2228 4814 2534 4899 progredi
2593 4834 2782 4897 opor-

717 4942 724 4949 ·
855 4903 1059 4968 tuerit
1101 4902 1373 4967 anxium
1408 4914 1475 4965 et
1508 4899 1711 4964 animi
1746 4899 1833 4965 du
1879 4902 2013 4965 ium
2049 4910 2116 4964 et
2150 4913 2427 4966 eventus
2460 4901 2783 4984 ignarum.

2413 262 2541 325 ΗΟ
2552 261 2820 328 MILIA
2859 259 3190 329 XLVIII.
4649 266 4709 329 44

2857 472 2985 515 non
3050 464 3416 533 opportuno
3483 464 3772 533 tempore
3837 450 4051 514 Deum
4137 450 4513 516 invocasset.
4597 450 4725 516 Num

2857 537 2978 601 etsi
3031 548 3437 618 praesentem
3482 534 3754 601 haberet
3794 535 4215 614 sacerdotem,
4269 545 4338 599 et
4376 555 4579 601 arcam
4612 535 4725 616 Dei,

2857 643 3024 705 quae
3078 622 3194 685 illa
3251 620 3354 686 die
3410 621 3609 687 fuisse
3664 620 3902 687 dicitur
3958 642 4103 687 cum
4172 621 4325 686 filiis
4364 620 4623 698 Israelis,
4667 645 4723 689 ae

2857 705 3129 791 proinde
3195 707 3416 772 omnia
3486 708 3852 773 necessaria
3914 706 3996 770 ad
4067 707 4279 771 Deum
4348 706 4723 773 invocandum

2861 792 3101 859 habere
3166 792 3535 859 videretur:
3611 792 3797 858 Deus
3876 808 4095 856 tamen
4177 792 4363 856 illum
4419 792 4615 859 subito
4666 792 4728 859 ad

2855 900 3143 964 pugnam
3190 878 3428 962 rapuit,
3473 890 3542 943 et
3582 878 3840 963 quidem
3888 876 4077 942 valde
4121 879 4390 943 anxium
4434 891 4501 943 et
4538 878 4729 944 sollici·

2857 978 3019 1030 tum.
3118 965 3291 1031 Nam
3358 964 3514 1047 quid
3591 963 3801 1047 potuit
3864 984 4125 1046 sperare
4189 964 4302 1046 qui
4363 983 4508 1028 cum
4571 985 4733 1046 parve

2857 1050 3141 1115 militum
3189 1071 3387 1115 manu
3432 1049 3749 1115 adversus
3785 1069 4204 1114 numerosum
4239 1049 4587 1115 exercitum
4617 1070 4731 1114 con·

2859 1134 3319 1220 grediebatur?
3431 1136 3522 1200 Et
3598 1136 3710 1219 qui
3775 1134 4209 1199 Ionathanum
4291 1136 4565 1218 pessimo
4625 1134 4732 1199 loon

2859 1244 3001 1288 esse
3053 1221 3506 1300 arbitrabatur,
3565 1222 3834 1304 ignarus
3877 1220 3950 1284 in
3991 1241 4185 1303 quam
4230 1243 4301 1285 se
4346 1235 4588 1303 partem
4623 1242 4737 1286 con-

2862 1306 3203 1373 vertisset?
3250 1318 3318 1371 et
3340 1306 3589 1372 nullam
3634 1306 4097 1372 revelationem
4139 1328 4181 1371 a
4202 1304 4487 1371 Domino
4520 1307 4738 1388 accipie

2860 1393 2994 1473 bat,
3054 1394 3335 1457 vivusne
3392 1413 3476 1457 an
3534 1404 3851 1470 mortuus,
3912 1412 3996 1456 an
4054 1392 4124 1455 in
4169 1390 4461 1457 hostium
4505 1404 4739 1476 potesta-

2862 1490 2990 1543 tem
3039 1478 3324 1544 venisset
3366 1477 3446 1542 de
3490 1497 3617 1560 quo
3662 1476 4189 1560 triumpharent?
4259 1476 4561 1560 Denique
4600 1477 4741 1542 Deus

2859 1564 2959 1629 illi
3015 1564 3085 1627 in
3145 1564 3517 1646 praesentia
3575 1562 3702 1629 hoc
3766 1562 4073 1628 solatium
4131 1572 4405 1629 recusat.
4497 1564 4597 1629 Ex
4647 1584 4742 1646 quo

2862 1649 3189 1726 discimus,
3254 1649 3397 1714 Deo
3457 1649 3736 1715 faciente
3796 1647 3984 1715 nobis
4026 1660 4411 1733 potestatem
4459 1648 4745 1732 inquiren·

2864 1735 2984 1800 dae
3046 1756 3204 1801 suae
3269 1734 3645 1810 voluntatis,
3708 1755 4044 1817 nunquam
4110 1755 4251 1800 esse
4316 1737 4748 1818 procrastinan-

2866 1820 3044 1901 dum,
3105 1820 3221 1886 sed
3278 1821 3455 1884 omni
3498 1820 3715 1886 studio
3774 1831 3840 1884 et
3882 1819 4218 1886 alacritate
4260 1822 4329 1885 in
4376 1822 4502 1886 hoc
4544 1823 4747 1886 incum-

2866 1905 3171 1984 bendum,
3208 1918 3284 1970 ut
3315 1905 3387 1969 in
3420 1917 3666 1971 rectam
3704 1907 3881 1972 viam
3917 1904 4330 1980 deducamur.
4366 1920 4435 1971 et
4469 1908 4536 1971 in
4568 1906 4750 1973 eadem

2866 1992 2987 2059 sub
3032 1992 3236 2074 ipsius
3280 1990 3588 2074 auspiciis
3632 1991 3782 2056 forti
3829 1993 4049 2056 animo
4094 1992 4526 2058 ambulemus.
4570 1992 4755 2074 Neque

2867 2098 3020 2143 vero
3066 2076 3495 2142 dubitandum
3542 2076 3701 2159 quin
3745 2078 3934 2143 nobis
3977 2077 4160 2143 illum
4207 2099 4290 2144 ex
4334 2080 4543 2161 ipsius
4582 2077 4757 2141 volun·

2866 2175 2999 2228 tate
3043 2162 3507 2245 quaerentibus
3551 2163 3639 2228 sit
3681 2183 4133 2245 responsurus,
4176 2175 4244 2227 et
4288 2164 4465 2247 quod
4501 2164 4642 2229 olim
4672 2184 4756 2246 per

2865 2248 3253 2333 prophetam
3297 2246 3539 2313 Isaiam
3586 2246 3828 2314 dictum
3873 2247 4290 2331 impleturus:
4343 2250 4645 2331 Quamte,
4680 2248 4751 2312 in·

2868 2335 3037 2417 quit:
3105 2333 3474 2414 Dominum,
3552 2335 3862 2416 quamdiu
3911 2355 4109 2419 prope
4148 2342 4255 2416 est,
4319 2336 4602 2418 quaerite
4635 2335 4751 2400 dm

2863 2420 3140 2485 inveniri
3171 2424 3388 2503 potest.
3477 2418 3623 2484 Deo
3666 2420 3883 2503 itaque
3929 2441 4046 2486 nos
4090 2423 4347 2487 vocanti
4410 2421 4748 2505 respondes·

2866 2527 3032 2587 mus,
3075 2516 3143 2570 et
3185 2526 3268 2570 ne
3313 2526 3535 2569 aurem
3580 2502 3844 2571 surdam
3902 2507 4347 2589 praebeamus.
4453 2508 4754 2575 lubentem

2867 2612 2986 2657 nos
3044 2588 3398 2671 ambulare,
3456 2589 3816 2669 audiamus,
3875 2605 3941 2656 et
3984 2614 4066 2657 ne
4107 2592 4486 2677 defatigatis
4528 2592 4753 2677 pedibus

2867 2697 3356 2761 segnescamus:
3413 2674 3528 2741 sed
3570 2696 3845 2760 propere
3888 2677 3970 2742 ad
4013 2678 4232 2761 ipsum
4275 2677 4668 2757 wcedamus,
4701 2692 4752 2744 ut

2869 2763 3282 2828 inveniamus
3324 2760 3639 2844 quamdiu
3700 2782 3899 2845 prope
3942 2774 4062 2848 est,
4119 2774 4187 2829 et
4228 2778 4386 2829 sunt
4444 2763 4583 2830 dies
4619 2764 4754 2830 salu-

2871 2850 2976 2913 tis.
3068 2846 3244 2915 Sane
3300 2847 3618 2931 propheta
3676 2847 3898 2914 fideles
3954 2848 4280 2926 admonet,
4336 2851 4559 2915 Deum
4610 2851 4753 2915 inve-

2868 2933 2999 2999 niri
3043 2932 3354 3016 quamdiu
3399 2953 3541 2998 sese
3586 2931 3771 2999 nobis
3812 2935 4150 3018 patefacit:
4206 2934 4321 3001 sed
4367 2936 4650 3003 vicissim
4685 2934 4757 3000 sui

2871 3030 3314 3101 contemptum
3372 3017 3467 3085 sic
3510 3017 3753 3096 ulcisci,
3813 3031 3891 3084 ut
3932 3018 4207 3085 salutem
4244 3033 4628 3103 quaerentes
4659 3040 4757 3085 non

2871 3106 3229 3181 inveniant,
3299 3102 3475 3187 quod
3538 3104 3822 3170 oblatam
3894 3105 4018 3172 sibi
4083 3126 4122 3171 a
4187 3106 4329 3172 Deo
4392 3107 4755 3174 occadonem

2874 3190 3283 3274 neglexerint
3301 3239 3318 3270 ,
3374 3202 3443 3253 et
3498 3206 3755 3274 tempus
3811 3190 4029 3256 Deum
4088 3192 4473 3258 inveniendi
4529 3214 4649 3257 non
4685 3202 4752 3257 at·

2873 3276 3221 3341 tenderint.
3330 3275 3467 3340 Nos
3534 3276 3737 3361 igitur
3800 3276 3870 3341 in
3952 3277 4178 3360 primis
4243 3277 4398 3345 hinc
4482 3279 4757 3345 discamus

2873 3361 3091 3427 Deum
3172 3361 3341 3427 velle
3405 3363 3507 3427 sui
3585 3362 3907 3448 evangelii
3990 3363 4540 3446 praedicationem
4603 3362 4756 3429 alacri

2874 3457 3094 3513 mente
3136 3466 3177 3511 a
3218 3447 3408 3511 nobis
3451 3448 3679 3530 excipi,
3724 3461 3792 3512 et
3833 3448 4218 3514 beneficium
4255 3449 4548 3515 oblatum
4583 3446 4757 3533 magni

2876 3554 2915 3597 a
2957 3533 3145 3598 nobis
3188 3532 3352 3598 fieri.
3397 3530 3590 3614 Quod
3633 3554 3826 3616 quam
3874 3537 4311 3600 necessarium
4357 3538 4447 3601 sit
4492 3535 4757 3601 hodierni

2877 3621 3033 3684 satis
3078 3630 3397 3683 testantur
3443 3632 3749 3700 tempora.
3817 3618 4005 3693 Nam,
4048 3620 4329 3695 obsecro,
4376 3622 4612 3705 quibus
4650 3640 4757 3704 pm·

2878 3703 3059 3770 cellis
3102 3714 3167 3768 et
3210 3704 3703 3786 tempestatibus
3745 3704 3937 3770 hodie
3982 3705 4237 3771 concuti
4273 3706 4597 3773 mundum
4631 3705 4759 3772 vide-

2880 3787 3072 3855 mus?
3120 3788 3299 3870 Quot
3342 3790 3535 3872 plane
3577 3809 3799 3856 caecos
3844 3790 4142 3857 homines
4185 3790 4337 3857 hinc
4382 3793 4542 3860 inde
4582 3811 4759 3857 erran·

2883 3888 2980 3941 tes
3036 3874 3366 3941 cernimus
3423 3876 3565 3941 sine
3624 3897 3741 3959 spe
3779 3876 4011 3942 salutis
4055 3887 4170 3942 aut
4211 3879 4359 3942 viae
4402 3878 4489 3943 ad
4532 3878 4759 3943 salutem

2881 3959 3417 4043 consequendae?
3482 3976 3639 4044 quot
3694 3961 3912 4045 impiis
3969 3975 4036 4028 et
4088 3962 4488 4047 blasphemis
4544 3962 4759 4029 vocibus

2882 4068 3100 4112 aerem
3145 4067 3494 4129 personare
3548 4046 3891 4114 audimus?
3985 4048 4285 4132 Denique
4327 4071 4530 4133 quam
4570 4048 4762 4114 multo·

2884 4133 2963 4198 ad
3010 4132 3308 4215 quemvis
3351 4153 3548 4198 aurae
3590 4135 3819 4199 flatum
3864 4134 4147 4200 incertos
4187 4136 4513 4202 fluctuare
4556 4133 4761 4216 conspi-

2883 4217 3132 4283 cimus?
3224 4222 3444 4301 Atque
3501 4218 3662 4285 haee
3706 4221 3926 4284 omnia
3966 4222 4036 4285 in
4081 4242 4200 4287 nos
4242 4221 4478 4288 cadere
4518 4226 4758 4307 possunt

2885 4303 3204 4369 Diabolus
3259 4305 3434 4368 enim
3494 4305 3782 4388 quotidie
3846 4327 4051 4371 novas
4115 4319 4327 4374 sectas
4382 4318 4452 4373 et
4511 4323 4755 4373 errorum

2884 4390 3132 4455 semina
3190 4389 3784 4474 discordiarumque
3841 4392 4107 4458 excitat:
4169 4405 4234 4457 et
4287 4392 4574 4459 mundus
4624 4404 4754 4456 totus

2885 4487 3159 4553 aestuat,
3239 4475 3464 4541 multis
3545 4477 3616 4541 in
3698 4477 4216 4559 Epicureismum
4297 4476 4752 4545 transeuntibus

2884 4561 3042 4636 Nae,
3088 4583 3285 4644 quum
3322 4571 3508 4626 tanta
3551 4563 3638 4627 sit
3682 4584 3899 4628 rerum
3937 4561 4016 4626 ad
4055 4563 4439 4647 religionem
4474 4563 4752 4648 pertinen·

2886 4647 3047 4712 tium
3105 4646 3411 4724 confusio,
3473 4660 3655 4713 tanto
3717 4648 4102 4733 accuratius,
4167 4661 4232 4714 et
4290 4652 4538 4716 maiore
4588 4646 4753 4713 studio

2886 4744 2952 4798 et
3013 4733 3350 4798 alacritate
3407 4731 3537 4797 Dei
3597 4733 3900 4799 voluntas
3957 4733 4347 4817 inquirenda
4402 4748 4516 4815 est,
4575 4751 4754 4799 caven-

2887 4817 3172 4901 dumque
3231 4839 3315 4882 ne
3374 4818 3909 4885 obsurdescamus
3966 4819 4047 4885 ad
4083 4821 4212 4886 Dei
4256 4823 4525 4897 monita,
4578 4841 4651 4885 ne
4683 4816 4752 4881 ni·

2887 4904 3090 4968 mium
3178 4925 3321 4969 sero
3408 4904 3490 4968 ad
3572 4895 3933 4970 Dominum
4030 4905 4262 4972 deinde
4366 4908 4749 4973 vociter-emur.

859 4990 1062 5070 Atqui
1129 4998 1357 5052 notum
1424 4987 1638 5052 estin
1683 5006 1844 5069 quas
1890 4988 2229 5071 angustias
2272 4988 2317 5051 ii
2361 4987 2786 5053 coniiciantur
2889 4989 3139 5055 Contra
3226 5011 3309 5055 ne
3388 4988 3759 5056 dubitemus
3840 4992 3997 5075 quin
4076 5004 4372 5076 tempore
4447 5005 4751 5077 opportuno

861 5091 1024 5155 quos
1085 5084 1336 5138 rectum
1380 5070 1723 5138 consilium
1769 5072 1988 5137 deficit
2030 5074 2097 5136 in
2141 5072 2337 5138 rebus
2381 5072 2677 5155 angustis
2720 5082 2785 5136 et
2887 5074 3077 5140 Deus
3134 5098 3174 5141 a
3229 5075 3416 5141 nobis
3472 5076 3932 5159 interpellatus
3983 5078 4412 5162 respondeat}
4448 5096 4511 5145 et
4549 5069 4750 5143 abunde

862 5157 1255 5242 periculosis.
1344 5158 1619 5223 Mei-itas
1678 5157 1882 5242 igitur
1924 5177 2166 5242 poenas
2209 5156 2370 5225 Saul
2415 5157 2554 5235 luit,
2612 5157 2786 5240 quod
2890 5158 3114 5227 doceat
3154 5162 3307 5245 quid
3354 5161 3516 5227 utile
3559 5161 3745 5228 nobis
3787 5164 4078 5230 futurum
4123 5164 4227 5230 sit.
4272 5164 4581 5248 Sequitur
4615 5159 4749 5226 dein·
