5059 6059
303 339 415 406 173
1593 331 1693 400 IN
1737 335 1789 401 1.
1836 333 2013 401 LIB.
2060 333 2461 404 SAMUEL.
2509 336 2707 403 OAP.
2752 335 2944 403 XVI.
4126 336 4249 402 174

299 547 449 605 mus,
506 533 570 589 et
611 523 740 589 Dei
795 524 1046 608 gratiae
1086 524 1232 590 fieri
1274 524 1639 608 participes,
1693 522 1778 588 ab
1823 544 1898 589 eo
1941 523 2213 608 accipia-

295 634 430 680 mus
468 610 579 694 qui
621 621 1012 693 potestatem
1074 611 1270 676 habet
1321 631 1407 676 ea
1462 608 1843 678 conferendi
1887 631 2055 694 quae
2099 631 2216 694 per

299 700 470 780 signa
510 707 986 779 repraesentat:
1046 695 1288 761 futuris
1330 696 1614 779 alioquin
1660 696 1866 780 signis
1908 696 2038 762 illis
2081 717 2215 762 om-

298 782 472 851 nibus
511 781 815 848 inanibus
859 793 924 846 et
967 782 1290 848 illusoriis.

458 867 713 933 Deinde
755 868 1257 946 observandum,
1302 867 1524 933 Deum
1569 866 1824 951 aliquos
1867 877 2212 934 vocantem

296 953 372 1020 sd
425 953 684 1037 aliquod
748 954 1209 1034 ministerium,
1272 953 1504 1018 iisdem
1571 953 1766 1018 etiam
1833 952 2214 1020 facultatem

293 1060 522 1105 munus
562 1038 726 1103 illud
772 1038 854 1103 ad
883 1040 1054 1123 quod
1090 1055 1411 1105 vocantur
1445 1038 1760 1122 implendi
1781 1037 2214 1123 suppeditare.

291 1125 473 1198 Nam,
526 1136 601 1190 ut
656 1125 754 1189 ait
806 1125 1075 1203 Paulus,
1144 1146 1271 1190 non
1335 1145 1564 1190 sumus
1619 1137 1856 1190 natura
1914 1125 2074 1191 satis
2132 1122 2215 1189 ad

291 1213 445 1277 istas
485 1211 857 1276 functiones
902 1210 1151 1275 idonei:
1194 1210 1374 1277 solus
1416 1210 1602 1276 Deus
1644 1230 1828 1276 suam
1876 1211 2215 1277 ecclesiam

292 1297 470 1380 regit,
516 1306 583 1360 et
626 1296 697 1360 in
744 1294 990 1361 mundo
1032 1298 1253 1361 omnia
1297 1295 1730 1362 administrat.
1798 1295 2024 1378 Quare
2065 1308 2213 1361 tan·

287 1393 421 1447 tum
444 1383 629 1447 abest
647 1390 725 1447 ut
760 1382 849 1447 sit
883 1382 1121 1465 aliquis
1154 1382 1425 1448 idoneus
1460 1381 1538 1446 ad
1566 1382 1878 1465 populum
1911 1382 2215 1464 aliquem,

290 1479 396 1533 aut
451 1467 534 1532 ad
594 1465 934 1533 ecclesiam
994 1467 1121 1533 Dei
1181 1466 1555 1553 regendam,
1616 1482 1692 1532 ut
1750 1489 1834 1533 ne
1891 1466 2217 1553 regendae

284 1551 539 1636 quidem
605 1552 895 1618 familiae
959 1553 1264 1631 sufficiat,
1331 1555 1453 1619 nisi
1509 1561 1734 1619 sancto
1790 1552 1917 1619 Dei
1978 1553 2216 1638 spiritu

286 1649 570 1722 regatur.
662 1638 807 1704 Imo
851 1661 934 1704 ue
976 1661 1047 1706 se
1104 1640 1365 1723 quidem
1423 1639 1676 1722 aliquis,
1728 1638 1938 1706 multo
1994 1639 2216 1703 minus

279 1723 594 1789 familiam
640 1726 902 1804 rexerit,
948 1726 1088 1789 sine
1131 1724 1337 1791 sancti
1382 1726 1651 1808 spiritus
1695 1724 1881 1791 dono.
1970 1723 2215 1805 Quam-

282 1809 502 1875 obrem
550 1812 605 1874 si
653 1810 949 1876 homines
996 1821 1229 1877 natura
1272 1811 1450 1876 omni
1498 1810 1666 1876 bono
1713 1811 1896 1876 vacui
1939 1819 2114 1889 sunt,
2151 1818 2218 1874 et

282 1893 362 1960 ad
404 1916 602 1961 omne
650 1893 893 1961 bonum
936 1896 1220 1974 inutiles,
1278 1897 1480 1961 immo
1537 1898 1593 1960 si
1637 1917 1720 1961 ne
1764 1915 2026 1963 movere
2070 1894 2213 1979 qui·

278 1980 420 2045 dem
481 1981 720 2065 pedem
779 1983 919 2046 sine
965 1981 1093 2046 Dei
1150 1983 1363 2066 gratia
1418 1995 1709 2065 possunt,
1767 1984 1915 2066 quis
1970 2001 2089 2065 per
2146 2002 2216 2046 se

275 2065 550 2132 idoneus
610 2068 739 2131 erit
766 2132 771 2137 ,
797 2067 878 2133 ad
935 2088 1176 2132 munus
1232 2068 1661 2151 quodcunque
1720 2067 1986 2133 tandem
2055 2065 2215 2131 illud

271 2151 356 2217 sit
395 2153 917 2236 exsequendum,
964 2153 1089 2219 nisi
1133 2175 1173 2219 a
1209 2153 1353 2218 Deo
1393 2152 1852 2219 sufficientiam
1897 2150 2212 2235 accipiat?

277 2256 476 2320 quare
537 2259 770 2304 omnes
826 2239 1051 2305 divina
1108 2260 1231 2323 ope
1274 2248 1340 2303 et
1384 2238 1629 2305 auxilio
1670 2239 1993 2324 indigent.
2079 2237 2215 2319 Qui

269 2344 424 2408 ergo
469 2324 557 2389 ad
605 2344 866 2390 summa
908 2345 1129 2390 rerum
1186 2325 1627 2409 gubernacula
1681 2325 1931 2409 sedent,
1990 2322 2216 2389 multis

270 2410 652 2489 virtutibus,
713 2422 871 2494 puta
933 2410 1316 2495 prudentia,
1383 2411 1687 2489 consilio,
1752 2409 2213 2495 intelligentia,

264 2495 1663 2666 affliffiglsstssffnssssioeqssissssffffifflrff
1671 2495 2217 2665 ⁰3z¹sspffizi¹5ssssz¹5

263 2663 442 2732 Sane
508 2668 776 2750 profani
821 2668 1118 2734 homines
1162 2690 1236 2733 eo
1283 2630 1606 2733 stultitiae
1663 2677 1732 2733 et
1797 2668 2212 2752 arrogantiae

263 2750 701 2831 devenerunt,
749 2762 822 2818 ut
863 2754 1011 2818 illas
1056 2753 1321 2819 fortuito
1365 2753 1490 2820 sibi
1533 2753 1914 2837 contingere
1951 2773 2213 2835 persua-

262 2837 484 2917 deant,
552 2839 663 2905 vel
720 2838 1050 2905 industria
1111 2840 1378 2925 propria
1441 2840 1830 2922 comparari:
1898 2838 2014 2903 sed
2071 2839 2212 2902 Deo

257 2923 378 2989 soli
426 2923 702 2990 laudem
745 2926 939 2990 istam
985 2924 1206 2991 deberi
1248 2923 1582 2992 sciendum
1642 2935 1777 3006 est,
1843 2924 1958 3008 qui
2019 2931 2214 3006 prout

258 3009 384 3093 ipsi
433 3009 709 3076 videtur
751 3031 829 3075 ea
864 3031 1168 3076 mensura
1206 3010 1436 3096 cuique
1470 3011 1742 3076 metitur
1780 3019 1847 3075 et
1881 3009 2214 3077 distribuit

258 3115 378 3161 sua
424 3095 612 3162 dona
654 3115 784 3180 qua
823 3096 948 3180 ipsi
994 3096 1240 3181 placet,
1296 3107 1363 3161 et
1418 3096 1544 3161 hoc
1598 3096 1702 3161 vel
1761 3095 1926 3160 illud
1970 3115 2213 3160 munus

259 3179 546 3254 idoneos
592 3182 772 3247 facit.
859 3182 1076 3265 Atque
1136 3182 1257 3248 hoe
1315 3183 1524 3265 ipsum
1572 3204 1687 3246 nos
1731 3182 1980 3247 Paulus
2023 3180 2213 3246 docet

258 3267 520 3349 priores
567 3268 884 3351 epistolae
924 3266 1007 3333 ad
1050 3267 1428 3334 Corinthios
1468 3269 1680 3352 capite
1725 3268 1825 3344 12,
1869 3266 1984 3331 nbi
2026 3265 2213 3332 docet

257 3353 542 3436 spiritus
611 3354 1202 3420 manifestationem
1270 3356 1342 3418 in
1407 3356 1607 3419 totius
1683 3352 1992 3420 ecclesiae
2069 3372 2212 3417 esse

256 3438 725 3505 commodum:
787 3450 855 3502 et
898 3438 981 3504 ad
1019 3441 1282 3505 unicum
1326 3438 1510 3504 illum
1555 3443 1845 3504 omnium
1896 3438 2209 3504 bonorum

256 3525 515 3590 fontem
579 3546 698 3590 nos
753 3535 1035 3606 revocat,
1091 3526 1355 3591 unicum
1410 3526 1679 3608 inquam
1736 3547 1768 3591 s
1815 3525 2039 3590 iritum
2139 3525 2211 3588 ui

255 3611 490 3676 omnia
535 3618 643 3676 est
683 3611 755 3675 in
798 3610 1120 3691 omnibus,
1177 3631 1596 3695 quaecunque
1648 3621 1758 3676 tan
1845 3631 1909 3674 m
1968 3610 2053 3677 sit
2139 3629 2209 3674 o·

251 3717 502 3762 norum
554 3695 926 3762 diversitas.
992 3696 1187 3762 Unde
1230 3717 1389 3763 vero
1432 3697 1606 3763 dona
1645 3696 1762 3760 illa
1801 3693 2206 3761 manarunt?

252 3780 522 3849 Paulus
574 3780 762 3847 docet
794 3781 1010 3847 Deum
1058 3782 1421 3848 instituisse
1462 3784 1532 3847 in
1575 3781 1844 3848 ecclesia
1883 3802 2001 3847 sua
2044 3780 2208 3847 alios

248 3867 628 3951 apostolos,
685 3867 849 3933 alios
893 3866 1265 3951 prophetas,
1326 3869 1486 3933 alios
1529 3867 1841 3948 doctores,
1898 3877 1966 3931 et
2009 3867 2206 3932 alios:

249 3963 318 4018 et
356 3963 647 4020 vocatos
690 3955 882 4019 etiam
938 3953 1020 4019 ad
1080 3974 1354 4020 munera
1412 3952 1766 4020 virtutibus
1823 3952 2207 4019 necessariis

243 4039 684 4117 instruxisse,
753 4052 826 4103 ut
882 4038 995 4104 illa
1051 4053 1317 4124 possent
1369 4040 1710 4106 sustinere.
1800 4040 1977 4122 Ergo
2025 4039 2207 4104 Deus

244 4145 377 4190 non
427 4142 694 4190 temere
737 4124 1035 4191 homines
1083 4138 1289 4204 vocat,
1360 4138 1427 4190 et
1471 4127 1644 4210 ipsos
1687 4123 1812 4190 sibi
1857 4125 2013 4208 ipsis
2057 4144 2206 4207 per·

239 4210 479 4287 mittit,
549 4223 631 4275 ut
685 4211 933 4277 faciant
974 4211 1140 4295 quod
1196 4211 1520 4277 voluerint
1564 4225 1681 4277 aut
1723 4219 2044 4293 poterunt,
2090 4209 2205 4275 sed

237 4298 662 4363 tenuitatem
706 4296 960 4362 illorum
1006 4305 1076 4361 et
1129 4297 1579 4381 impotentiam
1643 4303 2042 4379 compertam
2091 4296 2205 4360 ha·

239 4382 431 4460 bens,
477 4381 760 4448 idoneos
802 4382 957 4446 facit
1000 4381 1081 4446 ad
1142 4383 1436 4447 muneris
1494 4381 1673 4449 illius
1729 4380 1810 4445 ad
1863 4380 2034 4464 quod
2093 4401 2204 4445 vo·

236 4479 498 4535 cantur
547 4469 1106 4550 exsequutionem.
1153 4466 1229 4531 In
1272 4467 1503 4550 primis
1532 4487 1691 4532 vero
1735 4466 1973 4551 quibus
2013 4487 2206 4550 prae-

237 4553 526 4619 dicandi
577 4553 761 4618 verbi
807 4552 1015 4618 divini
1057 4554 1125 4617 in
1183 4553 1455 4619 ecclesia
1511 4573 1668 4619 cura
1721 4552 2063 4620 commissa
2105 4559 2206 4616 est

235 4640 366 4707 hoc
442 4637 1053 4706 animadvertunto.
1142 4638 1312 4703 Nam
1373 4660 1504 4704 non
1567 4638 1895 4704 immerito
1959 4637 2206 4703 Paulus

233 4725 445 4792 istius
487 4726 792 4789 muneris
827 4724 1273 4790 difficultatem
1312 4725 1596 4799 intuens,
1631 4722 1992 4789 exclamat:
2038 4723 2206 4804 Quis

231 4811 318 4878 ad
371 4811 563 4878 haee
605 4809 923 4876 idoneus?
969 4821 1034 4875 et
1079 4810 1271 4892 paulo
1313 4817 1479 4895 post,
1515 4809 1638 4874 ait:
1684 4810 1832 4875 Non
1875 4808 2046 4891 quod
2085 4829 2205 4873 nos

233 4899 674 4965 sufficientes
715 4895 925 4961 simus
965 4904 1041 4961 ut
1080 4899 1442 4981 cogitemus
1487 4894 1732 4979 aliquid
1773 4905 2082 4978 tanquam
2117 4914 2204 4959 ex

231 4984 437 5051 nobis
487 4981 679 5064 ipsis,
724 4978 837 5048 sed
885 4981 1155 5046 facultas
1200 4994 1424 5047 nostra
1466 5003 1551 5048 ex
1596 4981 1737 5046 Deo
1775 4993 1892 5046 est.
1971 4979 2204 5063 Neque

228 5091 404 5135 vero
471 5069 553 5133 in
612 5066 784 5132 diem
843 5087 1046 5131 uuum
1106 5081 1219 5131 aut
1273 5067 1549 5132 alterum
1595 5065 1809 5151 gratia
1851 5065 1977 5130 Dei
2023 5067 2204 5131 iuvo-

227 5154 486 5228 mnda,
527 5151 646 5218 ssd
681 5152 992 5237 quamdiu
1029 5153 1430 5236 provinciam
1463 5152 1747 5236 aliquam
1786 5151 2201 5229 sustinemus,

225 5244 302 5308 iu
330 5243 586 5307 Deum
619 5239 832 5304 omnis
863 5258 1023 5305 cura
1056 5249 1282 5303 nostra
1314 5248 1380 5304 et
1413 5237 1758 5306 solicitudo
1800 5236 2203 5304 coniicienda

2320 537 2441 608 est,
2495 525 2664 610 quod
2711 547 2794 591 ex
2839 525 3025 591 nobis
3068 527 3226 611 ipsis
3271 525 3434 591 nihil
3478 526 3823 609 possimus.
3911 525 4001 590 Et
4046 523 4253 590 donec

2319 612 2490 678 hanc
2535 620 2906 677 nost-rarum
2953 612 3190 678 virium
3236 612 3688 695 impotentiam
3746 609 3910 676 bene
3955 631 4249 695 perspec-

2317 707 2453 763 tam
2499 697 2875 774 habeamus,
2927 709 3177 765 certum
3221 709 3320 762 est
3364 717 3484 762 nos
3525 696 3658 761 Dei
3701 697 3946 780 gratiae
3988 696 4249 764 ianuam

2318 782 2756 867 praecludere,
2791 804 2919 849 non
2956 794 3380 867 agnoscentes
3416 783 3601 848 illum
3640 783 3908 850 unicum
3932 783 4251 849 bonorum

2319 880 2696 934 nostrorum
2743 870 3036 934 omnium
3083 870 3567 955 scaturiginem,
3613 865 3725 952 qui
3769 868 3947 934 solus
3990 879 4253 934 nostrae

2318 955 2719 1039 indigentiae
2756 964 2968 1038 potest
3003 953 3374 1021 subvenire.
3441 953 3879 1035 Quamobrem
3918 955 3985 1020 in
4021 954 4250 1038 primis

2318 1042 2606 1123 ingenue
2651 1060 3070 1125 agnocamus,
3138 1060 3259 1105 uos
3318 1054 3551 1105 natura
3596 1042 3885 1105 omnium
3934 1040 4250 1106 donorum

2318 1145 2559 1192 vacuos
2624 1139 2690 1190 et
2752 1146 2989 1208 egenos
3055 1147 3229 1191 esse:
3314 1125 3544 1192 deiude
3608 1125 3988 1210 suppliciter
4061 1124 4252 1191 nobis

2320 1210 2535 1275 Deum
2604 1211 3024 1294 deprecemur
3088 1221 3161 1277 ut
3226 1223 3484 1277 nostrae
3557 1212 3827 1296 egestati
3887 1212 4248 1278 subveniat.

2318 1297 2671 1363 Praeterea
2691 1296 2835 1361 Deo
2873 1318 2992 1363 nos
3028 1295 3109 1362 ad
3152 1298 3427 1363 istorum
3474 1317 3819 1362 munerum
3864 1297 4246 1382 dignitatem

2320 1395 2612 1460 vocante,
2660 1382 2874 1448 danda
2916 1404 3112 1466 opera
3154 1394 3255 1448 est
3294 1392 3371 1448 ut
3405 1401 3553 1447 cum
3591 1403 3843 1448 summa
3878 1381 4248 1447 humilitate

2320 1467 2747 1547 ambulemus,
2793 1481 2861 1533 et
2888 1468 3200 1534 adversus
3226 1469 3649 1535 ambitionem
3673 1468 4031 1543 luctemur,
4075 1466 4251 1532 Deo-

2318 1574 2445 1637 que
2488 1555 2805 1620 inservire
2847 1555 2915 1619 in
2967 1554 3382 1637 simplicitate
3419 1556 3722 1633 nitamur,
3766 1554 3951 1636 eique
3986 1562 4248 1637 gratum

2319 1640 2709 1706 sacrificium
2775 1649 2842 1706 et
2906 1640 3058 1705 boni
3114 1638 3330 1705 odoris
3389 1641 3657 1704 offerre:
3717 1651 3791 1704 ut
3850 1639 4033 1704 nobis
4088 1638 4248 1721 ipsis

2320 1727 2560 1791 mortui
2584 1725 2950 1792 carnalibus
2985 1726 3286 1791 omnibus
3322 1725 3735 1809 passionibus
3772 1726 4246 1791 renunciemus.

2319 1809 2512 1892 Quod
2559 1814 2612 1876 si
2658 1812 2897 1876 factum
2946 1813 3087 1890 erit,
3134 1832 3466 1894 speremus
3513 1812 3747 1890 Deum,
3789 1831 3985 1895 quum
4034 1831 4249 1876 neces-

2320 1897 2481 1962 sitas
2524 1897 2891 1980 postularit‚
2939 1897 3122 1962 nobis
3166 1917 3299 1962 non
3346 1898 3741 1976 defuturum,
3799 1895 3909 1961 sed
3957 1916 4031 1962 ea
4077 1894 4250 1960 dona

2319 1982 2554 2067 quibus
2598 2003 2763 2066 opus
2821 1984 2947 2048 erit
3004 1982 3265 2049 abunde
3319 1982 3919 2067 suppeditaturum:
3972 1999 4247 2065 quorum

2319 2069 2518 2134 etiam
2586 2070 2653 2132 in
2722 2080 2921 2134 totam
2988 2070 3191 2135 vitam
3264 2070 3634 2134 auctionem
3716 2067 4046 2151 deprecari
4126 2087 4247 2132 nos

2318 2166 2595 2237 oportet,
2639 2167 2713 2219 ut
2754 2156 2836 2220 iis
2879 2153 3082 2219 semel
3125 2155 3338 2218 ornati
3383 2173 3717 2237 uunquam
3762 2152 4136 2237 spoliemur.

2488 2238 2673 2307 Haec
2715 2240 2739 2304 i
2792 2240 2924 2304 ‘tur
2967 2240 3264 2306 doctrina
3320 2239 3666 2305 retinenda
3710 2260 3790 2305 ex
3835 2237 4052 2304 verbis
4097 2236 4245 2316 illis,

2318 2326 2636 2391 mansisse
2680 2326 2752 2391 Ie
2803 2346 2962 2392 ovae
3005 2325 3306 2408 spiritum
3352 2346 3549 2411 super
3587 2324 3913 2392 Davidem
3965 2322 4068 2388 die
4114 2321 4243 2400 illa,

2319 2421 2658 2494 postquam
2741 2412 2881 2477 oleo
2964 2412 3078 2476 illo
3158 2421 3429 2476 externo
3496 2410 3821 2478 Samuelis
3884 2407 4244 2475 ministerio

2317 2497 2545 2563 fuisset
2584 2506 2841 2563 unctus.
2932 2499 3040 2564 An
3099 2517 3256 2562 vero
3314 2499 3534 2563 unctio
3592 2496 3707 2562 illa
3765 2495 4070 2581 spiritum
4116 2492 4243 2559 Dei

2316 2581 2540 2648 dedit?
2632 2584 2907 2648 Minime
2949 2581 3211 2665 quidem
3257 2582 3473 2649 oleum
3530 2592 3895 2663 externum,
3959 2579 4072 2646 sed
4118 2578 4245 2645 Dei

2319 2669 2546 2734 virtus.
2613 2668 2728 2735 Sic
2772 2670 2964 2734 etiam
3010 2668 3201 2733 hodie
3244 2668 3616 2747 tenendum,
3664 2689 3893 2752 aquam
3940 2663 4245 2749 baptismi

2315 2775 2444 2819 non
2508 2755 2747 2821 habere
2807 2756 2936 2819 vim
2992 2754 3247 2818 animas
3304 2767 3558 2820 nostras
3616 2752 4017 2838 penetrandi,
4086 2765 4150 2816 et
4204 2770 4245 2815 a

2315 2848 2726 2924 peccatorum
2805 2840 3104 2906 sordibus
3167 2838 3506 2906 abluendi:
3584 2840 3697 2905 sed
3763 2841 4020 2924 signum
4102 2856 4242 2902 esse

2313 2937 2583 3004 certum,
2628 2946 2755 3010 quo
2798 2926 3059 3012 longius
3101 2924 3500 3002 deducimur,
3556 2946 3793 3009 nempe
3850 2923 3931 2989 ad
3976 2922 4242 3006 sangui·

2315 3032 2466 3076 nem
2511 3011 2783 3077 Domini
2826 3012 3035 3078 nostri
3080 3009 3233 3076 Iesu
3277 3009 3546 3090 Christi,
3604 3011 3716 3095 qui
3760 3018 3859 3075 est
3902 3029 4132 3074 verum
4176 3014 4244 3071 et

2314 3098 2577 3163 unicum
2622 3107 2918 3163 nostrum
2965 3097 3334 3163 lavacrum:
3391 3095 3933 3179 quemadmodum
3989 3092 4243 3158 unctio-

2314 3203 2466 3246 nem
2508 3183 2703 3247 istam
2749 3182 3027 3249 Davidis
3065 3181 3362 3249 videmus
3418 3184 3549 3248 vim
3596 3202 3782 3247 suam
3841 3200 3987 3246 acce
4031 3179 4161 3244 isse
4203 3196 4246 3241 a

2314 3275 2538 3333 sancto
2582 3268 2846 3351 spiritu:
2906 3267 3049 3335 Deo
3103 3288 3223 3352 per
3266 3267 3530 3353 signum
3575 3266 3829 3334 visibile
3872 3266 3989 3332 dec
4013 3270 4244 3330 arante

2312 3374 2382 3419 se
2442 3351 2768 3420 Davidem
2830 3363 3103 3420 vocante
3155 3353 3239 3420 ad
3299 3361 3548 3418 tantam
3618 3352 4020 3437 dignitatem,
4076 3348 4244 3415 velle

2312 3437 2500 3506 donis
2544 3443 2740 3507 etiam
2786 3440 2868 3506 ad
2926 3441 3105 3506 illam
3164 3437 3644 3523 exsequendam
3704 3437 4085 3504 necessariis
4138 3436 4245 3499 in-

2312 3540 2587 3591 struere.
2697 3525 2918 3607 Quum
2987 3546 3145 3591 vero
3212 3525 3593 3590 nominatim
3663 3523 3902 3590 dicitur
3981 3521 4252 3605 spiritus

2309 3613 2621 3678 mansisse
2661 3611 3186 3696 supet-Davidem
3227 3631 3269 3676 α
3310 3612 3413 3676 die
3454 3609 3568 3676 illa
3612 3609 4008 3692 etdeinoeps,
4053 3626 4249 3673 exeo

2312 3706 2585 3781 apparet
2623 3697 2844 3764 Deum
2888 3696 3065 3763 nolle
3107 3717 3300 3763 suum
3346 3716 3509 3780 opus
3552 3695 4001 3779 imperfectum
4050 3692 4247 3759 relin-

2310 3804 2526 3867 quere,
2582 3783 2694 3848 sed
2756 3784 2837 3850 ad
2896 3803 3085 3849 suum
3149 3803 3352 3865 usque
3409 3783 3608 3847 finem
3650 3780 3813 3846 illud
3856 3778 4247 3865 perducere:

2309 3869 2499 3934 modo
2545 3889 2629 3933 ne
2672 3879 2894 3936 nostra
2928 3866 3399 3953 ingratitudine
3434 3888 3757 3932 remoram
3794 3866 4076 3951 aliquam
4116 3864 4253 3948 ipsi¹

2309 3955 2698 4021 iniiciamus.
2787 3954 3137 4021 anterum
3198 3962 3548 4035 antequam
3605 3951 3818 4018 David
3884 3962 4242 4036 ungeretur

2308 4053 2559 4106 certum
2613 4051 2715 4106 est
2771 4040 2961 4105 illum
3017 4061 3149 4105 non
3206 4039 3410 4103 fuisse
3455 4037 3713 4104 brutum
3763 4059 3978 4122 pecus,
4030 4057 4240 4119 neque

2308 4126 2438 4190 Dei
2498 4125 2686 4191 donis
2742 4127 3005 4191 omnino
3061 4145 3377 4191 vacuum:
3446 4122 3560 4189 sed
3619 4125 3917 4209 spiritum
3987 4123 4239 4206 regium

2311 4211 2417 4277 hic
2461 4232 2613 4276 eum
2656 4212 2979 4295 accepisse
3023 4209 3467 4295 intelligimus,
3528 4231 3719 4293 quem
3780 4219 3974 4275 antea
4030 4226 4240 4289 neque

2310 4296 2609 4378 habebat,
2674 4319 2885 4381 neque
2948 4296 3148 4362 etiam
3206 4316 3471 4362 necesse
3522 4308 3680 4362 erat.
3768 4294 3998 4377 Neque
4061 4292 4238 4357 enim

2309 4383 2416 4465 qui
2461 4384 2785 4466 privatam
2831 4396 2899 4449 et
2939 4384 3221 4467 quietam
3261 4382 3464 4448 vitam
3502 4394 3770 4448 acturus
3805 4389 3922 4456 est,
3959 4399 4036 4442 ea
4072 4377 4242 4443 dona

2309 4469 2581 4553 accipiet
2624 4490 2663 4534 a
2707 4469 2850 4535 Deo
2893 4490 3057 4553 quae
3100 4469 3157 4534 si
3201 4467 3284 4533 ad
3330 4489 3648 4533 summam
3696 4466 3980 4550 aliquam
4025 4464 4240 4547 digni-

2308 4562 2510 4619 tatem
2556 4564 2730 4619 esset
2773 4554 3170 4634 evehendus,
3230 4561 3297 4619 et
3351 4553 3547 4618 alicui
3605 4552 3845 4651 populo
3888 4550 3994 4616 vel
4036 4570 4241 4632 regno

2308 4639 2791 4722 praeferendus.
2852 4639 3099 4706 Eadem
3136 4659 3294 4723 ergo
3316 4636 3594 4704 Davidis
3631 4640 3754 4702 fuit
3788 4636 3977 4701 ratio.
4026 4638 4240 4717 Atque

2307 4746 2384 4789 eo
2428 4724 2677 4791 Paulus
2720 4727 3001 4810 respicit,
3044 4746 3119 4791 eo
3165 4724 3247 4789 de
3290 4744 3419 4808 quo
3464 4726 3594 4791 iam
3639 4721 3939 4808 superius
3983 4742 4018 4784 e
4067 4721 4238 4787 ‘mus

2306 4808 2469 4888 loco,
2528 4831 2649 4894 pro
2706 4832 3055 4877 munerum
3115 4812 3430 4876 varietate
3474 4809 3711 4876 docens
3756 4808 3973 4873 Deum
4062 4805 4236 4872 istri-

2307 4897 2506 4962 buere
2548 4897 2655 4961 sui
2698 4898 2966 4981 spiritus
3010 4896 3180 4962 dona
3223 4894 3580 4962 secundum
3624 4895 3938 4977 cuiusque
3980 4912 4237 4957 mensu·

2303 5002 2468 5048 ram.
2557 4981 2784 5065 Neque
2826 4984 2998 5048 enim
3042 5002 3269 5047 omnes
3311 4988 3467 5046 sunt
3506 4981 3889 5065 prophetae,
3933 4987 4047 5044 aut
4089 4997 4241 5061 apo-

2304 5068 2473 5147 stoli,
2534 5075 2650 5133 aut
2707 5078 3031 5154 pastores:
3098 5089 3229 5133 non
3295 5086 3521 5131 omnes
3586 5066 3757 5132 dona
3820 5064 4239 5131 sanationum

2305 5165 2423 5220 aut
2485 5153 2949 5220 miraculorum
3015 5151 3275 5219 habent.
3388 5149 3521 5218 Sed
3582 5160 3779 5236 prout
3842 5151 4019 5216 varia
4083 5155 4241 5216 sunt

2305 5260 2597 5319 munera,
2646 5239 2829 5307 Deus
2860 5240 3057 5307 etiam
3094 5238 3275 5306 varie
3310 5237 3415 5303 sui
3449 5238 3720 5322 spiritus
3757 5237 3926 5303 dona
3959 5235 4241 5321 largitur
