5059 6059
852 325 984 394 215

853 529 1177 605 tanquam
1235 518 1485 668 praelio
1542 517 1751 583 victos
1794 516 2140 593 fateantur,
2201 537 2277 584 ac
2320 516 2593 601 proinde
2635 515 2795 582 Phi·

861 608 1109 675 listaeis
1157 627 1233 670 su
1279 604 1589 669 iiciantur
1632 613 1699 669 et
1742 602 2068 669 tributarii
2116 604 2297 670 fiant.
2385 604 2617 687 Itaque
2661 622 2794 667 non

859 694 979 760 abs
1036 713 1107 758 rc
1153 690 1317 758 Saul
1375 709 1594 755 moras
1645 688 1870 770 nectit,
1927 687 2385 772 Davidemque
2429 689 2671 754 retinet
2714 709 2797 753 ne

859 780 1174 846 adversus
1197 776 1634 842 Philistaeum
1671 774 2157 858 progrediatur:
2202 777 2456 840 etiamsi
2492 775 2797 858 deinceps

857 864 1202 942 consentit,
1249 873 1324 926 ut
1366 859 1752 926 videbimus.
1821 859 2164 941 Quaenam
2207 881 2362 926 vero
2408 861 2599 926 istius
2643 881 2795 927 con-

858 971 1094 1017 sensus
1137 968 1335 1015 causa
1377 947 1518 1022 fuit,
1563 944 1845 1023 obsecro,
1892 946 2020 1010 nisi
2065 947 2364 1013 internus
2406 946 2534 1012 Dei
2578 958 2796 1011 motus

860 1037 975 1121 qui
1021 1034 1289 1102 Saulem
1335 1031 1800 1115 incogitantem
1844 1031 2065 1097 rexit?
2156 1033 2325 1097 Nam
2370 1033 2610 1116 alioqui
2654 1031 2798 1096 mil-

859 1122 983 1188 lies
1026 1121 1242 1205 potins
1287 1140 1563 1200 regnum
1610 1117 1951 1196 amisisset,
1997 1138 2190 1201 quam
2227 1117 2469 1183 Davidi
2516 1129 2649 1183 tam
2695 1119 2796 1182 in·

857 1209 1117 1293 signem
1163 1205 1501 1271 victoriam
1547 1205 2045 1285 procuravisset.
2114 1204 2313 1269 Illum
2356 1205 2578 1287 itaque
2612 1203 2798 1269 Deus

859 1293 1273 1365 excaecavit,
1329 1298 1403 1355 ut
1459 1287 1781 1353 Davidem
1841 1298 2176 1372 pateretur
2230 1289 2408 1355 istud
2466 1299 2796 1356 certamen

862 1381 1106 1446 subire.
1207 1376 1377 1441 Nam
1434 1385 1499 1438 et
1552 1373 1820 1439 idoneas
1876 1373 2215 1439 hominum
2270 1374 2510 1441 iudicio
2569 1394 2797 1442 causas

862 1464 1148 1530 habebat
1179 1458 1573 1544 impediendi
1609 1458 1785 1524 hunc
1819 1480 2242 1543 congressum
2278 1469 2414 1525 tam
2458 1462 2796 1544 imparem.

861 1550 1106 1634 Ecquis
1148 1549 1324 1613 enim
1369 1545 1862 1622 adolescentem,
1933 1557 1999 1611 et
2054 1547 2574 1629 inexercitatum,
2634 1546 2802 1611 ferat

866 1656 1016 1702 cum
1082 1637 1349 1720 gigante
1413 1631 1766 1697 exercitato
1830 1632 1900 1696 in
1966 1633 2168 1697 armis
2230 1632 2584 1717 congredi?
2654 1633 2799 1715 quis

861 1722 1182 1789 inermem
1227 1741 1377 1785 cum
1442 1717 1858 1799 cataphracto
1921 1718 2145 1794 milite,
2213 1730 2281 1783 et
2345 1718 2607 1802 quidem
2666 1739 2797 1783 non

861 1809 1006 1893 pari
1041 1828 1191 1873 cum
1218 1805 1363 1870 aliis
1386 1811 1658 1880 statura,
1703 1802 1816 1868 sed
1861 1804 1972 1885 qui
2017 1813 2162 1869 erat
2203 1805 2404 1870 turris
2449 1806 2675 1879 instar,
2722 1811 2795 1867 ut

861 1894 1175 1961 vidimus:
1221 1892 1405 1957 cuius
1448 1890 1677 1954 lancea
1718 1897 1886 1953 tanti
1934 1889 2238 1971 ponderis
2281 1899 2351 1954 et
2392 1899 2613 1955 tantae
2655 1889 2798 1954 lon-

862 1978 1181 2064 gitudinis
1217 1987 1355 2042 erat
1393 1987 1469 2040 ut
1502 1997 1541 2040 a
1583 1974 1763 2040 nullo
1808 1974 1935 2039 alio
1979 1976 2224 2057 portari
2268 1974 2529 2059 posset?
2592 1976 2797 2040 Deni-

860 2085 994 2148 que
1027 2066 1141 2146 qui
1177 2063 1502 2147 clypeum,
1538 2060 1811 2144 galcam,
1849 2061 2198 2138 thoracem,
2236 2082 2457 2127 ocreas
2494 2060 2797 2125 immensi

859 2149 1171 2234 ponderis
1216 2145 1542 2212 habebat?
1597 2155 1663 2210 et
1706 2147 1818 2229 qui
1862 2168 2034 2212 unus
2077 2157 2218 2211 erat
2259 2147 2474 2212 instar
2518 2168 2799 2230 propug-

861 2234 1129 2302 naculi?
1240 2233 1461 2315 Quare
1526 2232 1738 2296 videri
1802 2242 2055 2314 poterat
2120 2232 2403 2297 alienum
2471 2232 2552 2297 ab
2617 2232 2797 2297 omni

864 2323 1120 2387 ratione
1140 2319 1464 2385 Davidem
1510 2319 1578 2382 in
1627 2329 1881 2382 tantum
1929 2318 2293 2401 periculum
2336 2317 2600 2385 aSaule
2644 2339 2797 2383 con-

860 2407 992 2473 iici.
1084 2407 1176 2470 Et
1231 2416 1565 2487 praeterea
1623 2426 1750 2467 non
1797 2402 2065 2468 dubium
2120 2415 2219 2470 est
2273 2404 2431 2487 quin
2474 2404 2637 2470 Saul
2697 2404 2796 2469 vel

862 2492 1132 2569 malitia,
1182 2490 1284 2556 vel
1327 2501 1506 2554 metu
1553 2489 1817 2571 periculi
1862 2489 2030 2571 quod
2077 2490 2428 2557 universus
2470 2491 2800 2556 exercitus

861 2577 1256 2654 incurrebat,
1317 2584 1646 2641 certamen
1700 2574 1875 2640 istud
1932 2574 2133 2640 fuerit
2174 2576 2627 2658 impediturus,
2672 2576 2798 2641 nisi

863 2683 909 2729 a
950 2663 1093 2728 Deo
1150 2663 1381 2727 fuisset
1436 2673 1836 2727 excaecatus.
1924 2661 2017 2725 Et
2076 2662 2199 2726 hoc
2242 2681 2434 2744 saepe
2478 2682 2603 2727 usu
2646 2683 2798 2728 con-

866 2749 1122 2833 tingere
1177 2747 1495 2826 videmus,
1552 2754 1628 2811 ut
1670 2746 1728 2811 si
1770 2766 1932 2830 quos
1977 2747 2162 2811 Deus
2206 2747 2367 2812 velit
2409 2768 2800 2832 promovere

870 2834 956 2901 ad
1002 2853 1293 2900 summos
1332 2832 1581 2915 aliquos
1625 2831 1923 2909 honores,
1979 2832 2102 2898 etsi
2142 2833 2330 2898 multi
2371 2834 2653 2918 improbi
2697 2855 2800 2898 re-

860 2920 1179 2988 luctaturi
1219 2918 1568 2984 videantur
1601 2916 1830 2983 cedere
1873 2927 2096 2983 tamen
2137 2929 2475 3003 cogantur,
2520 2929 2588 2984 et
2629 2918 2798 3002 quod

859 3006 1108 3089 alioqui
1153 3004 1423 3083 nollent,
1468 3025 1588 3070 sna
1629 3004 1955 3069 sententia
1998 3004 2449 3088 comprobare:
2492 3013 2563 3069 et
2605 3025 2797 3087 quem

860 3092 1050 3159 Deus
1110 3092 1416 3156 honorari
1475 3089 1618 3155 vult
1675 3090 1817 3153 sine
1874 3089 2379 3157 contradictione
2433 3090 2798 3156 admittere.

865 3176 982 3247 Sic
1027 3176 1220 3243 hodie
1263 3175 1456 3240 multi
1479 3174 1840 3241 Christiani
1884 3174 2162 3259 singulis
2208 3197 2409 3259 paene
2452 3176 2800 3241 momentis

862 3264 936 3330 in
971 3261 1334 3348 periculum
1372 3262 1668 3339 veniunt,
1714 3269 1780 3325 et
1823 3260 1903 3327 ab
1947 3259 2243 3327 hostibus
2284 3261 2415 3327 iam
2453 3263 2586 3328 iam
2633 3261 2798 3328 lace·

860 3350 1055 3417 randi
1109 3361 1176 3414 et
1218 3346 1509 3412 laniandi
1551 3346 1877 3424 videntur,
1923 3347 2441 3431 conspirantibus
2483 3348 2798 3414 adversus

862 3437 1045 3521 ipsos
1101 3442 1171 3499 et
1231 3434 1374 3498 dira
1433 3453 1729 3516 quaeque
1785 3432 2227 3499 molientibus:
2291 3441 2361 3498 et
2403 3454 2536 3499 non
2576 3443 2799 3499 tamen

863 3530 1212 3606 propterea
1274 3519 1493 3584 minus
1545 3519 1767 3584 fideles
1812 3517 1955 3585 Deo
2007 3519 2324 3597 serviunt,
2380 3520 2494 3584 sed
2554 3520 2625 3584 in
2672 3520 2800 3585 Dei

867 3606 1051 3674 cultu
1108 3606 1354 3670 alacres
1409 3613 1706 3688 pergunt,
1765 3612 1830 3670 et
1890 3605 1992 3671 vel
2035 3604 2262 3671 invitis
2306 3603 2602 3671 hostibus
2644 3626 2799 3672 con-

866 3692 1018 3759 silia
1073 3699 1141 3756 et
1195 3690 1558 3756 molitiones
1614 3690 1765 3756 illae
1807 3691 1876 3756 in
1919 3690 2163 3756 bonum
2207 3692 2497 3775 ipsorum
2541 3691 2800 3758 cedunt.

870 3775 1063 3861 Quae
1126 3796 1320 3842 causa
1384 3787 1483 3840 est
1539 3776 1834 3854 istorum,
1899 3776 2207 3843 obsecro?
2312 3777 2566 3860 Nempe
2620 3779 2804 3844 Deus

872 3864 1015 3930 suis
1071 3864 1278 3928 servis
1323 3862 1497 3926 viam
1541 3861 1768 3945 aperit,
1825 3869 1893 3928 et
1933 3862 2140 3927 veluti
2187 3861 2579 3947 quibusdam
2624 3884 2806 3947 repa·

872 3950 1052 4035 gulis
1071 3946 1401 4030 improbos
1424 3958 1690 4028 coercet,
1742 3970 1824 4013 ne
1868 3970 2059 4014 suum
2102 3968 2267 4032 opus
2309 3948 2693 4032 impediant,
2738 3958 2806 4014 et

873 4056 963 4102 ne
1018 4054 1225 4119 prava
1281 4053 1403 4098 sua
1459 4033 1728 4098 consilia
1783 4041 1848 4098 et
1904 4042 2178 4099 conatus
2234 4033 2316 4098 ad
2362 4036 2610 4101 exitum
2704 4057 2804 4101 er-

872 4120 1141 4199 ducant,
1185 4118 1515 4186 oculorum
1561 4119 1761 4184 aciem
1805 4118 2151 4186 hebescere
2192 4120 2366 4198 facit,
2410 4131 2477 4186 et
2519 4142 2644 4204 pru
2692 4142 2805 4186 en·

872 4207 969 4273 tia
1024 4215 1093 4271 et
1143 4204 1582 4288 intelligentia
1634 4204 1881 4289 privat,
1941 4226 2026 4270 ne
2080 4205 2234 4288 quid
2292 4214 2493 4289 agant
2546 4206 2808 4289 ipsimet

871 4292 1280 4375 intelligant:
1325 4311 1490 4373 quos
1526 4301 1780 4355 certum
1824 4299 1924 4357 est
1966 4292 2023 4356 si
2069 4312 2188 4356 sua
2230 4291 2500 4358 consilia
2542 4299 2810 4375 possent

874 4379 961 4446 ad
1025 4378 1276 4443 exitum
1339 4376 1711 4459 perducere,
1774 4385 1840 4440 et
1897 4397 2168 4459 pravam
2223 4378 2627 4443 voluntatem
2686 4380 2810 4443 im-

874 4464 1078 4549 plere,
1138 4463 1434 4528 divinum
1486 4482 1654 4543 opus
1709 4461 2160 4554 impedituros.
2248 4463 2340 4527 Et
2383 4463 2622 4528 horum
2669 4484 2809 4528 om·

873 4551 1060 4617 nium
1119 4548 1419 4631 exempla
1475 4558 1775 4612 nostrum
1838 4549 2171 4614 saeculum
2229 4546 2425 4613 habet
2477 4549 2639 4615 satis
2684 4549 2809 4614 fre-

873 4634 1163 4720 quentia.
1253 4633 1421 4714 Quis
1478 4634 1655 4698 enim
1712 4633 1818 4699 vel
1873 4634 2010 4700 sola
2060 4635 2448 4718 cogitatione
2492 4637 2811 4718 potuisset

875 4719 1246 4806 imaginari,
1315 4717 1488 4802 quod
1543 4738 1709 4801 opus
1763 4719 1947 4786 Deus
2005 4720 2392 4786 moliebatur
2449 4742 2641 4804 posse
2696 4744 2810 4785 un·

922 4828 1076 4873 uam
1131 4827 1282 4871 eum
1340 4804 1590 4870 exitum
1651 4826 1842 4888 quem
1904 4804 2097 4871 hodie
2156 4806 2454 4872 videmus
2510 4807 2807 4889 assequi?

948 4893 1060 4957 uid
1119 4891 1419 4975 impediit
1472 4892 1821 4974 quominus
1872 4891 2091 4957 callidi
2150 4892 2246 4957 illi
2293 4900 2357 4955 et
2399 4893 2650 4958 versuti
2693 4894 2808 4958 ho·

875 4980 1108 5062 mines,
1152 4987 1218 5043 et
1260 4977 1371 5060 qui
1416 4979 1637 5059 pravis
1677 4998 1935 5060 semper
1976 4975 2224 5044 artibus
2269 4998 2374 5043 res
2417 4999 2571 5044 suas
2612 4980 2810 5044 tutati

878 5073 1057 5142 sunt,
1117 5083 1249 5128 non
1308 5062 1727 5145 providerent
1781 5076 2035 5128 mature
2096 5085 2182 5129 ne
2239 5071 2423 5128 tanto
2480 5085 2628 5130 cum
2675 5085 2813 5130 suc-

881 5166 1069 5215 cessu
1103 5148 1428 5232 evangelii
1466 5147 1761 5214 doctrina
1796 5148 2311 5233 propagaretur?
2369 5148 2510 5215 Nae
2546 5151 2603 5216 si
2638 5152 2810 5235 cogi·

884 5242 1168 5314 tassent,
1246 5254 1365 5317 pro
1447 5235 1695 5301 viribus
1771 5235 2088 5319 impedire
2144 5233 2317 5302 istud
2377 5256 2542 5320 opus
2597 5238 2813 5303 conati

2494 324 2911 393 HOMILIA
2968 323 3195 393 LXII.

4658 335 4750 399 215

2903 521 3155 591 essent;
3216 536 3428 599 neque
3486 513 3779 581 diabolus
3824 536 4092 600 segnem
4137 538 4400 601 operam
4433 523 4755 589 contulioeet.

2900 599 3344 667 Nihilominus
3401 609 3617 667 tamen
3679 601 3826 666 illos
3869 601 4280 686 obstupuisse
4323 607 4611 685 videmus,
4652 623 4704 674 et
4730 634 4757 675 a

2901 684 3044 751 Deo
3100 687 3307 753 factos
3361 686 3631 752 ebriosis
3689 687 3955 768 similes,
4008 700 4082 754 ut
4140 691 4420 755 videndo
4477 715 4592 757 non
4630 697 4757 760 vide-

2900 774 3070 836 rint:
3126 781 3194 837 et
3250 773 3346 838 ita
3404 772 3678 858 fregisse
3733 773 3996 838 illorum
4043 778 4294 841 animos
4336 777 4677 856 Dominum.
4710 795 4761 847 nt

2900 856 3168 924 hebetes
3211 858 3489 924 fuerint:
3533 870 3597 925 et
3643 859 4014 942 superbiam
4060 861 4151 925 ita
4195 877 4445 928 mentes
4489 886 4762 948 occupasse

2900 952 2979 1008 ut
3023 943 3148 1008 Dei
3203 945 3486 1029 gratiam
3546 966 3712 1029 quae
3771 947 3837 1011 in
3901 947 4107 1029 ipsius
4157 949 4423 1014 ecclesia
4470 951 4622 1015 lucet
4656 971 4760 1017 con·

2901 1030 3306 1112 tempserint,
3352 1041 3421 1096 et
3464 1040 3772 1115 tanquam
3820 1030 4072 1114 paleam
4110 1042 4285 1098 terra
4329 1036 4654 1102 obruerint.
4704 1040 4764 1103 Et

2901 1116 3164 1199 quidem
3239 1116 3339 1181 illi
3417 1117 3541 1183 sibi
3605 1117 4015 1202 gratulantes
4040 1169 4056 1197 ,
4121 1128 4188 1183 et
4254 1121 4604 1204 triumphos
4658 1145 4765 1190 suos

2900 1200 3350 1284 praedicantes
3416 1204 3674 1268 miseris
3743 1202 4174 1269 insultabant:
4243 1208 4491 1288 ecquid,
4553 1210 4766 1286 aiebant,

2901 1287 3011 1351 isti
3068 1286 3536 1354 homunciones
3578 1290 3929 1367 efficerent,
3985 1291 4137 1371 quid
4182 1291 4291 1356 isti
4337 1293 4548 1357 stolidi
4587 1305 4645 1358 et
4677 1309 4769 1359 stu·

2901 1371 3037 1455 pidi
3082 1372 3382 1440 homines
3425 1376 3849 1459 susciperent,
3894 1375 4051 1457 quid
4096 1398 4405 1460 magnum
4452 1381 4663 1444 abiecti
4696 1382 4768 1447 isti

2903 1466 2969 1522 et
3029 1459 3195 1525 viles
3254 1460 3552 1526 homines
3598 1471 4036 1542 praestarent,
4096 1464 4369 1529 nobisne
4423 1465 4527 1530 vel
4567 1468 4636 1528 ad
4675 1487 4769 1530 mo-

2902 1553 3197 1610 mentum
3242 1547 3481 1631 exigna
3522 1546 3862 1611 hominum
3910 1568 4146 1612 manus
4191 1550 4564 1614 resisteret?
4645 1550 4772 1617 Sane

2902 1629 3293 1697 videbantur
3325 1653 3445 1698 suo
3481 1633 3632 1696 freti
3667 1632 4011 1715 splendore
4048 1643 4113 1698 et
4150 1638 4586 1700 munificentia
4617 1639 4772 1701 tribus

2900 1714 3066 1781 bolis
3125 1719 3415 1784 voraturi
3461 1727 3782 1801 quotquot
3827 1720 4113 1784 mundus
4155 1721 4383 1786 fideles
4430 1722 4635 1788 habet.
4696 1727 4773 1788 At

2901 1820 3028 1883 que
3063 1802 3238 1868 istud
3276 1804 3431 1869 dum
3468 1814 3735 1887 sperant
3776 1815 3843 1868 et
3884 1816 4193 1889 tanquam
4242 1808 4481 1872 factum
4529 1809 4773 1891 pollicen-

2901 1895 3012 1951 tur
3054 1890 3563 1974 negligentiores
3607 1889 3759 1955 facti
3806 1901 3984 1970 sunt,
4030 1904 4097 1955 et
4139 1891 4320 1957 Deus
4363 1894 4619 1958 interim
4657 1915 4775 1977 opus

2899 1992 3090 2037 suum
3135 1977 3430 2058 perfecit,
3475 1986 3541 2040 et
3581 1976 3673 2040 sic
3717 1977 4005 2059 ipsorum
4051 1978 4267 2043 oculos
4310 1981 4696 2061 perstrinxit.
4728 1993 4776 2044 ut

2901 2060 3359 2126 imminentem
3392 2060 3516 2127 sibi
3552 2063 3808 2125 ruinam
3853 2084 3984 2126 non
4032 2063 4628 2130 animadverterint.
4676 2066 4775 2130 Iam

2902 2165 3060 2210 vero
3107 2148 3232 2212 Dei
3292 2168 3491 2213 manu
3552 2147 3811 2225 deiecti,
3865 2159 3932 2212 et
3974 2148 4273 2231 opinione
4320 2151 4493 2235 falsi,
4538 2152 4778 2217 dentibus

2903 2229 3207 2296 frendent
3249 2245 3317 2298 et
3360 2233 3748 2315 tinguntur:
3792 2233 4047 2317 Deique
4092 2235 4407 2301 virtutem
4456 2259 4583 2302 non
4622 2240 4777 2302 anim·

2904 2314 3273 2399 advertunt,
3331 2328 3399 2384 et
3441 2320 3758 2384 adversus
3799 2319 4017 2401 ipsum
4060 2321 4438 2404 insurgunt,
4484 2336 4548 2388 et
4591 2323 4776 2387 bellum

2903 2401 3208 2470 inferunt.
3291 2404 3392 2470 Ac
3432 2403 3586 2471 licet
3628 2405 3977 2471 videantur
4018 2405 4172 2470 facti
4219 2411 4617 2489 poenitentia
4655 2410 4777 2482 duci,

2902 2497 2970 2552 et
3012 2490 3302 2554 animum
3346 2493 3712 2569 immutare,
3756 2503 3975 2556 tamen
4019 2491 4165 2557 illos
4208 2494 4389 2558 intus
4436 2498 4538 2559 uri
4582 2512 4778 2561 certum

2903 2585 3020 2653 est,
3079 2585 3144 2640 et
3200 2588 3509 2659 perpetuo
3563 2577 3841 2643 cruciari
3899 2597 3939 2642 a
3995 2599 4112 2642 suo
4155 2581 4486 2657 carnifice,
4546 2582 4693 2662 quod
4726 2582 4782 2644 iis

2904 2658 3260 2727 honoribus
3314 2662 3685 2727 exciderint
3739 2662 3976 2745 quibus
4020 2665 4303 2729 maxime
4350 2666 4782 2732 delectabantur

2903 2755 2970 2810 et
3022 2746 3531 2813 inebriabantur.
3619 2750 3920 2832 Denique
3962 2748 4238 2814 Davidis
4280 2753 4590 2834 exemplo
4626 2752 4783 2817 disca·

2900 2852 3067 2910 mus,
3127 2833 3271 2898 Deo
3336 2854 3460 2898 nos
3526 2844 3906 2918 protegente
3969 2850 4039 2899 et
4095 2838 4162 2899 in
4221 2837 4596 2903 clientelam
4647 2858 4780 2903 suam

2903 2917 3273 3001 recipiente,
3334 2942 3417 2985 ne
3462 2920 3901 2985 rabidissimae
3945 2920 4206 3003 quidem
4252 2924 4428 2988 feras
4474 2927 4649 2989 nobis
4684 2944 4784 2987 esse

2904 3005 3268 3069 nocituras:
3313 3013 3380 3070 et
3417 3005 3569 3071 licet
3602 3006 3941 3071 immensis
3976 3008 4343 3091 gurgitibus
4388 3011 4781 3084 circumdatas,

2902 3109 2985 3154 ex
3044 3088 3278 3173 quibus
3321 3091 3541 3156 nullus
3585 3090 3780 3156 detur
3823 3091 4058 3172 exitus,
4113 3103 4179 3157 et
4222 3094 4565 3162 altissimis
4606 3094 4785 3161 monti·

2902 3173 3042 3252 bus,
3088 3183 3204 3239 aut
3237 3178 3493 3261 magnis
3526 3177 3906 3243 fluminibus
3949 3178 4314 3260 impeditos,
4364 3191 4441 3244 ut
4488 3204 4570 3246 ne
4612 3180 4781 3264 pedem

2903 3260 3165 3343 quidem
3222 3261 3306 3326 ad
3358 3262 3626 3345 periculi
3672 3263 3892 3347 fugam
3936 3284 4198 3330 movere
4244 3285 4440 3347 posse
4486 3268 4783 3339 videamur,

2903 3346 3120 3411 Deum
3155 3356 3375 3412 tamen
3412 3349 3506 3413 ita
3542 3348 3875 3414 brachium
3900 3370 4088 3414 snum
4114 3363 4535 3416 exserturum
4561 3365 4631 3418 nt
4660 3355 4781 3414 vitm

2902 3433 3168 3514 aperiat,
3211 3433 3590 3517 facilemque
3634 3444 3701 3499 et
3742 3437 4033 3518 perviam
4079 3436 4340 3502 efficiat.
4429 3438 4532 3505 Ac
4574 3435 4785 3522 proinde

2902 3517 3053 3585 licet
3111 3516 3457 3585 adversum
3516 3540 3637 3585 nos
3690 3519 3974 3586 mundus
4026 3522 4361 3602 coniuret,
4425 3537 4638 3589 tamen
4686 3522 4785 3586 eins

2904 3605 3343 3688 arrogantiam
3381 3605 3805 3685 deiecturum,
3842 3615 3959 3671 aut
3992 3616 4331 3689 stuporem
4369 3609 4782 3680 immissurum.

2904 3691 3418 3775 quotiescunque
3462 3712 3615 3757 suos
3660 3693 3860 3757 tutari
3905 3702 3973 3757 et
4011 3713 4403 3776 promovere
4453 3696 4726 3761 voluerit.

3075 3776 3163 3840 Et
3196 3775 3275 3841 de
3309 3778 3450 3843 istis
3484 3779 3671 3844 satis:
3710 3778 3791 3844 ad
3817 3778 4090 3843 Davidis
4126 3801 4517 3862 responsum
4557 3796 4785 3845 transen-

2904 3881 3072 3945 mus,
3113 3870 3181 3926 et
3216 3883 3344 3944 qua
3377 3862 3616 3929 fiducia
3650 3865 3898 3929 nitatur
3930 3865 4404 3948 expendamus,
4444 3890 4666 3950 nempe
4694 3887 4783 3928 non

2906 3967 3025 4013 sua
3080 3946 3421 4027 industria,
3483 3970 3695 4032 neque
3758 3949 4157 4029 fortitudine,
4219 3952 4333 4016 sed
4397 3953 4784 4019 recordatione

2908 4032 3114 4098 divini
3162 4035 3409 4114 auxilii,
3470 4034 3641 4117 quod
3686 4037 3754 4099 in
3801 4056 4058 4101 summa
4102 4035 4495 4105 difficultate
4538 4053 4783 4122 expertus

2908 4120 3140 4184 fuerat.
3228 4122 3347 4184 Ait
3404 4121 3612 4185 enim:
3673 4121 3978 4189 Pasoebat
4031 4142 4253 4189 servus
4294 4129 4453 4190 tuus
4482 4127 4683 4206 patris
4712 4119 4783 4185 sui

2904 4225 3167 4289 yreym,
3223 4211 3280 4271 et
3332 4206 3611 4272 veniebat
3663 4206 3753 4272 leo
3794 4208 3892 4273 vel
3931 4229 4143 4292 ureae,
4202 4215 4259 4273 et
4297 4211 4550 4276 tollebat
4587 4210 4783 4275 arietem

2909 4292 2984 4358 de
3035 4292 3232 4357 medio
3280 4294 3523 4378 yreyis:
3581 4298 3636 4357 et
3665 4294 4087 4376 persequebar
4127 4315 4250 4378 eos,
4312 4303 4372 4360 et
4400 4295 4781 4379 pomam,

2910 4376 3314 4460 eruebamque
3368 4380 3445 4444 de
3498 4399 3601 4444 ore
3656 4400 3894 4444 eorum:
3954 4379 4047 4445 Et
4099 4380 4201 4446 illi
4243 4382 4677 4466 consumebant
4706 4377 4784 4441 ed-

2909 4483 3156 4529 versum
3188 4484 3299 4543 me,
3343 4469 3397 4528 et
3431 4465 3960 4546 apprehendebam
3993 4471 4262 4531 mentum
4297 4488 4533 4544 eorum,
4568 4473 4621 4532 et
4648 4463 4785 4558 suesq-

2910 4550 3159 4632 eabam,
3222 4550 3778 4633 interficiebamque
3841 4572 3960 4617 eos.
4074 4551 4332 4633 Quibus
4403 4554 4618 4619 verbis
4674 4563 4785 4645 satis

2910 4634 3189 4701 ostendit
3231 4657 3300 4701 se
3337 4637 3473 4701 suis
3513 4637 3765 4703 viribus
3807 4659 3938 4702 non
3986 4636 4204 4716 fidere,
4250 4637 4549 4723 nihilque
4592 4639 4661 4703 de
4695 4635 4785 4699 illis

2911 4721 3034 4787 sibi
3090 4719 3396 4803 polliceri,
3450 4720 3562 4787 sed
3623 4743 3662 4786 a
3703 4721 3992 4787 Domino
4034 4723 4171 4789 solo
4214 4726 4536 4790 auxilium
4579 4740 4782 4804 exspec-

2912 4818 3070 4883 tare,
3129 4807 3299 4889 quod
3358 4827 3440 4872 ex
3497 4809 3701 4890 ipsius
3760 4809 4174 4875 conclusione
4230 4812 4304 4875 fit
4362 4811 4579 4877 adbuc
4630 4807 4783 4888 magis

2913 4893 3354 4975 conspicuum,
3412 4915 3608 4977 quum
3667 4895 3790 4958 ait:
3851 4894 4170 4962 Dominus
4210 4898 4323 4979 qui
4364 4899 4593 4979 eripuit
4629 4913 4706 4958 me
4734 4889 4784 4952 de

2912 4999 3107 5045 manu
3165 4978 3375 5058 leonis,
3432 4984 3487 5043 et
3542 4981 3618 5045 de
3674 5001 3870 5045 manu
3922 4984 4083 5058 ursi,
4135 4982 4270 5064 ipse
4312 5004 4411 5047 me
4450 4979 4703 5047 liberabit
4734 4975 4782 5041 de

2912 5085 3110 5131 mana
3153 5064 3491 5132 Philistaei
3533 5066 3742 5131 huius.
3812 5066 3946 5132 Ubi
3989 5068 4470 5134 observandum
4516 5063 4778 5157 Davitica

2913 5152 3069 5218 licet
3125 5152 3469 5234 pecuarius
3528 5164 3720 5217 antea
3778 5153 4026 5231 fuisset,
4084 5163 4301 5219 tamen
4359 5156 4494 5219 iam
4538 5152 4613 5219 ab
4647 5148 4779 5215 inino

2916 5248 3374 5322 praeparatum
3406 5258 3445 5302 a
3469 5238 3756 5302 Domino
3794 5239 3874 5304 ad
3911 5238 4176 5320 maiora,
4213 5261 4378 5325 quae
4415 5240 4528 5308 vix
4561 5249 4777 5319 unquam
