5059 6059
791 284 919 350 367

794 473 993 540 minis
1060 466 1440 546 exseruerit,
1503 463 1688 530 cuius
1744 483 1814 528 se
1868 483 2104 528 manus
2171 462 2463 546 effugere
2536 484 2733 547 posse

796 559 1159 643 desperent,
1203 569 1340 619 tum
1382 549 1618 616 misere
1659 548 1921 614 attoniti
1949 556 2018 612 et
2052 547 2455 614 consternati
2500 549 2735 616 cohor-

799 654 1084 723 rescunt,
1148 650 1215 706 et
1269 639 1337 703 in
1396 637 1668 702 summis
1724 633 2044 718 angustiis
2100 634 2303 699 animi
2371 633 2454 699 de
2513 634 2733 700 salute

798 731 1164 815 desperant,
1207 723 1566 789 inferorum
1608 720 1931 787 cruciatus
1975 720 2268 797 horrent,
2315 718 2568 784 nullam
2618 720 2731 787 de-

798 820 994 902 nique
1054 810 1556 880 consolationem
1623 805 2009 872 admittunt:
2087 804 2271 871 nullo
2335 807 2732 890 insequente

799 899 1127 987 perpetuis
1239 896 1379 959 'tati
1417 890 1769 960 terroribus
1814 892 2092 976 fugiunt.
2151 891 2300 957 Non
2341 893 2436 957 ita
2478 892 2728 960 fideles.

797 990 985 1064 Nam,
1043 918 1488 1060 utiaffi'ximus,
1542 978 1692 1044 licet
1741 978 2034 1062 ipsorum
2076 978 2282 1044 vitam
2326 977 2473 1043 Deo
2518 980 2730 1045 fortu-

797 1081 995 1141 nante
1053 1079 1118 1135 et
1162 1067 1441 1151 benigne
1500 1086 1574 1130 ac
1619 1063 1870 1148 placide
1912 1085 2064 1130 cum
2111 1064 2273 1147 ipsis
2326 1075 2583 1149 agente,
2629 1074 2731 1130 ta·-

797 1181 948 1226 men
1001 1161 1317 1230 metuunt,
1374 1172 1448 1218 ac
1504 1151 1627 1216 sibi
1685 1150 1846 1235 ipsis
1898 1149 2202 1216 fraenum
2261 1151 2588 1232 iniiciunt,
2649 1173 2732 1217 ne

798 1244 1112 1312 adversus
1171 1239 1571 1307 maiestatem
1635 1236 1843 1320 ipsius
1898 1236 2258 1302 calcitrent.
2349 1235 2534 1317 Quin
2597 1237 2734 1302 imo

798 1333 941 1398 Deo
980 1329 1133 1394 licet
1220 1324 1384 1408 lagis
1426 1322 1600 1406 ipsos
1644 1321 1969 1388 afficiente
2013 1323 2256 1404 gratias
2299 1332 2529 1407 agunt,
2576 1323 2732 1388 sibi·

797 1436 923 1503 que
961 1415 1131 1482 vitae
1222 1410 1370 1476 uius
1396 1407 1836 1475 conditionem
1872 1409 1942 1473 in
1970 1410 2352 1474 memoriam
2399 1418 2734 1493 revocant,

796 1513 873 1571 ut
925 1520 1121 1585 quum
1187 1497 1405 1562 omnia
1468 1507 1746 1560 mortem
1811 1495 2164 1573 intentent,
2233 1502 2417 1560 tanto
2484 1497 2734 1561 maiore

797 1584 1231 1657 sollicitudine
1288 1581 1370 1647 ad
1418 1582 1637 1646 Deum
1682 1588 2050 1664 assurgant.
2141 1581 2234 1645 Et
2277 1590 2352 1645 ut
2395 1582 2596 1647 rebus
2639 1602 2736 1647 se-

796 1672 1023 1744 cundis
1082 1679 1148 1735 et
1206 1667 1533 1752 prosp'eris
1590 1666 1815 1732 fideles
1859 1688 1991 1732 non
2035 1665 2228 1731 modo
2276 1688 2412 1732 non
2458 1667 2735 1733 efferan-

792 1771 915 1836 tur,
971 1756 1084 1823 sed
1142 1755 1351 1839 magis
1406 1761 1721 1829 metuant,
1781 1761 1857 1817 ut
1915 1761 2100 1817 tanto
2159 1753 2405 1818 maiore
2462 1775 2626 1819 cura
2669 1761 2738 1820 et

787 1842 1223 1915 sollicitudine
1265 1839 1395 1905 Dei
1448 1838 1654 1905 cultui
1714 1859 1855 1904 sese
1914 1846 2087 1904 totos
2131 1838 2415 1903 tradant.
2500 1838 2736 1921 Neque

790 1952 944 2000 vero
1000 1925 1422 2013 cogitandum
1480 1924 1607 1990 hoc
1664 1924 1899 1990 timore
1957 1925 2103 1990 fieri
2146 1924 2592 1991 conditionem
2639 1923 2737 2008 ip-

790 2038 1012 2086 sorum
1080 2012 1503 2079 deteriorem:
1571 2031 1725 2075 nam
1805 2010 1927 2076 etsi
2000 2009 2199 2074 variis
2258 2011 2737 2078 afflictionibus

789 2112 856 2171 et
898 2098 1373 2169 calamitatibus
1431 2103 1812 2181 urgeantur,
1874 2115 2211 2179 nunquam
2270 2104 2492 2163 tamen
2539 2097 2735 2162 obru-

788 2199 1023 2256 untur:
1104 2187 1267 2269 quin
1333 2183 1548 2265 potius
1611 2182 1682 2247 in
1749 2180 1963 2247 medio
2028 2181 2480 2248 calamitatum
2549 2191 2735 2248 aestu

790 2281 1169 2344 recreantur
1211 2277 1279 2336 et
1338 2267 1804 2345 refocillantur,
1857 2268 1984 2333 Dei
2043 2267 2366 2333 auxilium
2422 2277 2736 2352 opportu-

792 2382 951 2429 num
1012 2358 1335 2442 patienter
1390 2353 1885 2438 praestolantes,
1951 2351 2035 2419 ad
2095 2352 2267 2436 quod
2322 2354 2393 2419 in
2458 2354 2737 2419 summis

791 2445 1113 2531 angustiis
1172 2452 1487 2524 tanquam
1531 2438 1614 2504 ad
1658 2439 1910 2523 asylum
1955 2439 2225 2505 unicum
2275 2439 2734 2524 confugerunt.

794 2534 903 2599 En
954 2543 1030 2597 ut
1099 2527 1326 2595 fideles
1381 2523 1649 2592 modum
1706 2526 1774 2590 in
1820 2526 2125 2591 omnibus
2174 2535 2461 2603 servant,
2526 2526 2738 2590 incre·

796 2617 969 2686 dulis
1010 2625 1238 2681 contra
1278 2614 1348 2678 in
1397 2611 1568 2678 hanc
1613 2610 1719 2677 vel
1760 2610 1944 2676 illam
1986 2618 2243 2694 partem
2279 2610 2737 2694 pendentibus,

795 2713 865 2774 et
905 2700 1328 2768 immoderate
1372 2719 1516 2763 sese
1581 2697 1978 2781 gerentibus,
2028 2706 2103 2763 ut
2167 2718 2510 2780 nunquam
2577 2718 2740 2763 vera

798 2786 1270 2873 tranquillitate
1313 2785 1631 2850 fruantur.

964 2875 1407 2939 Transeamus
1463 2868 1546 2935 ad
1604 2868 1807 2935 verba
1847 2868 1963 2934 illa
2019 2868 2260 2952 quibus
2300 2888 2369 2935 se
2412 2865 2600 2933 Deus
2645 2867 2736 2933 di-

795 2962 886 3029 cit
943 2959 1190 3042 fidelem
1242 2956 1617 3024 sacerdotem
1673 2954 1801 3020 sibi
1850 2954 2319 3033 suscitaturum,
2384 2954 2497 3036 qui
2554 2954 2740 3020 itata

792 3069 898 3116 cor
938 3065 1128 3113 suum
1168 3047 1223 3109 et
1279 3043 1564 3109 animam
1610 3061 1798 3106 suam
1847 3039 2080 3123 faciat,
2138 3041 2317 3121 eique
2372 3060 2440 3106 se
2481 3039 2737 3104 domum

791 3132 1033 3216 fidelem
1085 3128 1565 3211 aedificaturum
1580 3177 1596 3206 ,
1653 3131 1709 3191 ct
1762 3146 1972 3192 coram
2028 3123 2275 3191 Christo
2326 3145 2445 3191 suo
2497 3126 2740 3191 cunctis

791 3218 1011 3287 diebus
1072 3218 1282 3299 ipsum
1339 3213 1823 3278 ambulaturum.
1913 3211 1995 3276 In
2054 3209 2288 3295 primis
2346 3210 2455 3277 hic
2513 3210 2739 3276 obser-

798 3303 1108 3385 vandum,
1152 3320 1394 3367 vanam
1437 3298 1619 3363 illam
1665 3296 1819 3363 Heli
1863 3297 2351 3379 persuasionem
2397 3293 2478 3362 de
2522 3317 2739 3363 sacer·

796 3390 955 3457 dotii
1015 3386 1449 3472 perpetuitate
1508 3382 1671 3449 tolli.
1761 3382 1931 3447 Nam
1990 3381 2117 3448 sibi
2172 3389 2410 3466 sponte
2451 3402 2575 3448 sua
2621 3382 2739 3446 ho-

797 3477 1011 3542 mines
1074 3473 1441 3557 imponunt,
1510 3478 1577 3535 et
1635 3468 1893 3534 delitias
1958 3468 2224 3547 faciunt,
2289 3467 2361 3533 in
2420 3489 2497 3535 eo
2566 3466 2738 3551 quod

800 3561 1189 3646 dignitatem
1237 3557 1523 3641 aliquam
1579 3554 1936 3637 assequuti‚
2056 3564 2395 3636 erpetuam
2463 3552 2743 3619 eandem

800 3649 820 3713 i
980 3647 994 3661 ⁶
1049 3654 1267 3722 antur,
1320 3641 1509 3724 quasi
1557 3642 1773 3707 Deum
1831 3639 1955 3706 sibi
2043 3638 2377 3705 evinctum
2421 3637 2739 3704 habeant:

800 3668 974 3817 quod
1015 3729 1140 3797 etsi
1176 3727 1390 3794 verbis
1429 3747 1558 3793 non
1601 3726 2051 3809 profiteantur,
2097 3745 2168 3790 re
2190 3724 2335 3807 ipsa
2372 3734 2594 3789 tamen
2631 3723 2744 3789 de-

806 3825 1189 3884 monstrant.
1257 3815 1531 3880 Poterat
1569 3811 1775 3896 igitur
1816 3810 1976 3877 Heli
2018 3809 2337 3877 adversus
2380 3808 2742 3876 Dominum

805 3903 1127 3986 excipere,
1172 3899 1457 3965 debitam
1479 3897 1605 3964 sibi
1626 3898 1769 3962 iure
1811 3894 2280 3963 sacerdotalem
2326 3894 2743 3980 dignitatem,

803 4002 1002 4072 atque
1060 3986 1489 4052 mutationem
1555 3982 1846 4049 eiusdem
1902 3981 2071 4066 legis
2135 3980 2264 4047 Dei
2323 3981 2744 4047 violationem

804 4095 981 4141 esse:
1042 4092 1174 4137 non
1232 4090 1421 4154 posse
1474 4077 1657 4134 recta
1713 4068 1892 4133 linea
1948 4064 2388 4133 sacerdotium
2446 4066 2528 4132 ad
2582 4066 2747 4133 alios

848 4181 1000 4226 uam
1057 4157 1264 4241 ipsius
1329 4161 1640 4239 posteros,
1706 4153 1832 4219 nisi
1898 4161 2125 4219 contra
2178 4152 2452 4218 Domini
2510 4152 2745 4234 legem,

851 4244 1145 4311 evenire:
1207 4241 1333 4321 his,
1391 4241 1678 4322 inquam,
1738 4246 1854 4304 aut
1910 4237 2230 4304 similibus
2273 4235 2545 4304 vocibus
2588 4237 2745 4304 Heli

805 4330 1092 4397 Domino
1135 4345 1518 4410 responsare
1542 4345 1727 4407 posse
1771 4322 2133 4402 videbatur,
2176 4321 2427 4406 sibique
2450 4322 2745 4389 ordinem

807 4417 995 4481 illum
1049 4412 1252 4479 semel
1297 4431 1338 4476 a
1394 4409 1681 4475 Domino
1738 4408 2022 4493 praescri
2071 4418 2211 4474 tum
2270 4409 2619 4474 immotum
2682 4416 2748 4474 et

807 4499 1280 4567 immutabilem
1337 4496 1475 4561 fore
1533 4495 1943 4579 persuadere.
2100 4515 2287 4560 erum
2344 4493 2523 4559 enim
2567 4515 2746 4574 vere,

808 4586 992 4654 Deus
1027 4605 1228 4668 penes
1260 4601 1333 4648 se
1373 4587 1793 4664 protestatem
1849 4589 1916 4645 et
1973 4580 2386 4646 autoritatem
2428 4600 2574 4646 esse
2617 4587 2749 4646 tes-

815 4681 1016 4749 tatur,
1075 4665 1448 4736 sacerdotes
1504 4687 1588 4733 ex
1632 4665 1901 4732 arbitrio
1945 4686 2064 4732 suo
2107 4664 2583 4744 constituendi,
2661 4687 2746 4731 ex

807 4756 1092 4823 Aaronis
1155 4753 1405 4819 familia
1466 4752 1623 4818 licet
1686 4750 2014 4817 oriundos.
2102 4750 2330 4834 Neque
2390 4751 2565 4816 enim
2624 4749 2747 4818 sibi

811 4843 996 4908 Deus
1074 4862 1166 4906 un
1214 4860 1366 4904 uam
1443 4836 1855 4905 contradixit.
1969 4836 2118 4901 Etsi
2194 4836 2405 4902 fateor
2483 4833 2748 4902 tandem

813 4947 1006 4992 omne
1048 4925 1167 4991 illu
1255 4922 1465 5009 legale
1507 4921 1939 4990 sacerdotium
1963 4921 2046 4987 ab
2075 4921 2355 5004 ipsomet
2396 4918 2747 4988 abolitum:

813 5032 969 5076 nam
1025 5011 1107 5075 ad
1162 5021 1291 5076 tem
1340 5031 1417 5075 us
1466 5015 1726 5074 tantum
1781 5006 2151 5073 ordinatum
2200 5007 2431 5076 fuerat.
2520 5007 2750 5074 Valuit

812 5106 1032 5160 tamen
1086 5116 1285 5179 quam
1336 5097 1401 5162 ‘u
1461 5093 1758 5161 duravit:
1825 5093 2109 5160 Aaronis
2165 5092 2477 5159 familiam
2520 5113 2748 5178 perpe-

810 5191 997 5247 tuum
1051 5180 1152 5248 ius
1211 5180 1294 5246 ad
1353 5178 1791 5249 sacerdotium
1847 5177 2160 5246 retinere:
2218 5175 2332 5245 sed
2376 5198 2459 5245 ex
2517 5177 2747 5246 eadem

2471 274 2896 344 HOMILIA
2937 276 3100 342 XII.

4631 280 4734 348 368

2841 464 2926 533 ad
2986 484 3280 533 summos
3338 465 3756 548 pontificatus
3822 463 4108 531 honores
4172 464 4491 532 evehendi
4545 487 4736 551 quem-

2839 573 3100 636 cunque
3182 550 3484 617 libuisset
3553 557 3942 634 potestatem
4011 559 4080 617 et
4159 551 4551 617 autoritaten
4610 557 4738 620 reti·

2839 639 3003 704 nuit.
3092 636 3195 703 Ac
3252 658 3431 714 sane,
3491 638 3639 719 quis
3698 657 3784 701 ex
3833 637 4119 704 Aaronis
4175 638 4424 702 familia
4477 639 4740 705 sacerdos

2837 725 3100 789 futurus
3160 744 3292 788 non
3336 744 3377 788 a
3419 720 3563 787 Deo
3621 733 3876 789 creatus
3934 732 4051 801 est,
4113 733 4180 787 et
4223 724 4306 789 ad
4348 723 4518 789 hanc
4559 724 4739 809 digni-

2837 819 3040 875 tatem
3101 807 3467 873 formatus?
3559 808 3728 890 Quis
3787 808 3902 888 illi,
3969 830 4230 892 quaeso,
4291 810 4495 875 vitam
4551 809 4738 876 dedit?

2839 895 3149 979 Denique
3192 893 3349 959 hinc
3394 894 3720 961 discamus
3765 894 4014 960 nullam
4061 894 4224 960 adeo
4266 898 4522 961 firmam
4545 905 4607 961 et
4625 917 4739 979 per·

2839 990 3106 1065 petuam
3149 979 3556 1065 dignitatem,
3604 980 3826 1046 nullos
3869 979 4031 1046 adeo
4071 990 4286 1047 certos
4332 980 4622 1061 honores,
4660 983 4742 1049 ni·

2839 1067 2936 1133 bil
2959 1067 3120 1133 adeo
3158 1074 3376 1132 tutum
3400 1067 3481 1132 ab
3526 1068 3831 1133 omnibus
3874 1067 4199 1150 periculis,
4247 1069 4405 1152 quin
4450 1077 4744 1133 momento

2836 1155 3020 1219 Deus
3084 1152 3531 1219 securissimos
3599 1161 4057 1230 exauctorare,
4123 1162 4190 1218 et
4253 1154 4326 1218 in
4393 1153 4740 1220 vilissimam

2839 1240 3483 1321 abiectissimamque
3505 1237 3940 1304 conditionem
3966 1237 4262 1324 redigere
4285 1240 4512 1322 possit.
4554 1237 4744 1320 Quare

2838 1325 2960 1392 sub
3020 1325 3278 1390 alarum
3333 1324 3357 1388 i
3405 1324 3541 1390 sius
3599 1325 3872 1390 tutelam
3929 1326 4281 1408 confugere
4327 1325 4655 1402 discamus,
4694 1333 4746 1391 et

2841 1411 2922 1477 de
2981 1409 3170 1477 nobis
3230 1430 3335 1475 mo
3385 1417 3524 1475 este
3577 1411 3844 1491 sentire,
3901 1431 3986 1477 ne
4043 1430 4246 1495 supra
4301 1409 4567 1476 modum
4619 1411 4746 1476 effe-

2838 1517 3081 1562 ramur.
3169 1495 3403 1578 Neque
3467 1496 3665 1576 enim,
3729 1496 3786 1563 si
3853 1495 4071 1561 altiori
4137 1495 4277 1564 aeri
4341 1517 4461 1564 nos
4527 1496 4748 1561 tradere

2839 1583 3166 1661 volumus,
3210 1582 3354 1648 alae
3396 1580 3765 1648 sufficiunt:
3825 1581 3939 1647 sed
3985 1580 4187 1648 altius
4247 1582 4505 1648 alarum
4545 1581 4749 1648 fiducia

2840 1670 3040 1735 fretos
3081 1668 3306 1735 volare
3351 1667 3705 1750 cupientes,
3749 1666 4122 1734 horrendus
4165 1667 4391 1750 lapsus
4411 1677 4481 1734 et
4522 1667 4750 1751 quidem

2840 1754 3133 1820 mortalis
3177 1761 3420 1819 manet.
3509 1752 3642 1819 Sed
3688 1754 3744 1819 si
3788 1763 4016 1819 contra
4056 1753 4420 1838 gratiarum
4456 1754 4584 1820 Dei
4621 1774 4748 1820 con-

2843 1841 3275 1905 tinuationem
3332 1839 3740 1922 supplicibus
3805 1839 3978 1906 votis
4030 1851 4506 1923 exspectemus,
4550 1841 4656 1906 fiet
4691 1849 4748 1904 ut

2839 1927 2910 1991 in
2955 1926 3094 1991 dies
3138 1934 3206 1990 et
3248 1925 3319 1990 in
3365 1945 3572 1990 annos
3627 1924 4075 2008 persistamus,
4140 1925 4311 1990 nihil
4357 1936 4573 1991 tamen
4614 1926 4747 1991 certi

2841 2012 3030 2079 nobis
3076 2014 3156 2077 de
3213 2010 3399 2077 nobis
3443 2009 3842 2094 pollicentes,
3896 2009 4010 2077 sed
4055 2010 4137 2076 ab
4181 2012 4381 2078 unius
4424 2012 4553 2077 Dei
4596 2010 4749 2077 boni·

2841 2106 2978 2163 tate
3022 2107 3089 2162 et
3132 2095 3585 2162 benevolentia
3628 2098 3749 2163 toti
3808 2096 4186 2181 pendentes,
4244 2118 4414 2181 quae
4458 2099 4526 2163 in
4569 2099 4749 2183 ipsam

2840 2182 3295 2250 recumbentes
3337 2202 3675 2265 nunquam
3718 2192 3819 2248 est
3862 2183 4232 2267 deceptura.

3013 2266 3209 2349 Quod
3286 2288 3481 2351 porro
3545 2266 3706 2334 dicit
3770 2269 4103 2334 Dominus
4164 2289 4236 2335 se
4307 2269 4750 2336 suscitaturum

2841 2353 3099 2420 fidelem
3153 2352 3579 2433 sacerdotem,
3639 2353 3904 2421 videtur
3961 2352 4206 2438 aliquid
4247 2353 4651 2421 difficultatis
4693 2355 4750 2418 in

2842 2460 2915 2506 se
2956 2439 3313 2520 continere,
3355 2460 3561 2523 quum
3585 2439 3653 2506 id
3681 2461 3721 2505 a
3744 2439 4096 2506 Salomone
4131 2440 4377 2506 factum
4423 2441 4749 2507 videamus.

2845 2523 2979 2593 Sed
3038 2524 3393 2591 tenendum
3454 2532 3573 2604 est,
3629 2526 3849 2591 Deum
3907 2526 4103 2593 rebus
4159 2526 4471 2593 omnibus
4528 2525 4751 2603 creatis,

2844 2621 2913 2678 et
2967 2631 3193 2678 earum
3238 2611 3532 2678 omnium
3574 2632 3772 2695 opera
3814 2611 3909 2678 sic
3954 2611 4073 2691 uti,
4118 2620 4193 2676 ut
4236 2611 4585 2678 bominum
4624 2632 4751 2678 con-

2844 2698 3008 2764 siliis
3042 2696 3127 2764 ad
3170 2697 3530 2764 faciendam
3576 2697 3852 2765 decretis
3896 2697 4034 2763 suis
4077 2697 4255 2764 viam
4296 2703 4367 2763 et
4409 2698 4494 2764 ad
4536 2699 4752 2763 exitum

2844 2783 2958 2848 illa
3002 2781 3434 2866 perducenda.
3496 2781 3690 2865 Quod
3734 2791 3802 2849 et
3842 2784 4056 2868 ipsum
4101 2783 4169 2847 in
4215 2782 4497 2849 historia
4537 2783 4660 2860 illa,
4697 2783 4752 2846 in

2843 2890 2973 2953 qua
2993 2868 3321 2934 Abiathar
3362 2878 3824 2936 exauctoratus
3865 2870 3926 2935 le
3977 2870 4124 2949 'tur,
4170 2877 4240 2934 et
4280 2870 4352 2934 in
4397 2870 4541 2935 eius
4574 2871 4754 2935 locum

2844 2954 3060 3022 Sadoc
3115 2954 3448 3034 suffectus,
3508 2956 3893 3021 nominatim
4006 2958 4068 3021 ei
4123 2955 4400 3036 spiritus
4442 2963 4751 3021 memorat.

2842 3041 3013 3108 Nam
3073 3039 3198 3105 etsi
3255 3038 3565 3106 Solomon
3623 3040 4061 3107 Abiatharum
4127 3041 4339 3106 officio
4400 3037 4754 3108 sacerdotali

2845 3126 3097 3210 depulit
3139 3125 3529 3192 necessitate
3563 3126 3906 3209 impulsus,
3949 3139 4113 3210 puta
4156 3126 4366 3209 ipsius
4403 3123 4756 3193 Abiatharis

2843 3210 3137 3298 perfidia,
3182 3233 3379 3295 quam
3423 3212 3478 3277 I.
3502 3212 3668 3295 Reg.
3713 3212 3775 3292 2,
3797 3213 3883 3279 26
3919 3212 4217 3297 pluribus
4259 3212 4329 3278 in
4377 3212 4542 3279 haec
4581 3211 4757 3278 verba

2844 3298 3292 3382 persequitur:
3338 3298 3435 3363 Es
3478 3297 3760 3381 quidem,
3803 3298 4037 3381 inquit,
4084 3297 4186 3363 vir
4208 3300 4476 3365 mortis:
4522 3297 4630 3364 sed
4660 3295 4756 3361 ho·

2846 3382 2952 3449 die
2996 3390 3061 3449 te
3107 3404 3237 3449 non
3276 3383 3686 3464 interficiam,
3733 3384 3884 3468 quia
3931 3383 4206 3467 portasti
4248 3405 4473 3450 arcam
4517 3381 4757 3449 Domini

2846 3468 2976 3534 Dei
3016 3489 3239 3536 coram
3272 3468 3489 3536 David
3535 3479 3722 3552 patre
3765 3491 3928 3548 meo,
3973 3479 4038 3534 et
4080 3468 4458 3536 sustinuisti
4502 3470 4756 3536 laborem

2844 3555 2918 3620 in
2960 3554 3279 3635 omnibus,
3323 3555 3394 3621 in
3438 3556 3679 3638 quibus
3719 3554 4047 3622 laboravit
4088 3563 4276 3639 pater
4318 3577 4540 3623 meus:
4586 3566 4650 3620 tu
4687 3551 4756 3618 ad

2843 3661 3074 3725 agrum
3133 3647 3324 3706 tuum
3369 3640 3493 3722 abi,
3549 3661 3685 3706 non
3731 3641 3909 3707 enim
3953 3639 4233 3724 amplius
4274 3640 4578 3708 sacerdos
4616 3639 4753 3706 eris:

2845 3747 2921 3793 ac
2965 3725 3293 3792 Sadocum
3343 3728 3409 3793 in
3472 3726 3854 3793 Abiatharis
3909 3726 4128 3793 locum
4182 3727 4491 3811 deinceps
4548 3722 4753 3794 substi-

2846 3813 3006 3878 tuit:
3072 3833 3238 3895 quae
3302 3811 3564 3896 quidem
3629 3814 3843 3896 prima
3902 3814 4122 3879 fronte
4189 3812 4271 3879 ab
4325 3812 4454 3882 hac
4509 3809 4749 3878 Domini

2847 3898 3349 3965 comminatione
3410 3898 3616 3966 videri
3675 3907 3953 3981 possunt
4011 3898 4437 3964 alienissima:
4507 3914 4757 3980 namque

2849 3983 3172 4050 Abiathar
3229 4004 3502 4051 suorum
3557 3983 3919 4051 facinorum
3982 4005 4222 4066 poenas
4280 3984 4425 4066 luit,
4483 4005 4642 4069 quae
4689 3978 4756 4046 sd

2847 4068 3086 4136 liberos
3160 4068 3366 4152 ipsius
3431 4090 3565 4136 non
3630 4069 4043 4152 spectabant3
4112 4092 4189 4137 ac
4254 4069 4528 4154 proinde
4591 4066 4756 4134 huius

2848 4155 3226 4239 prophetiae
3290 4154 3372 4219 de
3435 4176 3565 4239 qua
3624 4155 3730 4222 hic
3789 4155 4045 4238 agimus
4105 4176 4237 4222 non
4295 4156 4498 4223 fuisse
4556 4152 4757 4237 imple·

2851 4241 3096 4306 tionem
3153 4239 3413 4319 factam,
3480 4240 3644 4307 illud
3703 4239 4059 4308 Solominis
4118 4251 4339 4308 tamen
4398 4238 4754 4308 nominatim

2847 4326 2919 4391 in
2980 4325 3290 4391 historiae
3354 4325 3534 4394 illius
3591 4326 3734 4393 loco
3790 4326 4117 4394 Dominus
4173 4327 4505 4394 adiectum
4561 4324 4757 4399 voluit,

2849 4412 3128 4478 eiectum
3172 4429 3214 4476 a
3257 4410 3607 4478 Solomone
3641 4411 4065 4479 Abiatharem
4103 4423 4183 4478 ut
4224 4414 4607 4499 impleretur
4642 4429 4755 4476 ser-

2850 4518 2956 4563 mo
3000 4497 3290 4573 Domini,
3348 4519 3539 4581 quem
3584 4498 3891 4582 loquutus
3934 4507 4035 4566 est
4075 4520 4277 4583 snper
4320 4499 4585 4566 domum
4623 4492 4756 4563 Heli

2848 4583 2918 4648 in
2978 4581 3139 4649 Silo.
3228 4581 3485 4663 Quibus
3552 4584 3771 4650 verbis
3835 4584 4006 4651 oculi
4071 4586 4259 4651 nobis
4325 4586 4641 4669 patefiunt
4689 4575 4756 4644 ad

2849 4667 3120 4734 Domini
3199 4668 3681 4753 providentiam
3747 4671 4014 4754 propius
4092 4670 4504 4738 intuendam:
4584 4684 4756 4752 quum

2849 4753 3241 4820 nominatim
3286 4754 3524 4820 dicitur
3565 4754 3890 4822 Abiathar
3909 4757 4211 4839 graviore
4244 4756 4582 4840 supplicio,
4621 4759 4758 4835 pum

2850 4849 3078 4923 morte,
3121 4839 3324 4907 fuisse
3365 4839 3626 4926 dignus,
3670 4851 3737 4906 et
3760 4849 3975 4907 tamen
4022 4841 4453 4908 nihilominus
4498 4836 4756 4907 effecisse

2849 4923 3230 5004 Dominum,
3281 4934 3356 4993 ut
3399 4925 3773 5010 prophetiae
3816 4927 3990 4994 illius
4033 4928 4191 4993 olim
4234 4929 4394 4995 Heli
4437 4923 4755 5018 denuncia-

2850 5017 2955 5078 tae
2999 5009 3351 5089 decretum,
3397 5033 3589 5078 suum
3634 5013 3934 5079 effectum
3982 5015 4351 5080 sortiretur.
4438 5014 4638 5080 Porro
4676 5007 4755 5071 dl·

2854 5095 3006 5164 vina
3062 5097 3177 5162 illa
3246 5097 3654 5183 providentia
3712 5098 4101 5183 plerumque
4164 5120 4287 5168 nos
4350 5100 4528 5166 latet.
4611 5094 4756 5161 Nam

2852 5201 3047 5266 saepe
3092 5182 3279 5252 Deus
3337 5183 3694 5269 quemlibet
3748 5185 3830 5252 ob
3888 5185 4212 5271 flagitium
4261 5184 4518 5271 aliquod
4559 5174 4755 5265 flagel-
