5059 6059
863 305 995 370 223

863 493 1129 580 stipites
1173 503 1515 558 staremus.
1588 490 1719 557 Sed
1756 512 1955 574 quum
2003 499 2299 556 extrema
2331 488 2571 573 quibus
2616 511 2811 575 urge·

865 603 1016 648 mur
1062 579 1350 663 pericula
1394 578 1701 643 novimus
1747 583 1815 642 et
1858 577 2202 655 sentimus,
2253 586 2320 641 et
2364 576 2495 641 illis
2540 576 2810 641 excitati

869 668 952 734 ad
997 667 1212 732 Deum
1258 664 1691 750 confugimus,
1737 671 1878 728 tum
1925 662 2086 728 satis
2130 663 2418 745 amplam
2462 661 2810 726 materiam

870 753 1186 819 habemus
1231 749 1708 832 consolationis,
1754 768 1881 830 qua
1915 749 2168 815 cunctis
2203 747 2675 814 tentationibus
2710 768 2812 812 re-

866 841 1195 906 sistamus.
1285 837 1634 904 Caeterum
1681 837 1736 902 si
1780 835 1908 899 Dei
1952 835 2310 900 bonitatem
2353 835 2423 898 in
2467 842 2654 916 parte
2697 833 2809 898 ali-

866 946 998 1009 qua
1042 945 1269 990 sumus
1322 924 1595 1004 experti,
1655 932 1721 986 et
1775 921 1848 984 in
1893 918 2023 985 alia
2065 941 2405 1003 speremus
2447 940 2579 983 non
2627 918 2806 984 defu·

867 1023 1123 1076 turam:
1168 1032 1244 1076 ac
1288 1009 1583 1094 persuasi
1621 1008 1831 1074 simus
1854 1004 2072 1072 Deum
2109 1006 2220 1088 qui
2256 1027 2339 1070 ex
2375 1004 2488 1070 illo
2519 1004 2811 1089 periculo

870 1117 991 1163 nos
1036 1097 1282 1181 eripuit
1334 1118 1416 1161 ex
1474 1097 1600 1161 hoc
1653 1093 1853 1159 etiam
1913 1100 2309 1174 erepturum.
2399 1090 2572 1155 Nam
2629 1111 2809 1156 sum·

868 1204 1056 1247 mum
1099 1182 1443 1266 imperium
1480 1181 1664 1245 Deus
1698 1178 1949 1244 obtinet
1993 1181 2062 1242 in
2098 1198 2325 1243 omnes
2368 1198 2478 1242 res
2522 1186 2808 1242 creatas:

868 1290 945 1334 ac
1002 1270 1278 1352 proinde
1336 1277 1725 1350 potestatem
1783 1263 1970 1330 nobis
2015 1262 2337 1329 adversus
2380 1282 2809 1346 quaecunque

869 1366 1121 1420 metum
1163 1353 1509 1420 intulerint
1554 1351 1874 1418 auxilium
1922 1349 2209 1415 ferendi:
2256 1369 2455 1432 quam
2500 1351 2644 1413 sine
2688 1348 2806 1413 du-

873 1441 982 1507 bio
1026 1462 1065 1506 a
1108 1440 1294 1506 nobis
1337 1439 1677 1505 invocatus
1735 1444 2025 1501 exseret:
2083 1434 2272 1500 modo
2317 1447 2390 1500 ut
2449 1444 2700 1517 patrem
2745 1443 2812 1499 et

870 1538 1275 1592 servatorem
1323 1526 1536 1608 ipsum
1581 1541 2015 1607 agnoscamus
2059 1531 2125 1586 et
2167 1540 2545 1605 precemur:
2600 1541 2807 1604 quan-

870 1612 1214 1696 doquidem
1271 1610 1709 1677 certissimum
1767 1618 1867 1673 est
1923 1608 2138 1690 ipsum
2194 1627 2461 1671 suorum
2522 1606 2808 1671 filiorum

870 1700 1221 1764 utilitatem
1270 1707 1529 1761 tantum
1573 1704 1640 1761 et
1683 1694 2091 1759 commodum
2138 1713 2469 1775 quaerere.
2560 1691 2805 1773 Quam·

868 1786 1094 1851 obrem
1138 1784 1289 1850 licet
1313 1782 1440 1848 Dei
1484 1781 1817 1865 egregiam
1862 1798 2018 1861 erga
2061 1798 2181 1844 nos
2225 1777 2630 1843 voluntatem
2673 1798 2809 1842 non

869 1872 1079 1937 simus
1125 1869 1378 1953 experti
1423 1867 1727 1933 omnibus
1770 1865 1998 1943 modis,
2044 1864 2326 1930 sufficiat
2370 1865 2559 1930 nobis
2601 1873 2810 1929 certo-

866 1977 993 2040 que
1038 1956 1331 2038 persuasi
1376 1954 1599 2028 simus,
1660 1972 1776 2017 nos
1820 1951 1878 2015 si
1919 1971 1959 2014 a
2001 1949 2250 2015 dextris
2304 1950 2444 2015 eius
2488 1949 2809 2015 auxilium

864 2042 1210 2120 sensimus,
1255 2039 1454 2105 etiam
1500 2062 1541 2105 a
1583 2037 1867 2104 sinistris
1917 2056 2243 2115 sensuros,
2287 2045 2356 2100 et
2390 2056 2472 2101 ex
2508 2036 2811 2101 omnibus

863 2127 1173 2214 periculis
1220 2137 1354 2191 tam
1402 2126 1680 2190 terrenis
1723 2143 1920 2207 quam
1962 2123 2170 2188 aereis
2216 2130 2511 2202 ereptum
2557 2121 2662 2186 iri.

1041 2212 1357 2296 Sequitur
1399 2211 1734 2292 deinceps:
1792 2207 1882 2273 Et
1919 2209 2130 2274 induit
2174 2206 2335 2273 Saul
2366 2207 2587 2274 David
2627 2206 2811 2273 vesti·

868 2301 1093 2367 mentis
1135 2299 1295 2377 sui-3,
1353 2302 1409 2362 et
1462 2297 1763 2379 imposuit
1799 2294 2047 2378 qaleam
2100 2313 2349 2359 aeream
2404 2314 2596 2375 super
2628 2296 2815 2374 caput

870 2388 1028 2462 eius,
1087 2391 1145 2450 et
1199 2384 1439 2450 vestivit
1497 2403 1638 2448 eum
1691 2381 1908 2446 lorica.
2006 2379 2338 2445 Accinetus
2391 2400 2536 2462 erqo
2592 2379 2813 2445 David

865 2472 1086 2556 qladio
1132 2470 1271 2537 eius
1325 2489 1517 2549 super
1556 2473 1781 2533 vestem
1820 2486 2024 2543 suam,
2083 2467 2273 2547 coepit
2328 2471 2564 2531 tentare
2606 2466 2668 2530 si
2704 2485 2812 2530 ar-

872 2561 1082 2622 matus
1107 2560 1319 2638 posset
1345 2555 1645 2620 incedere:
1678 2573 1808 2617 non
1825 2554 1990 2617 enim
2009 2551 2267 2618 habebat
2285 2552 2816 2617 wnsuetudinem:

871 2643 1154 2722 dixitque
1206 2641 1428 2707 David
1484 2640 1570 2704 ad
1614 2638 1806 2704 Saul:
1862 2637 2009 2702 Non
2050 2658 2317 2720 possum
2378 2638 2472 2704 sie
2519 2637 2813 2715 incedere,

872 2728 1033 2812 quia
1073 2747 1263 2793 usum
1305 2746 1428 2791 non
1468 2724 1668 2801 babeo,
1712 2729 1768 2790 et
1808 2724 2097 2803 deposuit
2136 2743 2230 2789 ea.
2320 2723 2408 2787 Et
2449 2720 2592 2788 tulit
2627 2723 2814 2788 bacu-

870 2815 1006 2882 lum
1046 2834 1234 2879 suum
1278 2833 1459 2895 quem
1501 2830 1741 2892 semper
1782 2808 2043 2876 habebat
2077 2809 2145 2873 in
2186 2808 2494 2887 manibus,
2537 2814 2597 2874 et
2636 2808 2815 2890 eleyit

868 2899 994 2966 sibi
1035 2900 1308 2981 quinque
1351 2897 1831 2979 limpidissimos
1872 2895 2118 2977 lapides
2161 2896 2236 2959 de
2269 2899 2560 2960 torrente:
2603 2900 2661 2959 et
2701 2894 2816 2958 mi·

870 2987 955 3052 sit
998 3005 1105 3050 eos
1161 2986 1231 3050 in
1275 3004 1505 3066 peram
1549 2983 1935 3066 pastoralem
1977 3001 2169 3063 quam
2211 2980 2467 3045 habebat
2508 2999 2715 3045 secum
2760 2983 2817 3044 et

866 3072 1137 3157 fundam
1175 3091 1369 3135 manu
1403 3069 1578 3134 tulit:
1622 3073 1680 3134 et
1712 3069 2016 3148 processit
2049 3067 2351 3133 adversus
2374 3065 2813 3131 Philistaeum.

872 3158 1003 3224 Hic
1048 3158 1116 3222 in
1160 3155 1390 3239 primis
1433 3155 1786 3237 quaeritur,
1834 3152 2159 3236 quomodo
2207 3151 2425 3218 Saulis
2468 3171 2654 3216 arma
2677 3152 2814 3217 Da-

872 3243 1012 3310 vidi
1074 3254 1296 3326 aptata
1362 3242 1527 3318 sint,
1594 3238 2115 3323 quandoquidem
2174 3235 2337 3304 Saul
2403 3248 2580 3317 erat,
2646 3237 2816 3303 sicut

868 3331 1068 3395 huius
1114 3327 1429 3393 historiae
1474 3327 1663 3390 initio
1711 3326 1958 3391 dictum
2004 3335 2122 3401 est,
2168 3325 2455 3407 ingentis
2490 3333 2814 3389 staturae:

870 3413 1097 3481 David
1143 3426 1367 3479 autem
1412 3412 1627 3478 adhue
1670 3410 1931 3476 iuvenis
1975 3411 2171 3495 longe
2232 3410 2524 3475 minoris.
2614 3409 2816 3475 Nulla

872 3503 1097 3583 itaque
1140 3499 1604 3565 convenientia
1638 3498 1915 3562 duorum
1954 3497 2227 3561 istorum
2263 3516 2631 3577 corporum.
2680 3493 2814 3560 Sed

872 3587 1029 3670 quid
1073 3585 1344 3669 impedit
1387 3584 1731 3668 quominus
1776 3603 1959 3648 arma
1994 3592 2359 3664 temporum
2395 3581 2660 3645 illorum
2704 3603 2813 3645 ru-

871 3671 980 3737 dia
1015 3681 1083 3736 et
1117 3671 1435 3737 crassiora.
1470 3670 1823 3735 convenire
1857 3669 2190 3751 potuerint
2213 3667 2488 3732 minoris
2524 3676 2815 3731 staturae

870 3755 1134 3842 quidem
1182 3756 1456 3834 homini,
1517 3755 1629 3822 sed
1691 3765 1913 3820 tamen
1958 3775 2088 3819 non
2134 3754 2355 3817 minus
2399 3753 2556 3818 forti
2601 3761 2666 3817 et
2709 3774 2814 3816 ro-

869 3841 1107 3909 busto?
1157 3842 1374 3907 David
1411 3843 1627 3924 itaque
1665 3841 1822 3907 licet
1860 3847 2114 3905 statura
2149 3838 2367 3903 minor
2388 3838 2609 3917 Saule,
2645 3838 2815 3903 ferre

873 3939 1092 3992 tamen
1153 3928 1293 3992 eius
1350 3928 1601 4010 galeam
1660 3935 1727 3992 et
1769 3926 2084 4008 reliquam
2132 3934 2534 3990 armaturam
2578 3924 2812 4007 potuit.

879 4013 1324 4080 Nihilominus
1368 4027 1586 4076 tamen
1620 4011 1840 4077 David
1881 4031 2143 4075 omnem
2188 4010 2370 4075 illam
2415 4020 2816 4076 armaturam

877 4113 1194 4182 tanquam
1231 4098 1549 4179 inutilem,
1586 4109 1653 4162 et
1687 4117 1853 4180 quae
1888 4096 2355 4181 impedimento
2392 4097 2606 4179 potius
2628 4105 2815 4173 esset,

878 4186 1144 4251 abiecit:
1198 4192 1266 4249 et
1309 4193 1620 4266 tanquam
1665 4184 1946 4248 rusticus
1992 4203 2141 4247 cum
2197 4181 2444 4262 baculo,
2501 4180 2705 4247 sunda
2748 4191 2817 4246 et

874 4272 1200 4356 lapidibus
1258 4269 1574 4335 adversus
1646 4269 1996 4334 immanem
2052 4268 2239 4333 illum
2283 4268 2620 4352 gigantem
2666 4287 2812 4351 pro-

875 4379 1137 4443 gressus
1183 4369 1302 4421 est.
1394 4357 1571 4421 Sane
1617 4377 1745 4420 non
1791 4365 1890 4420 est
1932 4355 2197 4420 dubium
2245 4354 2404 4436 quin
2451 4354 2580 4419 Dei
2622 4352 2814 4435 spiri-

875 4459 982 4510 tus
1047 4442 1229 4508 illum
1297 4442 1654 4526 impulerit,
1720 4449 1786 4505 et
1850 4441 2155 4506 omnibus
2212 4440 2345 4505 illis
2404 4440 2605 4504 armis
2663 4438 2815 4504 exui

876 4530 1176 4606 voluerit,
1238 4550 1319 4593 ne
1375 4527 1651 4592 victoria
1695 4525 2063 4591 fortitudini
2104 4526 2447 4591 hominum
2495 4525 2816 4590 tribuere-

875 4628 1002 4692 tur,
1048 4615 1161 4681 sed
1208 4616 1403 4680 unius
1449 4614 1573 4678 Dei
1633 4633 1798 4696 opus
1854 4624 2335 4695 agnosceretur,
2390 4610 2814 4694 quemadmo-

874 4702 1030 4766 dum
1099 4701 1394 4783 pluribus
1452 4700 1627 4764 infra
1685 4698 1919 4764 dicturi
1980 4719 2226 4764 sumus.
2314 4697 2536 4761 David
2594 4698 2814 4779 itaque

876 4787 1099 4853 Saulis
1145 4788 1345 4851 armis
1389 4784 1677 4861 abiectis,
1723 4784 1949 4850 baculo
1986 4806 2103 4849 suo
2139 4783 2471 4867 pastorali,
2510 4782 2713 4848 funda
2749 4791 2817 4847 et

875 4873 1203 4956 lapidibus
1245 4881 1596 4939 contentus
1653 4872 1722 4935 in
1782 4881 2111 4936 certamen
2160 4869 2595 4952 progreditur.
2684 4868 2814 4934 Hic

874 4980 1034 5024 vero
1090 4960 1146 5024 si
1205 4958 1350 5041 quis
1406 4958 1747 5041 allegorias
1806 4957 2219 5039 quaesiverit,
2277 4969 2345 5021 et
2408 4956 2814 5021 subtiliorem

876 5046 1362 5126 expositionem,
1422 5054 1584 5127 puta
1625 5044 1915 5126 quinque
1959 5043 2103 5107 illos
2148 5041 2402 5125 lapillos
2445 5042 2815 5123 significare

876 5131 1162 5213 quinque
1221 5130 1420 5196 libros
1466 5128 1689 5207 Mosis,
1747 5129 1812 5193 id
1872 5137 1974 5194 est
2032 5128 2264 5212 legem.
2350 5129 2444 5192 Et
2485 5125 2815 5192 Davidem

875 5214 1016 5282 sola
1078 5216 1206 5281 fide
1269 5216 1470 5282 fuisse
1535 5224 1882 5281 armatum.
1973 5215 2064 5280 Et
2128 5214 2370 5297 positos
2430 5213 2688 5296 lapillos
2746 5212 2814 5277 in

2913 511 3090 574 pera,
3126 492 3498 575 significare
3534 493 3998 559 conscientiam
4036 500 4345 575 tanquam
4381 493 4523 559 fidei
4543 494 4747 564 thecam:

2913 576 3187 642 ridicule
3246 579 3490 658 fecerit,
3558 589 3627 644 et
3685 578 3765 644 de
3823 599 4044 645 sacrae
4102 581 4459 662 scripturae
4498 583 4753 651 autoritate

2914 663 3298 728 tantundem
3344 662 3724 731 detraxerit.
3814 666 4044 748 Neque
4102 667 4276 730 enim
4336 665 4428 731 ita
4480 667 4751 735 ludendum

2914 758 3015 813 est
3068 750 3135 813 iu
3197 751 3419 827 sacris,
3480 771 3646 833 quae
3706 771 3854 816 cum
3915 750 4332 833 simplicitate
4374 765 4440 817 et
4480 756 4757 820 reverentia

2915 843 3073 899 sunt
3114 833 3524 919 explicanda.
3612 837 3791 903 Sane
3851 839 3960 919 qui
4020 837 4311 903 delicatis
4370 850 4517 902 sunt
4564 841 4757 906 auribus

2912 920 3281 985 istiusmodi
3339 923 3859 1004 expositionibus
3913 921 4343 1001 delectantur,
4409 943 4556 1006 quas
4604 937 4759 991 tamen

2915 1014 3229 1091 tanquam
3292 1007 3467 1072 luem
3536 1008 3841 1075 infestam
3908 1010 4133 1093 fugere
4201 1008 4519 1075 debemus.
4607 1010 4763 1091 Qum

2913 1092 3022 1159 hic
3088 1092 3271 1157 nobis
3336 1093 3620 1159 sufficiat
3685 1095 3951 1172 discere,
4021 1096 4235 1160 Deum
4302 1116 4582 1161 servasse
4630 1118 4763 1162 suum

2913 1177 3231 1262 populum
3276 1179 3416 1244 sine
3459 1200 3652 1262 opere
3696 1180 4004 1260 humano,
4065 1191 4142 1246 ut
4184 1191 4358 1246 esset
4400 1182 4589 1264 ipsius
4624 1183 4768 1266 glorii

2914 1265 3110 1347 longe
3153 1263 3484 1342 celebrior,
3542 1273 3610 1330 et
3652 1265 4028 1333 hominibus
4070 1267 4285 1332 omnis
4331 1269 4571 1333 occasio
4608 1290 4766 1350 super·

2913 1350 3131 1416 biendi
3170 1371 3449 1433 suasque
3494 1350 3720 1417 laudes
3765 1351 4180 1435 praedicandi
4242 1352 4599 1418 tolleretur:
4653 1354 4770 1437 quod

2913 1436 3219 1518 deinceps
3277 1436 3491 1519 ipsum
3549 1436 3875 1503 Davidem
3945 1438 4428 1522 praedicantem
4492 1439 4769 1505 audiemus.

2913 1522 3056 1587 Etsi
3105 1542 3260 1586 vero
3297 1542 3769 1604 nonnunquam
3795 1524 3977 1590 Deus
4012 1524 4279 1590 adhibet
4321 1537 4589 1591 externa
4620 1524 4775 1590 medii

2914 1608 3148 1691 quibus
3206 1609 3274 1671 in
3333 1608 3642 1691 periculis
3701 1610 4106 1691 adiuvemur,
4176 1621 4396 1676 tamen
4455 1612 4533 1675 ad
4574 1633 4666 1676 eas
4697 1632 4774 1674 au·

2915 1693 3167 1777 gustias
3211 1692 3467 1777 redigit,
3512 1705 3588 1759 ut
3630 1696 3935 1763 omnibus
3978 1697 4272 1763 destituti
4318 1696 4613 1762 humanis
4646 1697 4775 1760 auxi·

2913 1780 3019 1844 liis
3080 1780 3275 1843 morti
3331 1781 3611 1863 proximi
3668 1782 4031 1868 videamur,
4090 1792 4156 1849 ot
4212 1782 4365 1850 licet
4422 1781 4776 1864 undequaque

2914 1865 3514 1947 circumspiciamus
3543 1866 3794 1932 nullum
3832 1878 4048 1934 tamen
4095 1881 4407 1953 appareat
4452 1870 4532 1934 ab
4573 1867 4775 1932 homini·

2914 1951 3036 2017 bus
3079 1950 3422 2015 auxilium.
3511 1949 3687 2032 Quid
3741 1954 3836 2018 ita
3896 1974 4049 2020 vero
4095 1954 4278 2022 Deus
4321 1976 4480 2022 suos
4523 1955 4589 2018 in
4630 1967 4782 2017 tantas

2914 2037 3254 2120 angustias
3297 2036 3605 2102 coniicit?
3650 2037 3904 2122 Nempe
3948 2050 4025 2104 ut
4060 2041 4324 2107 firmum
4364 2040 4536 2105 istud
4571 2040 4782 2104 retinen·

2915 2131 3023 2188 tur
3065 2120 3590 2206 fundamentum,
3631 2124 3935 2190 ecclesiae
3972 2127 4253 2193 salutem
4287 2148 4327 2191 a
4350 2127 4611 2192 Domini
4641 2145 4787 2189 mauu

2915 2208 3055 2275 sola
3098 2208 3433 2291 proficisci,
3468 2230 3662 2293 quam
3701 2210 3887 2275 miris
3925 2212 4133 2278 modis
4167 2224 4235 2279 et
4269 2212 4662 2278 miraculosis
4688 2209 4786 2273 vult
4892 2229 4893 2244 l

2915 2314 3324 2362 conservare.
3414 2292 3592 2361 Sane
3631 2317 3824 2361 nemo
3883 2310 4083 2382 negat
4123 2300 4455 2365 obsessam
4500 2299 4791 2373 civitatem,

2917 2390 2983 2447 et
3026 2400 3156 2446 non
3202 2389 3460 2463 captam
3507 2380 3588 2445 ab
3627 2380 3948 2464 hostibus,
4007 2383 4230 2451 divino
4276 2386 4590 2451 beneficio
4629 2402 4789 2464 accep-

2918 2475 3054 2532 tam
3122 2466 3575 2532 liberationem
3641 2469 3869 2534 referri
3937 2483 4256 2552 oportere.
4370 2471 4465 2535 Et
4543 2471 4790 2536 victorem

2917 2552 3302 2637 principem,
3362 2572 3438 2617 ac
3484 2552 3563 2618 de
3607 2555 3744 2619 suis
3791 2556 4085 2622 hostibus
4130 2556 4660 2640 triumphantem,
4696 2553 4793 2616 Deo

2916 2639 3259 2703 victoriam
3321 2636 3575 2718 debere,
3643 2640 3796 2705 licet
3854 2642 4135 2706 militum
4195 2644 4469 2727 egregia
4526 2641 4710 2706 virtus
4752 2647 4795 2701 et

2917 2724 3231 2789 fortitudo
3276 2723 3494 2806 fuerit,
3537 2735 3787 2791 certum
3834 2736 3951 2792 est.
4045 2726 4176 2794 Sed
4221 2740 4295 2793 ut
4338 2730 4513 2795 solet
4538 2728 4697 2792 Deus
4731 2745 4798 2788 res

2917 2810 3078 2876 istas
3123 2820 3415 2875 terrenas
3458 2808 3934 2893 administrare,
3977 2814 4072 2880 sic
4115 2814 4259 2880 vult
4301 2814 4374 2879 in
4414 2813 4674 2880 ecclesia
4700 2830 4798 2892 spe·

2917 2895 3115 2962 ciales
3160 2895 3472 2977 quasdam
3518 2916 3661 2962 esse
3704 2907 3892 2963 notas
3935 2901 4173 2982 quibus
4217 2921 4257 2966 a
4310 2900 4592 2983 reliquis
4630 2893 4801 2962 mundi
4894 2963 4895 2990 ¹

2919 2981 3195 3046 statibus
3254 2979 3679 3062 discernatur,
3736 2996 3802 3047 et
3860 2985 3939 3049 ab
3998 2987 4300 3051 omnibus
4368 2981 4798 3069 temporalibus.

2918 3067 3088 3133 Nam
3132 3069 3253 3132 etsi
3290 3067 3419 3132 Dei
3463 3069 3875 3150 providentia
3916 3071 3984 3134 in
4030 3091 4257 3138 omnes
4301 3093 4412 3138 res
4460 3083 4696 3137 creatas
4727 3089 4802 3131 ex·

2920 3151 3257 3232 tendatur,
3320 3173 3450 3218 non
3506 3154 3573 3218 in
3634 3153 3932 3221 homines
3990 3166 4284 3223 tantum:
4352 3159 4661 3225 ecclesiae
4696 3171 4803 3218 suae

2922 3251 3160 3318 tamen,
3204 3239 3390 3304 cuius
3435 3249 3762 3322 protector
3804 3251 3873 3306 et
3917 3241 4220 3310 defensor
4276 3255 4405 3322 est,
4466 3242 4801 3328 singularem

2920 3345 3145 3391 curam
3202 3325 3408 3409 gerit:
3466 3346 3632 3407 quae
3687 3324 3985 3393 doctrina
4042 3339 4178 3393 tam
4224 3328 4549 3412 frequens
4590 3339 4679 3393 est
4712 3337 4803 3388 tou

2921 3411 3165 3493 passim
3209 3412 3549 3494 scriptura,
3596 3422 3671 3477 ut
3714 3433 3791 3478 ea
3833 3434 3952 3479 nos
3994 3414 4191 3497 plane
4234 3417 4533 3482 imbutos
4567 3434 4694 3480 esse
4726 3428 4801 3474 ne·

2919 3516 3100 3563 cesse
3145 3497 3251 3560 sit.
3339 3496 3554 3561 Modis
3599 3497 3802 3581 igitur
3845 3500 4387 3567 extraordinariis
4436 3503 4621 3567 Deus
4658 3496 4803 3562 eccle·

2919 3582 3084 3647 siam
3129 3601 3318 3646 suam
3363 3594 3709 3654 conservat
3752 3593 3819 3650 et
3864 3596 4105 3667 tuetur,
4161 3597 4236 3651 ut
4284 3588 4369 3653 ab
4418 3589 4629 3672 ipsius
4666 3581 4803 3648 unius

2919 3668 3166 3732 virtute
3229 3667 3507 3733 salutem
3569 3668 3776 3751 ipsius
3835 3692 4103 3737 manare
4147 3673 4477 3739 sciamus:
4542 3683 4607 3737 et
4644 3667 4807 3736 multis

2921 3752 3288 3838 insignibus
3355 3756 3674 3837 exemplis
3739 3758 3870 3822 iam
3917 3779 3955 3822 a
3999 3758 4226 3824 multis
4306 3760 4594 3824 saeculis
4652 3769 4802 3821 raum

2921 3838 3090 3904 hano
3135 3838 3497 3905 doctrinam
3537 3841 3719 3906 fecit:
3765 3841 3880 3908 sed
3926 3844 4096 3926 quod
4136 3845 4259 3911 hoo
4297 3845 4447 3910 loco
4488 3843 4807 3929 proponitur

2921 3946 3055 3989 non
3100 3924 3403 3990 ultimum
3445 3926 3618 3990 inter
3661 3928 3792 3993 alia
3827 3928 4040 3995 locum
4081 3930 4273 3996 debet
4307 3930 4629 3996 obtinere.
4686 3927 4804 3992 Nam

2920 4012 3256 4075 intuemur
3294 4011 3402 4076 hic
3447 4012 3761 4094 populum
3806 4015 4227 4081 israeliticum
4270 4029 4682 4094 trementem,
4716 4029 4806 4077 nun

2921 4106 3178 4161 tantum
3222 4095 3304 4160 ad
3349 4108 3682 4181 aspectum
3728 4121 4117 4167 numerosae
4161 4101 4457 4169 hostium
4504 4097 4804 4167 multitudi-

2921 4183 3045 4261 nis,
3091 4194 3156 4246 et
3200 4204 3551 4262 armorum,
3597 4184 3707 4249 sed
3755 4187 3948 4250 etiam
3997 4186 4077 4252 ad
4114 4189 4313 4255 unius
4350 4191 4550 4254 istius
4586 4181 4806 4253 hominii

2920 4270 3269 4333 intuitum:
3314 4289 3442 4351 quo
3485 4271 3804 4336 immanes
3846 4273 4061 4338 minas
4094 4274 4403 4349 iactante,
4454 4275 4689 4358 singuli
4716 4285 4807 4334 sta·

2920 4356 3037 4419 tim
3083 4354 3153 4417 in
3201 4353 3481 4421 latebras
3526 4355 3950 4441 diffugerunt.
4040 4360 4254 4424 Tanto
4319 4372 4553 4426 tamen
4606 4371 4803 4438 tamque

2921 4438 3284 4522 periculoso
3364 4440 3590 4506 morbo
3669 4444 4031 4509 remedium
4110 4448 4591 4528 quaerebatur,
4666 4459 4807 4526 qum

2922 4527 3111 4608 longe
3172 4526 3339 4592 alius
3396 4537 3749 4610 apparatus
3814 4551 3899 4595 ex
3967 4531 4239 4596 humani
4308 4553 4555 4598 sensus
4618 4529 4805 4596 ratione

2921 4610 3376 4695 quaerebatur,
3421 4634 3620 4695 quam
3676 4615 3787 4697 qui
3845 4637 3916 4682 se
3976 4616 4083 4681 liic
4140 4618 4355 4682 offert.
4453 4617 4631 4699 Quid
4681 4613 4805 4678 enim

2921 4698 3272 4763 effecturus
3332 4698 3595 4763 videtur
3653 4702 3933 4767 rusticus
3996 4701 4193 4767 homo
4239 4715 4309 4769 et
4351 4705 4582 4770 ovium
4624 4713 4805 4785 pastor·

2919 4784 3031 4866 qui
3100 4784 3342 4865 praelio
3410 4806 3742 4867 nunquam
3809 4788 4219 4866 interfuerat,
4275 4792 4393 4873 qui
4466 4812 4615 4857 cum
4674 4787 4807 4851 haste

2919 4890 3184 4934 manum
3244 4889 3578 4953 nunquam
3633 4873 4093 4939 conseruerat?
4155 4876 4265 4957 qui
4326 4877 4439 4943 vel
4501 4898 4541 4941 a
4596 4868 4805 4939 stabulis

2922 4955 3024 5020 vel
3072 4976 3112 5019 a
3155 4952 3347 5020 domo
3390 4965 3661 5040 paterna
3704 4979 4041 5042 nunquam
4079 4962 4491 5028 recesserat?
4539 4961 4643 5046 qui
4674 4952 4805 5022 deni·

2919 5062 3046 5124 que
3100 5043 3436 5122 innormis,
3495 5042 3637 5108 sine
3682 5043 3885 5128 galea,
3946 5047 4088 5111 sine
4143 5047 4368 5124 lorica,
4433 5049 4578 5114 sine
4616 5046 4802 5128 clypea.

2920 5126 3061 5191 solo
3117 5125 3351 5193 bacula
3409 5138 3701 5195 armatus
3744 5130 4058 5197 adversus
4100 5130 4356 5199 hostem
4409 5129 4802 5218 progrediebss·
4896 5123 4897 5192 l

2922 5212 3075 5277 tur?
3166 5211 3344 5282 Sane
3389 5216 3498 5298 qui
3545 5214 3722 5282 hunc
3766 5224 4154 5301 apparatum
4202 5222 4667 5305 conspexisset,
4713 5230 4805 5278 Μ·
4894 5197 4897 5346 4

2503 298 2918 367 HOMILIA
2959 300 3224 368 LXIII.
4660 311 4747 379 224
