5059 6059
844 1739 1341 1823 HOMILIA
1385 1738 1636 1822 XLV.

1021 1857 1220 1924 cAP.
1267 1855 1461 1922 xm.

435 2000 494 2064 1.
559 1996 782 2063 Filius
836 1996 1036 2061 unius
1094 1995 1253 2060 anui
1292 2000 1427 2061 erat
1472 1994 1651 2071 Saul,
1715 2016 1906 2077 quum
1947 2017 2213 2079 reynare

263 2088 580 2167 coepisset,
642 2081 885 2148 duobus
941 2086 1149 2146 aedem
1199 2080 1387 2145 anuis
1429 2082 1714 2164 reynavit
1754 2102 1944 2163 super
1988 2082 2212 2147 Israel.

262 2172 321 2237 2.
367 2170 457 2236 Et
515 2169 702 2252 eleyit
742 2168 868 2232 sibi
917 2166 1080 2231 Saul
1121 2167 1251 2230 bria
1292 2166 1500 2231 millia
1543 2167 1618 2232 de
1662 2167 1922 2247 Israele,
1979 2173 2035 2232 et
2073 2168 2213 2250 fue-

262 2262 412 2322 nmt
451 2276 600 2323 cum
649 2253 842 2319 Saule
883 2253 1009 2317 duo
1052 2251 1262 2317 millia
1302 2252 1376 2316 in
1421 2251 1749 2332 MichmaS,
1806 2259 1864 2318 et
1904 2253 1976 2318 iu
2014 2258 2217 2319 moute

264 2342 502 2417 Bahal,
573 2340 744 2405 mi'llc
807 2358 949 2403 vero
1011 2337 1270 2419 fuerunt
1333 2358 1472 2402 cum
1537 2337 1848 2403 Ionatham
1893 2341 1965 2404 ia
2008 2338 2215 2404 Gibah

264 2428 651 2494 Biuiamin:
694 2425 1022 2490 residuum
1063 2444 1205 2488 vero
1235 2423 1464 2506 populi
1505 2425 1764 2507 remisit,
1809 2445 2105 2506 quemque
2145 2427 2215 2490 in

264 2512 674 2579 tabernacula
714 2531 857 2576 sua.
949 2509 1007 2573 3.
1061 2507 1384 2574 Percussit
1424 2515 1627 2574 autem
1668 2509 1990 2575 Ionathau
2019 2530 2213 2590 prae·

259 2601 510 2665 sidium
584 2596 913 2661 Peli-ethim
978 2594 1139 2675 quod
1201 2600 1338 2659 erat
1400 2595 1464 2657 in
1531 2595 1694 2675 colle,
1762 2596 2215 2677 audieruntque

264 2684 647 2750 Peusthim:
705 2687 839 2747 tum
900 2678 1059 2744 Saul
1111 2680 1347 2744 clau-»cit
1397 2678 1544 2744 tuba
1575 2701 1697 2762 per
1737 2686 1922 2746 totam
1963 2686 2212 2764 terram,

260 2771 544 2847 dicendo,
592 2768 864 2833 audiant
905 2765 1163 2830 Ebraei.
1249 2765 1310 2830 4.
1358 2764 1448 2828 Et
1488 2767 1825 2831 universus
1860 2766 2067 2831 Israel
2103 2787 2216 2831 au-

259 2857 520 2921 dierunt
585 2853 752 2936 quod
813 2853 1145 2919 diceretur:
1217 2851 1539 2916 Percussit
1606 2850 1766 2917 Saul
1810 2853 2215 2933 praesidium

265 2941 641 3006 Pelisthim:
674 2943 731 3004 et
764 2939 956 3002 etiam
986 2936 1202 3017 foetuit
1230 2936 1447 3001 Israel
1479 2938 1644 3001 iuter
1679 2936 2010 3036 Relisthim
2026 2963 2045 3001 .·
2079 2958 2212 3003 con„

254 3021 2064 3191 gffiimoegrggnmeyauqssffmsmzefftdguss
2105 3025 2209 3175 1?ss

260 3199 455 3276 raele,
500 3197 774 3278 triginta
816 3194 1026 3259 millia
1067 3213 1386 3272 curruum,
1432 3199 1487 3258 et
1529 3214 1638 3259 sea:
1677 3194 1885 3259 millia
1919 3196 2210 3278 equitum,

259 3290 319 3348 et
368 3282 661 3366 populus
718 3286 854 3345 crat
904 3281 1066 3345 sicut
1118 3300 1315 3345 arena
1357 3299 1519 3360 quae
1561 3285 1651 3344 est
1690 3281 1776 3344 ad
1818 3281 1969 3346 litus
2009 3283 2212 3347 maris

251 3391 418 3450 prae
463 3366 904 3433 multitudine:
964 3365 1430 3443 adscenderunt,
1488 3367 2026 3448 castrametatique
2068 3372 2212 3431 sunt

257 3456 330 3519 in
391 3454 725 3520 Michmas
777 3452 862 3517 ad
919 3453 1213 3515 orientem
1267 3450 1600 3516 Bethaven.
1691 3452 1752 3517 6.
1828 3451 1968 3516 Viri
2009 3457 2213 3517 autem

259 3541 483 3607 Israe'l
549 3538 827 3603 videntes
881 3537 1043 3618 quod
1096 3538 1397 3619 anqustia
1453 3543 1609 3601 esset
1663 3537 1786 3602 sibi
1846 3539 2213 3618 (coarctatus

257 3628 434 3692 enim
480 3630 622 3691 erat
652 3622 952 3705 populus)
998 3622 1443 3687 absconderunt
1484 3643 1615 3687 sese
1646 3622 1922 3704 populus
1961 3624 2032 3687 in
2080 3644 2209 3705 spe-

252 3712 470 3777 luncis
514 3717 574 3775 et
608 3711 680 3774 in
721 3708 1193 3787 munitionibus,
1236 3713 1293 3772 et
1332 3709 1403 3772 in
1435 3709 1661 3788 petris,
1707 3714 1763 3772 et
1804 3709 1876 3772 in
1908 3710 2210 3789 turribus,

250 3806 307 3862 et
373 3799 454 3862 in
514 3795 823 3861 cisternis.
914 3794 973 3857 7.
1039 3792 1317 3857 Hebraei
1371 3799 1576 3858 autem
1631 3796 2019 3859 transierunt
2076 3796 2211 3859 Ior-

249 3885 495 3949 danem
539 3886 779 3945 terram
827 3879 974 3944 Gad
1017 3890 1074 3943 et
1122 3879 1407 3943 Galaad:
1466 3900 1773 3961 quumque
1814 3879 2017 3946 adhuc
2058 3885 2215 3946 esset

253 3969 428 4035 Saul
495 3969 572 4032 in
635 3964 916 4047 Galyala
971 3966 1305 4030 universus
1356 3965 1636 4044 populus
1681 3967 2052 4048 perterritus
2104 3972 2209 4044 est,

441 4225 779 4302 Deinceps
836 4220 1197 4285 videbimus
1251 4223 1570 4302 quomodo
1631 4244 1894 4288 suarum
1942 4225 2211 4307 promis-

247 4313 533 4376 sionum
583 4307 767 4371 Deus
812 4327 1061 4370 memor
1124 4308 1345 4388 populi
1390 4310 1489 4372 sui
1535 4310 1860 4375 israelitici
1907 4310 2213 4375 misertus

249 4400 362 4474 sit,
407 4393 892 4474 victoriamque
929 4390 1009 4455 de
1046 4391 1346 4456 hostibus
1385 4393 1651 4469 dederit,
1690 4416 1819 4474 qua
1855 4416 1982 4457 non
2022 4395 2214 4460 modo

248 4503 453 4548 suam
519 4479 892 4543 libertatern
967 4489 1219 4542 tutatus
1290 4492 1421 4553 est,
1500 4479 1611 4543 sed
1670 4479 1860 4561 longe
1914 4482 2214 4562 superior

247 4570 482 4633 factus
528 4564 729 4629 etiam
774 4562 1082 4628 ditionem
1120 4584 1303 4628 suam
1345 4566 1758 4648 propagavit:
1809 4565 1958 4630 licet
1992 4579 2213 4631 tamen

249 4653 498 4719 Saulis
555 4669 834 4734 regnum
898 4650 1164 4714 minime
1223 4650 1418 4714 fuisse
1474 4649 1856 4715 diuturnum
1901 4653 2097 4715 etiam
2145 4655 2210 4716 in

248 4736 704 4822 sequentibus
778 4735 983 4799 visuri
1055 4735 1290 4800 simus:
1365 4736 1679 4819 siquidem
1754 4738 1924 4800 malo
1980 4736 2211 4802 funda-

249 4840 500 4891 mento
547 4819 896 4896 nitebatur,
944 4840 1196 4902 nempe,
1241 4842 1371 4885 non
1419 4826 1701 4904 gratuita
1737 4824 1862 4887 Dei
1899 4822 2210 4887 electione

249 4915 376 4978 sod
461 4906 698 4993 populi
769 4906 1242 4971 murmurantis
1308 4907 1751 4990 postulatione.
1844 4909 1990 4972 Duo
2054 4920 2210 4974 sunt

251 4997 483 5082 igitur
528 4993 744 5075 capita
786 4992 897 5056 hic
937 4991 1282 5076 praecipue
1326 4992 1746 5071 observanda,
1813 5014 1980 5076 quae
2025 4994 2207 5058 dein·

248 5103 421 5166 ceps
488 5081 558 5144 in
621 5078 931 5143 historiae
975 5077 1141 5141 serie
1184 5076 1422 5143 clarius
1465 5081 1887 5161 apparebunt,
1953 5100 2205 5162 nempe,

251 5167 502 5232 Deum
544 5163 783 5247 populo
829 5165 1079 5228 crimen
1115 5162 1275 5228 illud
1311 5166 1752 5230 contumaciae
1785 5163 2206 5245 condonasse,

247 5253 526 5319 malum
584 5251 656 5314 in
713 5249 956 5315 honum
1014 5261 1521 5332 convertentem,
1593 5262 1658 5315 et
1713 5251 2027 5316 adversus
2082 5252 2208 5317 ini-

249 5340 484 5406 micon
529 5334 1000 5411 infestissimos,
1046 5343 1202 5417 puta
1244 5335 1647 5413 Philistaeos,
1691 5356 1947 5420 semper
1991 5337 2206 5402 defen-

2317 1739 2522 1807 disse:
2567 1739 2799 1806 deinde
2842 1761 2973 1806 non
3018 1741 3218 1806 fuisse
3261 1748 3483 1807 tamen
3520 1742 3904 1808 diuturnum
3940 1741 4101 1808 illud
4139 1740 4251 1807 be·

2316 1827 2640 1910 neficium,
2696 1825 2865 1910 quod
2922 1846 3199 1912 regnum
3251 1826 3416 1892 illud
3470 1829 3653 1894 cuius
3697 1830 3944 1894 malum
3989 1828 4250 1894 initium

2315 1914 2528 1987 fuerat
2570 1921 2896 1996 oporteret
2935 1913 3198 1978 aboleri.
3288 1911 3582 1979 Tandem
3625 1914 3828 1980 etiam
3862 1913 4250 1993 videbimus,

2318 1999 2643 2082 quomodo
2686 1998 3004 2081 paulatim
3049 1997 3215 2064 Saul
3260 2020 3299 2063 a
3343 1999 3628 2065 Domino
3673 1999 3998 2079 defecerit,
4044 2010 4112 2064 et
4151 1999 4254 2065 vi·

2317 2085 2535 2151 cissim
2582 2106 2621 2149 a
2665 2084 2810 2149 Deo
2853 2084 2939 2149 sit
2981 2083 3346 2164 derelictus,
3391 2083 3596 2151 donec
3632 2086 3953 2168 pessimus
3990 2085 4255 2151 tandem

2317 2171 2525 2253 ipsius
2570 2171 2789 2235 exitus
2833 2172 3052 2236 fuerit.
3139 2169 3312 2235 Nam
3358 2170 3426 2234 in
3469 2171 3719 2254 praelio
3760 2170 4013 2252 cecidit,
4072 2191 4257 2238 caeso

2318 2255 2675 2340 fugatoque
2734 2255 2992 2339 populo,
3060 2263 3136 2320 ut
3193 2256 3264 2320 in
3322 2277 3656 2322 summum
3713 2256 4086 2323 discrimem
4142 2255 4258 2322 ad-

2320 2341 2551 2409 ductae
2631 2340 2853 2424 populi
2934 2363 3039 2407 res
3115 2339 3528 2421 viderentur,
3601 2343 3772 2426 quod
3860 2364 3991 2408 non
4065 2343 4257 2408 modo

2319 2428 2559 2492 misere
2594 2426 2678 2491 ad
2712 2425 3144 2492 idololatriam
3181 2426 3538 2506 defecisset,
3575 2429 3688 2492 sed
3726 2439 4036 2511 tanquam
4074 2428 4256 2493 nefa-

2319 2516 2459 2578 rius
2515 2515 2905 2588 incantator,
2966 2534 3004 2578 a
3062 2511 3312 2577 diabolo
3369 2513 3715 2579 consilium
3759 2514 4255 2597 exquisivisset:

2319 2610 2386 2663 et
2431 2599 2573 2664 Deo
2615 2600 2740 2681 ipsi
2786 2600 2855 2663 in
2892 2596 3216 2663 Samuelis
3253 2620 3530 2681 persona
3565 2600 3931 2666 restitisset.
3976 2598 4258 2666 Summa

2318 2687 2524 2769 igitur
2570 2683 2789 2752 Saulis
2846 2682 3217 2763 infidelitas,
3276 2704 3473 2767 quam
3518 2698 3792 2768 sequuta
3833 2696 3934 2751 est
3977 2685 4259 2771 insignis
4339 2714 4343 2718 ·

2318 2770 2606 2846 rebellio,
2669 2770 2972 2852 deinceps
3018 2767 3435 2845 describetur,
3502 2780 3570 2834 et
3612 2771 3880 2836 tandem
3926 2772 4124 2837 etiam
4166 2770 4261 2835 di-

2322 2859 2547 2921 vinum
2607 2855 2911 2920 iudicium
2979 2866 3306 2938 sequetur,
3370 2876 3535 2938 quae
3599 2857 3739 2921 suis
3806 2856 3964 2923 locis
4029 2854 4258 2923 ordine

2320 2943 2581 3026 singula
2646 2940 3097 3007 describentur
3160 2956 3223 3006 et
3287 2941 3809 3022 explicabuntur.
3891 2942 4085 3008 Nunc
4129 2943 4258 3008 ista

2318 3027 2785 3110 expendamus,
2872 3025 3035 3092 Saul
3108 3026 3286 3109 filius
3362 3027 3558 3092 unius
3619 3030 3774 3092 anni
3839 3033 3991 3108 erat,
4065 3048 4258 3110 quum

2316 3134 2583 3198 reynarc
2640 3114 2952 3195 coepisset,
3008 3117 3063 3177 et
3104 3115 3393 3196 reynavit
3432 3112 3670 3178 duobus
3715 3115 3923 3180 anni-3.
4012 3112 4256 3180 Obser-

2315 3200 2536 3264 vanda
2599 3199 2856 3281 phrasis
2920 3197 3242 3264 Hebraea.
3333 3197 3551 3263 Filius
3612 3200 3810 3264 unius
3872 3202 4046 3278 anni,
4127 3222 4245 3285 pro

2316 3284 2476 3351 Saul
2523 3306 2771 3349 annum
2819 3295 3221 3369 regnaverat,
3266 3298 3331 3348 et
3366 3285 3526 3349 alias
3562 3284 3733 3368 apud
3772 3285 4021 3364 Mosen,
4070 3287 4246 3354 Ada-

2315 3391 2461 3436 mus
2520 3381 2662 3435 erat
2724 3371 2899 3435 filius
2955 3371 3477 3453 octingentorum
3535 3391 3875 3448 annorum,
3935 3372 3995 3436 N
4001 3374 4245 3441 oachus

2315 3468 2460 3521 erat
2502 3457 2676 3520 filius
2719 3457 3219 3538 quingentorum
3265 3475 3609 3520 annornm.
3696 3456 3928 3540 Itaque
3983 3468 4245 3542 tempus

2315 3552 2573 3606 tantum
2626 3540 3006 3622 designatur
3063 3542 3252 3624 regni
3307 3541 3563 3606 Saulis:
3622 3541 3795 3625 quod
3842 3564 3993 3607 vero
4034 3547 4247 3628 seqni-

2314 3638 2446 3710 tur,
2522 3628 2805 3710 reynavit
2879 3627 3119 3692 duobus
3180 3628 3388 3706 annis,
3465 3629 3780 3710 quosdam
3859 3629 4247 3712 interpretes

2314 3715 2596 3778 multum
2655 3714 2861 3788 torsit,
2918 3711 3084 3794 quod
3144 3712 3391 3778 diutius
3433 3713 3704 3777 Saulem
3750 3735 4061 3797 regnasse
4105 3739 4247 3783 cer·

2314 3809 2456 3864 tum
2500 3801 2607 3863 sit.
2695 3799 2786 3863 Et
2844 3799 3228 3862 nominatim
3289 3800 3484 3865 etiam
3529 3800 3599 3861 in
3649 3803 3830 3865 Actis
3875 3801 4248 3883 apostolicis

2316 3885 2556 3951 dicitur
2600 3905 2807 3948 annos
2850 3883 3280 3968 quadraginta
3322 3905 3649 3966 regnasse.
3710 3883 3998 3965 Quinam
4044 3889 4250 3971 igitur

2314 3972 2443 4036 ista
2484 3971 2659 4035 inter
2703 3992 2771 4034 se
2814 3969 3247 4034 convenient?
3338 3968 3624 4050 Quidam
3682 3971 3887 4054 igitur
3930 3972 4091 4039 haec
4134 3997 4247 4041 vo—

2315 4058 2464 4121 lunt
2522 4078 2640 4139 per
2702 4057 3027 4138 quandam
3094 4055 3586 4121 similitudinem
3655 4058 3827 4121 dicta
3890 4059 4108 4139 fuisse,
4172 4070 4250 4125 ut

2318 4143 2571 4207 dicatur
2606 4141 2787 4222 ‚filius
2833 4143 3029 4206 unius
3073 4143 3228 4205 anni
3272 4144 3488 4219 fuisse,
3534 4163 3734 4226 quum
3783 4165 4059 4227 regnare
4104 4166 4247 4211 coe·

2317 4230 2538 4311 pisset‚
2592 4225 2671 4290 ad
2732 4238 2980 4290 tantam
3027 4227 3169 4290 eius
3214 4226 3690 4309 simplicitatem
3738 4229 4107 4307 notandam,
4172 4241 4250 4295 ut

2320 4315 2517 4377 unius
2563 4313 2717 4377 anni
2760 4312 2977 4377 infans
3023 4312 3373 4378 videretur.
3463 4314 3554 4378 Et
3611 4324 3841 4378 notum
3901 4315 4063 4378 illud
4107 4315 4248 4380 Do-

2318 4400 2483 4463 mini
2528 4398 2736 4462 nostri
2780 4412 3216 4481 praeceptum,
3264 4418 3384 4464 nos
3432 4399 3555 4464 nisi
3600 4400 3955 4464 infantibus
4001 4401 4246 4467 similes

2320 4485 2657 4564 fuerimus,
2715 4485 2783 4548 in
2840 4505 3114 4567 regnum
3176 4485 3501 4550 coelorum
3562 4506 3689 4548 non
3750 4506 3938 4566 posse
3984 4486 4244 4553 intrare.

2321 4569 2578 4650 Quibus
2616 4570 2833 4635 verbis
2875 4591 3134 4634 omnem
3171 4570 3611 4646 ambitionem,
3673 4571 4008 4648 malitiam,
4051 4570 4248 4654 dolos,

2322 4656 2584 4721 fraudes
2646 4668 2710 4719 et
2768 4657 2925 4719 vitia
2981 4656 3215 4738 quibus
3259 4657 3519 4721 obnoxii
3576 4666 3730 4719 sunt
3774 4655 4071 4722 homines
4116 4659 4247 4723 iam

2324 4743 2452 4805 viri
2531 4743 2704 4823 facti,
2787 4741 3111 4805 Dominus
3181 4742 3587 4807 condemnat.
3695 4739 3977 4820 Quidam
4046 4743 4249 4828 igitur

2324 4828 2707 4892 existimant
2774 4825 2958 4892 Sauli
3022 4826 3200 4890 laudi
3266 4826 3429 4907 duci,
3495 4847 3693 4908 quum
3763 4826 4001 4891 dicitur
4075 4829 4250 4897 filius

2325 4914 2481 4978 anni
2541 4914 2754 4989 fuisse,
2814 4912 2995 4994 quasi
3056 4913 3288 4977 fuisset
3344 4915 3484 4977 sine
3540 4911 3686 4976 dolo
3741 4920 3808 4975 et
3851 4914 4123 4995 malitia,
4183 4928 4250 4982 et

2328 4998 2690 5081 angelicam
2736 4998 3189 5080 perfectionem
3239 5010 3407 5062 esset
3452 5009 3866 5080 assequutus,
3913 5010 4105 5083 atque
4148 5002 4249 5068 in-

2328 5087 2593 5167 genium
2641 5083 2844 5148 docile
2888 5095 2953 5147 et
2996 5091 3405 5147 mansuetum
3457 5082 3803 5161 habuisset,
3872 5085 3952 5149 ad
3999 5087 4251 5170 placide

2327 5169 2742 5246 audiendum,
2786 5179 2852 5233 et
2894 5189 2964 5233 se
3009 5168 3281 5233 docilem
3327 5167 3785 5251 praebendum.
3860 5170 4049 5251 Quae
4092 5195 4250 5242 sane

2328 5275 2482 5319 vera
2530 5263 2688 5319 sunt
2743 5256 2979 5320 omnia.
3067 5254 3239 5318 Nam
3285 5263 3479 5319 antea
3533 5253 3816 5321 vidimus
3860 5278 3990 5322 non
4037 5261 4255 5325 exsul-

2326 5348 2497 5406 tasse
2531 5341 2768 5425 ipsum,
2814 5361 3024 5420 neque
3066 5339 3308 5405 elatum
3354 5341 3571 5417 fuisse,
3618 5341 3766 5407 licet
3811 5343 3941 5407 iam
3986 5345 4257 5428 electus,

3882 5446 3949 5499 10
