5059 6059
790 304 923 371 611

762 534 771 539 ·
850 513 937 559 uo
991 491 1120 556 tuti
1172 502 1333 554 sunt
1394 486 1732 553 violemus,
1823 486 1904 551 In
1966 487 2195 570 primis
2254 508 2412 554 vero
2470 490 2755 555 sciamus

802 516 1026 644 Deum
1073 597 1214 641 6666
1260 588 1512 656 regum,
1574 572 1968 656 principum,
2028 587 2097 637 et
2155 575 2567 655 superiorum
2617 596 2753 639 om-

805 665 988 729 nium
1038 671 1469 745 protectorem
1529 670 1593 722 et
1639 656 2066 735 defensorem,
2128 681 2212 723 ne
2268 661 2412 741 quis
2458 660 2757 742 privatus

762 750 1046 814 -uudeat
1121 746 1322 811 ullam
1392 744 1552 826 ipsis
1618 743 1935 808 iniuriam
1998 744 2259 809 inferre.
2361 746 2534 810 Tum
2603 765 2757 811 vero

802 833 1097 899 maxime
1140 853 1338 914 quum
1388 828 1468 894 de
1503 849 1811 912 supremo
1833 828 1945 892 illo
1983 830 2102 893 filii
2128 830 2251 895 Dei
2292 850 2497 913 regno
2518 832 2756 915 agitur,

768 960 781 967 —
808 916 1166 984 tenendum
1212 927 1312 981 est
1356 915 1557 996 ipsius
1603 914 2014 979 maiestatem
2050 936 2220 998 quae
2260 918 2324 979 in
2364 937 2439 980 eo
2476 917 2760 980 maxime

807 1016 1081 1088 apparet
1128 1001 1590 1078 venerandam,
1634 1011 1700 1062 et
1746 1000 2017 1064 Domini
2064 1001 2271 1064 nostri
2317 1000 2463 1065 lesu
2503 1000 2755 1066 Christi

768 1110 1051 1155 -nomen
1099 1108 1218 1171 pro
1256 1088 1490 1150 merito
1534 1085 1915 1150 colendum:
1962 1104 2036 1149 ac
2080 1085 2351 1168 proinde
2391 1089 2548 1165 fore,
2591 1098 2667 1151 ut
2701 1086 2754 1151 si

809 1175 1129 1242 adversus
1172 1173 1377 1254 ipsius
1436 1169 1707 1236 verbum
1752 1169 1956 1235 simus
2014 1170 2378 1254 blasphemi
2422 1184 2490 1236 et
2535 1170 2759 1239 turbas

807 1262 881 1326 in
931 1261 1131 1343 ipsius
1177 1257 1452 1322 ecclesia
1497 1254 1887 1331 dederimus,
1934 1270 1999 1320 et
2023 1257 2434 1322 offendiculis
2479 1257 2758 1323 occasio·

810 1367 965 1411 nem
1014 1345 1525 1427 praebuerimus,
1585 1342 1769 1405 Deus
1804 1354 2117 1419 coerceat,
2181 1354 2247 1406 et
2287 1354 2602 1425 tanquam
2645 1341 2756 1407 ad·

813 1452 1047 1498 versus
1107 1429 1312 1511 ipsius
1375 1427 1781 1491 maiestatem
1840 1426 2259 1509 insurgentes
2331 1439 2398 1492 et
2454 1428 2760 1493 cornibus

810 1517 909 1582 illi
936 1516 1324 1582 insultantes
1346 1523 1731 1593 compescat.
1781 1510 2224 1592 Quamobrem
2262 1534 2520 1578 summo
2543 1511 2761 1579 studio

811 1602 1155 1667 nitendum
1201 1610 1322 1678 est,
1380 1611 1453 1662 ut
1513 1596 1595 1660 ad
1650 1597 1828 1661 illius
1886 1598 2265 1680 obsequium
2312 1610 2380 1663 et
2425 1597 2760 1677 honorem,

811 1708 1007 1771 quem
1054 1685 1238 1749 nobis
1282 1683 1469 1747 Deus
1512 1702 1846 1748 summum
1893 1704 2114 1765 regem
2162 1684 2488 1765 praefecit,
2551 1684 2761 1766 parati

808 1773 1036 1850 simus,
1094 1784 1161 1836 et
1206 1771 1278 1833 in
1326 1768 1505 1832 omni
1551 1767 1874 1832 modestia
1933 1789 2051 1832 nos
2111 1769 2232 1833 sub
2289 1791 2512 1835 eorum
2574 1785 2760 1834 auto-

810 1858 1009 1923 ritate
1051 1856 1527 1931 contineamuS,
1572 1873 1733 1936 quos
1760 1854 1943 1918 Deus
1966 1855 2033 1917 in
2059 1875 2391 1919 summum
2416 1853 2760 1939 dignitatis

808 1943 1088 2026 gradum
1132 1952 1391 2005 evectos
1438 1938 1623 2003 nobis
1669 1939 1997 2021 praefecit.

983 2029 1428 2091 Transeamus
1466 2023 1547 2088 ad
1594 2024 1847 2106 reliqua
1872 2024 2149 2090 Davidis
2187 2025 2407 2090 verba.
2455 2025 2757 2108 Ideoque,

809 2114 1042 2196 inquit,
1105 2133 1254 2177 ecce
1300 2108 1851 2192 quemadmodum
1899 2110 2039 2175 vita
2098 2124 2212 2175 tua
2253 2113 2478 2194 magni
2524 2111 2648 2175 fuit
2693 2112 2758 2174 in

807 2197 1012 2266 oculis
1058 2200 1240 2275 meis,
1302 2197 1395 2260 ita
1460 2196 1680 2277 magni
1740 2198 1864 2257 erit
1911 2195 2047 2260 vita
2090 2218 2235 2262 mea
2289 2198 2356 2260 in
2403 2196 2611 2262 oculis
2653 2195 2760 2259 Ie·

813 2285 1040 2361 hovae,
1088 2295 1153 2346 et
1198 2280 1435 2362 eripiet
1479 2302 1582 2344 me
1627 2279 1709 2343 ab
1751 2281 1931 2343 omni
1974 2282 2299 2365 angustia.
2371 2282 2476 2346 Ex
2524 2282 2762 2364 quibus

814 2368 1029 2436 verbis
1074 2375 1352 2449 apparet
1393 2364 1747 2443 Davidem,
1808 2365 1930 2428 etsi
1976 2368 2174 2449 probe
2220 2378 2493 2431 noverat
2538 2366 2761 2433 Saulis

809 2456 1146 2537 ingratum
1171 2455 1484 2534 animum,
1512 2472 1639 2514 non
1666 2458 1886 2514 tamen
1924 2452 2121 2516 fuisse
2159 2452 2618 2518 benefaciendo
2664 2452 2759 2517 fa-

812 2541 1111 2622 tigatum.
1183 2535 1376 2618 Quod
1422 2536 1743 2619 singulari
1788 2536 2243 2603 observatione
2299 2538 2760 2620 dignissimum

810 2638 933 2703 est,
979 2621 1297 2705 siquidem
1331 2630 1630 2686 anatura
1664 2621 1962 2688 omnibus
2005 2624 2277 2689 insitum
2321 2634 2442 2702 est,
2488 2635 2568 2688 ut
2611 2624 2757 2688 uni·

812 2710 1047 2792 cuique
1095 2706 1529 2791 rependamus
1587 2715 1784 2788 prout
1828 2708 2016 2773 nobis
2060 2709 2305 2786 fecerit,
2364 2715 2429 2775 et
2490 2708 2756 2792 quidem

812 2818 892 2862 ea
934 2795 1157 2876 opinio
1205 2793 1367 2876 legis
1391 2794 1529 2858 vim
1575 2791 1748 2874 apud
1772 2813 2000 2860 omnes
2022 2793 2303 2859 obtinet:
2348 2793 2464 2860 sed
2488 2801 2761 2878 apparet

813 2888 1044 2946 contra
1094 2880 1311 2944 Deum
1354 2877 1601 2957 iubere,
1659 2888 1735 2941 ut
1791 2878 2077 2945 inimicis
2120 2891 2185 2944 et
2231 2880 2610 2945 hominibus
2653 2880 2757 2944 in-

812 2964 1223 3051 dignissimis
1269 2963 1433 3028 bene
1480 2964 1809 3028 faciamus.
1842 2964 2302 3044 Quamobrem
2350 2966 2594 3030 imitari
2640 2986 2761 3030 nos

816 3050 1097 3118 Davidis
1139 3048 1519 3131 exemplum
1561 3060 1834 3131 oportet,
1879 3061 1947 3114 et
1987 3065 2302 3133 tanquam
2326 3051 2408 3115 ad
2446 3053 2760 3117 amussim

815 3138 1003 3203 nobis
1047 3136 1456 3218 propositam
1502 3135 1792 3201 actiones
1837 3152 2098 3201 nostras
2141 3139 2427 3220 exigere,
2488 3148 2565 3201 ut
2609 3136 2763 3202 licet

814 3243 1023 3306 prava
1066 3222 1155 3286 sit
1216 3220 1503 3285 bostium
1545 3219 1873 3300 voluntas,
1933 3236 2000 3285 et
2052 3223 2121 3286 in
2178 3222 2517 3287 maleficiis
2555 3222 2759 3287 obdu-

813 3321 1078 3386 rentur,
1159 3326 1236 3371 ac
1300 3306 1491 3373 novis
1563 3305 1826 3370 iniuriis
1892 3307 2167 3372 subinde
2235 3328 2353 3373 nos
2419 3307 2763 3387 lacessant,

815 3391 1246 3460 nihilominus
1297 3407 1513 3455 tamen
1558 3400 1860 3472 oportere
1907 3414 2024 3458 nos
2067 3404 2445 3458 constanter
2487 3394 2559 3456 in
2603 3392 2765 3475 ipsis

816 3476 1284 3546 benefaciendo
1349 3496 1801 3558 perseverare,
1868 3499 2078 3560 neque
2143 3477 2297 3544 ullis
2361 3479 2619 3544 iniuriis
2684 3478 2765 3543 ab

816 3566 1027 3630 officio
1072 3572 1292 3628 nostro
1339 3562 1678 3627 dimoveri.
1746 3561 1924 3643 Quid
1969 3561 2104 3627 ita?
2163 3563 2416 3645 Nempe
2457 3564 2765 3647 quoniam

818 3669 1068 3715 merces
1128 3659 1355 3712 nostra
1411 3661 1509 3713 est
1578 3648 1750 3729 apud
1794 3648 2012 3712 Deum
2068 3649 2366 3730 reposita.
2445 3649 2547 3715 Ac
2605 3669 2766 3714 sane

818 3735 952 3799 nisi
1018 3755 1137 3797 nos
1196 3732 1619 3798 incredulitas
1695 3744 1762 3798 et
1820 3733 2237 3816 impatientia
2302 3748 2763 3812 remoraretur,

819 3821 980 3886 satis
1026 3818 1541 3900 perspiceremus
1583 3817 1774 3901 longe
1821 3819 2045 3884 utilius
2100 3841 2242 3885 6666
2288 3820 2491 3897 nobis,
2546 3821 2602 3884 si
2651 3820 2764 3883 ho-

819 3905 1032 3970 mines
1076 3902 1561 3967 benefactorum
1623 3920 1996 3969 nostrorum
2050 3904 2539 3988 obliviscantur,
2597 3925 2764 3986 quae

820 4003 1037 4057 tamen
1065 3987 1255 4052 Deus
1300 3988 1695 4072 recordetur,
1744 4010 1939 4073 quam
1985 3990 2043 4055 si
2066 3990 2148 4055 ab
2195 3990 2570 4056 hominibus
2594 4011 2764 4054 mer-

818 4077 1044 4145 cedem
1092 4083 1161 4138 et
1202 4073 1803 4155 compensationem
1848 4095 1931 4139 ex
1976 4076 2181 4140 animi
2227 4076 2557 4141 sententia
2601 4074 2765 4140 reci-

820 4180 1146 4246 peremus.
1191 4158 1335 4224 Nae
1382 4158 1438 4222 si
1483 4159 1628 4240 quis
1671 4173 1938 4242 quaerat
1983 4182 2022 4225 a
2066 4182 2195 4243 quo
2241 4161 2546 4226 malimus
2592 4181 2763 4226 com·

820 4247 1106 4331 pensari,
1133 4242 1365 4309 Deone
1385 4265 1469 4309 an
1497 4244 1888 4328 hominibus,
1911 4245 2133 4311 Deum
2162 4268 2392 4311 omnes
2426 4247 2767 4330 elegerint,

823 4342 890 4398 et
920 4341 1141 4397 tamen
1187 4330 1245 4395 si
1290 4330 1438 4412 quis
1474 4329 1556 4393 ab
1592 4328 1969 4395 hominibus
2001 4332 2282 4414 gratiam
2319 4331 2606 4414 aliquam
2652 4342 2769 4396 aut

820 4417 1118 4486 beneficii
1163 4414 1761 4498 compensationem
1787 4429 2122 4497 exspectet
2155 4417 2507 4482 maioribus
2550 4418 2767 4500 ipsum

823 4503 1154 4570 beneficiis
1200 4498 1659 4579 demerebitur,
1713 4500 1874 4565 adeo
1919 4514 1992 4565 ut
2036 4522 2165 4566 non
2211 4522 2376 4585 opus
2421 4504 2507 4566 sit
2552 4503 2769 4567 verbis

823 4590 1058 4673 quibus
1102 4585 1185 4651 ad
1223 4586 1604 4668 obsequium
1629 4587 2010 4663 excitemur,
2057 4587 2578 4669 quandoquidem
2618 4588 2769 4669 plns

824 4692 1034 4757 aequo
1077 4692 1310 4736 sumus
1354 4672 1436 4736 ad
1481 4670 1649 4735 illud
1694 4671 2019 4754 propensi.
2065 4672 2313 4738 Contra
2358 4694 2511 4738 vero
2547 4672 2767 4737 61166-

826 4761 961 4824 rint
1019 4758 1267 4840 ingrati
1326 4756 1659 4841 homines‚
1732 4769 1799 4822 et
1856 4755 2317 4823 beneficiorum
2393 4769 2768 4822 nostrorum

825 4847 1260 4919 immemores,
1308 4841 1469 4906 adeo
1515 4855 1591 4906 ut
1624 4865 1738 4925 spe
1782 4841 1963 4907 omni
2009 4843 2554 4909 remunerationis
2600 4842 2772 4907 exci-

829 4930 1094 5005 damus,
1155 4927 1381 5010 frigidi
1444 4948 1670 4993 sumus
1726 4940 1792 4993 et
1845 4928 2021 5010 ipsos
2077 4929 2559 4994 contemnimus
2618 4927 2770 4992 licet

828 5014 1019 5079 Deus
1063 5012 1426 5078 mercedem
1474 5011 1878 5093 polliceatur,
1937 5022 2005 5078 et
2049 5034 2167 5079 666
2212 5013 2294 5079 ab
2340 5016 2480 5096 ipso
2522 5035 2769 5078 merce-

2364 356 2373 363 .
2458 299 2872 368 HOMILIA
2906 301 3159 369 XCVI.
4623 301 4710 367 612

2859 511 3141 575 quamve
3199 488 3685 554 excusationem
3751 495 4207 569 praetexemus
4267 486 4437 568 quod
4475 486 4590 552 Deo
4622 510 4712 554 non

2859 574 3184 641 fidamus?
3245 574 3547 639 Profecto
3591 592 3919 636 summam
3963 571 4498 655 ingratitudinem
4534 574 4714 655 reipsa

2860 661 3284 738 ostendimus,
3331 659 3486 724 licet
3531 658 3747 723 verbis
3790 657 4171 741 obsequium
4211 668 4499 721 nostrum
4537 669 4591 723 et
4615 659 4721 725 obe-

2861 745 3175 811 dientiam
3221 746 3663 829 profiteamur,
3722 754 3790 807 et
3834 742 4264 807 diffidentiam
4309 754 4577 807 nostram
4611 746 4721 810 satis

2863 842 3185 898 testamur
3231 828 3408 913 quod
3455 829 3657 911 ipsius
3700 829 4035 911 promissis
4082 850 4214 892 non
4251 829 4725 909 conquiescamus.

2863 916 3136 983 Accedit
3179 915 3261 981 ad
3306 913 3484 981 istud
3523 915 3763 978 vitium
3783 914 3983 991 aliud,
4031 914 4342 978 nimirum
4380 915 4725 997 impatientia,

2861 1002 3034 1086 quod
3094 1022 3434 1084 nunquam
3479 1016 3832 1064 venturum
3895 1012 4151 1082 tempus
4207 1000 4620 1065 existimemus
4660 1023 4727 1065 re-

2862 1086 3359 1163 munerationis,
3406 1084 3729 1167 siquidem
3772 1105 4112 1166 nunquam
4135 1084 4321 1149 Deus
4365 1087 4613 1161 festinat,
4647 1087 4730 1151 sed

2864 1194 3219 1256 suspensos
3265 1181 3445 1236 tenet
3468 1171 3662 1247 diem,
3701 1191 4015 1250 mensem,
4060 1191 4330 1246 annum,
4378 1185 4446 1234 ut
4468 1171 4729 1237 videamur

2862 1277 3127 1341 operam
3171 1258 3405 1329 lusisse
3448 1277 3650 1340 quum
3696 1255 3901 1339 ipsius
3945 1257 4152 1321 cultui
4200 1276 4320 1341 666
4367 1255 4645 1334 dedimus,
4687 1266 4733 1323 et

2862 1345 3109 1409 frustra
3152 1352 3452 1408 nostrum
3498 1341 3788 1407 studium
3833 1341 3905 1404 in
3947 1342 4154 1424 ipsius
4188 1342 4559 1424 obsequium
4595 1343 4731 1406 adhi-

2864 1430 3104 1509 buisse,
3159 1449 3325 1512 quae
3370 1449 3525 1492 sane
3568 1426 3961 1510 gravissima
4002 1428 4277 1490 tentatio
4321 1438 4440 1491 est.
4515 1426 4734 1491 Verum·

2865 1517 3201 1579 enimvero
3245 1514 3573 1577 discamus
3609 1513 3735 1577 Dei
3782 1512 4125 1588 voluntati,
4173 1533 4339 1594 quae
4377 1514 4733 1577 immutabilis

2865 1614 2983 1678 est,
3030 1600 3439 1682 acquiescere
3479 1608 3545 1662 et
3579 1599 3867 1662 vicissim
3925 1597 4226 1663 fraenum
4270 1598 4511 1662 nostris
4549 1598 4735 1664 affecti·

2866 1687 2986 1751 bus
3031 1686 3415 1757 iniiciamus,
3457 1705 3693 1748 sensus
3741 1704 3821 1747 ue
3858 1695 4114 1748 nostros
4137 1684 4436 1766 captivos
4469 1682 4734 1761 ducamus,

2867 1781 2937 1835 ut
2982 1792 3135 1835 vere
3187 1791 3337 1834 cum
3383 1768 3643 1832 Davide
3697 1704 3915 1833 dicere
3974 1770 4298 1851 possimus
4359 1770 4584 1845 Deum,
4629 1769 4737 1834 licet

2867 1857 3165 1920 homines
3208 1854 3639 1937 ingratissimi
3696 1853 3851 1932 sint,
3911 1851 4174 1918 tandem
4232 1855 4663 1936 aequissimum
4695 1864 4739 1918 et

2860 1942 3293 2007 iustissimum
3341 1938 3619 2004 iudicem
3665 1938 4141 2020 appariturum,
4199 1950 4269 2003 et
4325 1961 4402 2004 re
4446 1940 4575 2023 ipsa
4610 1953 4740 2022 pate-

2866 2030 3190 2092 facturum
3239 2024 3441 2090 vitam
3478 2033 3794 2096 nostram,
3838 2044 4004 2106 quae
4029 2024 4178 2090 vilis
4214 2036 4280 2088 et
4313 2032 4746 2107 contemptaest

2864 2111 3037 2195 apud
3084 2111 3402 2186 homines,
3450 2111 3577 2190 ipsi
3622 2130 3764 2174 6666
3812 2110 4372 2192 pretiosissimam.

3034 2199 3127 2261 Ει
3194 2197 3273 2260 de
3318 2194 3604 2259 Davidis
3662 2195 3884 2260 verbis
3944 2194 4283 2272 hactenus,
4347 2196 4578 2277 quibus
4623 2215 4681 2259 66
4719 2214 4746 2257 a

2865 2284 3011 2347 Deo
3057 2280 3360 2366 pendere,
3406 2290 3472 2344 et
3497 2280 4095 2345 remunerationem
4128 2295 4509 2362 exspectare
4531 2290 4745 2344 testatus

2866 2380 2998 2435 est:
3057 2367 3140 2432 ad
3186 2365 3409 2433 Saulis
3454 2385 3840 2447 responsum
3887 2366 4246 2440 veniamus,
4303 2365 4664 2431 Benedictus
4692 2386 4750 2441 ee,

2861 2454 2963 2535 fili
3004 2453 3096 2517 mi
3123 2451 3365 2526 David,
3408 2456 3467 2515 et
3506 2449 3792 2531 conficies
3802 2451 4002 2531 plane
4022 2455 4078 2514 et
4111 2452 4368 2516 omnino
4398 2449 4750 2534 praevalebis.

2867 2540 3088 2620 Quum
3117 2536 3442 2603 Davidem
3467 2536 3879 2601 benedictum
3906 2536 4081 2615 dicit,
4103 2537 4169 2601 in
4184 2557 4253 2601 66
4277 2558 4591 2617 suumque
4608 2541 4754 2617 caput

2867 2625 2996 2689 Dei
3042 2621 3563 2688 maledictionem
3611 2622 4026 2704 pronuntiat:
4072 2643 4201 2686 vox
4245 2624 4426 2687 enim
4473 2622 4578 2686 illa
4610 2623 4753 2686 bene·

2867 2708 3021 2775 dicti
3067 2706 3289 2772 Deum
3335 2707 3617 2789 respicit,
3672 2705 4197 2788 quandoquidem
4241 2730 4442 2772 nemo
4487 2709 4616 2771 sine
4651 2707 4752 2770 Deo

2867 2793 3268 2860 benedictus,
3315 2793 3441 2858 Est
3486 2792 3661 2856 enim
3705 2795 3761 2856 is
3805 2790 4185 2859 benedictus
4228 2814 4432 2875 quem
4475 2793 4642 2857 Deus
4676 2810 4756 2870 ap·

2869 2880 3116 2964 probat,
3177 2889 3243 2943 et
3284 2879 3353 2942 in
3411 2877 3698 2943 filiorum
3760 2877 3959 2943 habet
4013 2898 4305 2956 numero,
4368 2879 4556 2960 eique
4611 2876 4756 2940 bene-

2869 2966 3045 3031 dicit.
3112 2964 3319 3045 Atqui
3363 2962 3528 3028 8661
3571 2962 3895 3028 Davidem
3943 2959 4117 3029 ultro
4162 2965 4674 3048 persequebatur,
4714 2970 4760 3026 et

2870 3063 3184 3134 tanquam
3230 3050 3483 3114 hostem
3528 3048 4063 3130 capitalissimum
4110 3048 4192 3114 ad
4239 3061 4524 3115 mortem
4545 3068 4757 3131 quaem·

2869 3139 2998 3203 bat.
3087 3134 3308 3199 David
3357 3142 3576 3200 autem
3623 3144 3766 3199 erat
3809 3157 3849 3199 a
3891 3133 4036 3200 Deo
4082 3134 4489 3215 benedictus,
4542 3133 4759 3215 ideoque

2870 3220 3142 3288 Saulem
3165 3221 3383 3304 ipsum
3424 3230 3925 3304 persequentem
3961 3221 4255 3302 oportuit
4276 3242 4430 3286 esse
4451 3220 4576 3284 Dei
4610 3217 4758 3282 male-

2869 3306 3142 3373 dictioni
3207 3306 3594 3384 obnoxium,
3669 3304 4194 3388 quandoquidem
4276 3307 4600 3373 adversus
4651 3321 4760 3367 eum

2870 3391 3206 3476 pugnabat
3269 3392 3375 3455 cui
3430 3392 3617 3456 Deus
3673 3391 3954 3456 favebat.
4044 3391 4277 3475 Neque
4339 3393 4524 3456 enim
4575 3392 4760 3455 frum

2870 3479 3056 3542 Deus
3103 3476 3285 3540 dicit:
3348 3477 3485 3542 Ero
3530 3477 3781 3542 amicus
3826 3477 4186 3542 amicorum
4233 3488 4530 3553 tuorum,
4584 3487 4642 3539 et
4675 3473 4762 3537 ini-

2869 3562 3080 3627 micus
3133 3561 3555 3626 inimicorum
3577 3612 3591 3641 ,
3652 3574 3719 3628 et
3775 3561 3970 3644 plena
4032 3572 4134 3627 est
4204 3566 4538 3645 scriptura
4603 3559 4763 3624 istius·

2869 3645 3046 3713 modi
3089 3646 3220 3711 Dei
3280 3646 3839 3729 promissionibus,
3891 3648 4130 3729 quibus
4184 3669 4254 3712 66
4301 3646 4496 3712 Deus
4552 3661 4762 3712 suorum

2868 3735 3191 3819 clypeum,
3225 3753 3462 3812 arcem,
3509 3731 4068 3816 propugnaculum
4092 3754 4232 3798 esse
4260 3735 4625 3815 profitetur,
4662 3749 4766 3796 oau-

2870 3839 3139 3900 samque
3197 3839 3467 3883 suorum
3527 3828 3925 3893 tutatur-um,
3980 3828 4048 3883 et
4105 3840 4216 3883 eos
4273 3819 4696 3884 iudicaturum
4735 3832 4764 3874 ⁸

2870 3905 3107 3988 quibus
3151 3905 3445 3986 oppressi
3491 3905 3757 3968 fuerint.
3813 3902 4010 3983 Quod
4033 3923 4237 3985 quum
4263 3902 4440 3970 Saul
4463 3925 4593 3969 non
4633 3908 4763 3983 igno-

2872 3990 3139 4063 raverit,
3186 3989 3511 4071 siquidem
3556 4008 3596 4052 a
3640 3998 3879 4053 natura
3922 3987 4098 4054 istud
4140 4001 4242 4054 66ι
4274 3989 4580 4054 omnium
4617 3984 4763 4050 nimis

2872 4076 3162 4151 insitum,
3208 4084 3481 4157 apparet
3504 4073 3778 4140 Saulem
3825 4075 4063 4157 spiritu
4099 4075 4346 4140 furoris
4384 4084 4456 4139 et
4500 4070 4764 4139 amentiae

2871 4159 3230 4242 impulsum
3307 4158 3510 4225 fuisse
3553 4180 3762 4240 quum
3793 4158 4121 4226 Davidem
4163 4181 4368 4243 quem
4407 4158 4762 4225 benedictum

2873 4246 3137 4328 fatetur,
3186 4246 3387 4309 tantis
3432 4245 3595 4310 odiis
3642 4257 4174 4327 persequeretur:
4222 4265 4384 4310 nam
4425 4243 4550 4310 hac
4572 4244 4762 4308 ratione

2872 4353 2943 4397 se
2988 4332 3201 4413 ipsum
3247 4329 3685 4396 maledictioni
3735 4329 4002 4396 divinae
4044 4330 4347 4412 subiecit,
4410 4342 4481 4395 et
4537 4329 4686 4393 ultro
4714 4343 4762 4386 se

2873 4419 2941 4481 in
2989 4417 3411 4496 reproborum
3471 4435 3747 4480 numero
3810 4415 4033 4481 haberi
4091 4415 4329 4482 voluit.
4424 4416 4633 4498 Atque
4679 4411 4762 4504 ¹²⁸¹?

2874 4502 3131 4566 ratione
3173 4501 3360 4566 Deus
3403 4500 3472 4564 in
3516 4522 3784 4566 sensum
3830 4500 4175 4583 reprobum
4223 4521 4340 4565 666
4387 4501 4656 4575 coniicit,
4688 4513 4762 4577 qul

2873 4587 2946 4651 in
2991 4586 3172 4652 vitiis
3214 4587 3627 4666 indurantur,
3673 4598 3740 4651 et
3784 4584 4099 4652 adversus
4143 4587 4352 4669 ipsius
4400 4588 4662 4653 verbum
4690 4598 4760 4644 οὐ·

2874 4671 3250 4751 callescunt,
3306 4682 3383 4736 ut
3437 4672 3720 4754 amplius
3779 4673 4026 4738 bonum
4083 4694 4123 4737 a
4180 4672 4360 4737 malo
4408 4694 4542 4739 non
4586 4672 4765 4736 ‹iimr-

2874 4768 3061 4836 nant,
3106 4757 3389 4840 denique
3410 4758 3481 4821 in
3503 4757 3636 4823 illis
3677 4758 3989 4840 impletur
4027 4758 4198 4841 quod
4220 4757 4312 4823 D.
4340 4754 4761 4840 Paulusprimo

2874 4842 3085 4926 capite
3128 4843 3439 4926 epistolae
3483 4842 3566 4907 ad
3589 4843 3925 4908 Romanos
3970 4846 4080 4923 ait,
4125 4864 4235 4908 666
4278 4846 4404 4925 qui
4434 4846 4639 4909 Deum
4673 4854 4763 4901 uon

2875 4928 3444 5012 glorificaverunt,
3508 4927 3780 4993 traditos
3842 4928 4045 4993 fuisse
4101 4949 4142 4993 a
4198 4928 4347 4993 Deo
4409 4930 4484 4993 in
4539 4936 4761 4992 mentem

2875 5012 3090 5078 omnis
3146 5013 3372 5078 iudicii
3431 5023 3803 5095 expertem,
3861 5023 3936 5076 ut
3978 5014 4272 5079 facerent
4334 5013 4410 5077 id
4467 5010 4762 5110 quod-nen

832 5099 979 5163 dem
1004 5117 1265 5178 sperare
1288 5098 1514 5163 iubeat
1533 5099 1938 5163 cessantibus
1976 5099 2374 5182 hominibus,
2418 5108 2485 5164 et
2525 5098 2774 5182 ingrati
2878 5105 3153 5180 oportet.
3199 5099 3499 5164 Profecto
3547 5099 3605 5163 61
3650 5096 3811 5163 Saul
3834 5095 3967 5163 Dei
4013 5098 4247 5162 timore
4293 5098 4539 5164 ductus
4579 5099 4761 5161 flasset,

830 5184 1035 5248 animi
1106 5182 1263 5247 vitio
1328 5183 1798 5249 laborantibus.
1888 5183 2064 5265 Quid
2132 5205 2290 5269 ergo
2355 5185 2468 5249 fiet
2535 5183 2767 5249 nobis?
2878 5205 3010 5248 non
3069 5203 3212 5250 sese
3270 5184 3342 5248 in
3403 5203 3545 5248 eam
3604 5203 3796 5266 quam
3857 5183 4232 5248 audivimus
4299 5182 4762 5251 maledictionem
