5059 6059
797 287 928 356 195

799 499 1032 546 omnes
1097 476 1378 556 derivet,
1458 484 1525 542 et
1587 476 1813 544 fideles
1878 477 2003 543 sibi
2066 477 2234 544 bene
2301 477 2547 545 conscii
2616 479 2753 543 sint

804 566 1056 632 nullam
1084 584 1154 628 se
1189 563 1333 630 istis
1376 563 1784 628 occasionem
1828 562 2082 630 dedisse
2125 565 2296 630 tanti
2339 574 2754 647 contemptus

808 653 1073 717 divinae
1108 648 1491 727 maiestatis,
1538 649 1963 715 nihilominus
2000 662 2219 715 tamen
2269 650 2512 716 debent
2553 649 2752 717 vehe-

809 747 1067 802 menter
1131 733 1306 801 affici
1373 734 1772 818 perditorum
1841 735 2101 801 illorum
2168 735 2509 802 hominum
2578 736 2749 802 blas-

809 823 1115 907 phemiis,
1154 819 1490 902 divinique
1530 822 1821 886 numinis
1859 822 2216 888 vindictam
2257 822 2548 888 horrere.
2595 821 2754 887 Ideo

811 910 969 974 iusti
1013 906 1324 972 iubentur
1369 908 1534 972 bene
1578 907 1647 970 in
1693 906 1979 973 Domino
2024 925 2309 991 sperare,
2354 918 2420 973 et
2461 928 2593 971 non
2642 909 2757 972 du·

808 994 1024 1060 bitare
1067 994 1224 1077 quin
1272 991 1459 1057 Deus
1503 994 1941 1075 improborum
1990 994 2375 1059 violentiam
2422 996 2751 1076 reprimat,

806 1091 879 1146 et
932 1080 1191 1146 furores
1245 1091 1614 1161 compescat
1670 1078 1953 1143 bostium
1998 1080 2238 1145 iniuria
2282 1081 2487 1144 iustos
2532 1080 2753 1163 oppri-

809 1165 1155 1236 mentium,
1223 1165 1289 1228 et
1353 1163 1671 1229 adversus
1737 1165 1951 1247 ipsum
2015 1165 2234 1230 Deum
2293 1176 2474 1230 tanto
2530 1166 2754 1230 furore

811 1251 1320 1335 insurgentium.
1407 1248 1638 1333 Itaque
1681 1251 1735 1314 si
1783 1249 1970 1316 nobis
2014 1250 2176 1315 bene
2221 1250 2458 1317 conscii
2504 1267 2755 1329 sumus,

809 1339 1104 1403 fremant
1161 1334 1311 1401 licet
1358 1336 1651 1400 veritatis
1694 1336 1933 1415 hostes,
1993 1357 2344 1421 veramque
2390 1336 2754 1401 doctrinam

812 1424 1154 1501 irrideant,
1190 1431 1256 1485 et
1279 1433 1597 1486 conentur
1635 1441 1753 1485 nos
1789 1422 1855 1486 in
1895 1422 2176 1486 eundem
2213 1441 2429 1489 secum
2469 1423 2752 1486 furorem

813 1510 1148 1586 inducere,
1194 1519 1259 1571 et
1301 1525 1341 1570 a
1383 1507 1638 1572 sincero
1661 1506 1788 1572 Dei
1833 1507 2015 1573 cultu
2060 1507 2398 1585 deducere,
2442 1529 2525 1573 ne
2572 1508 2755 1572 dubi·

819 1606 1036 1659 temus
1104 1593 1261 1676 quin
1321 1594 1459 1675 ipse
1518 1594 1702 1657 Deus
1761 1612 1800 1656 a
1860 1593 2047 1658 nobis
2103 1595 2442 1660 invocatus
2500 1594 2756 1659 sincero

817 1681 1059 1746 affectu
1126 1681 1193 1743 in
1273 1677 1481 1760 ipsius
1563 1680 1796 1742 timore
1859 1679 2430 1761 perseverantibus
2496 1697 2757 1744 causam

815 1774 1110 1831 nostram
1168 1764 1497 1846 suscipiat,
1557 1778 1623 1828 et
1684 1764 1903 1829 hostes
1961 1777 2220 1830 nostros
2265 1777 2448 1830 tanta
2493 1766 2759 1830 calami-

815 1862 955 1918 tate
990 1852 1200 1932 feriat,
1246 1862 1321 1915 ut
1350 1870 1433 1914 ne
1469 1851 1814 1934 vestigium
1862 1851 2125 1932 quidem
2171 1850 2428 1916 illorum
2480 1851 2760 1932 amplius

815 1950 1148 2021 appareat,
1194 1945 1273 2000 ut
1317 1936 1632 2018 propheta
1676 1936 1963 2018 loquitur
2007 1937 2072 2000 in
2101 1933 2365 2002 Psalmo
2409 1933 2512 2002 37.
2592 1937 2757 2002 Nam

814 2026 1326 2106 quotiescunque
1389 2023 1567 2086 virus
1625 2042 1816 2086 suum
1877 2021 2270 2104 despumant·
2314 2033 2378 2087 et
2422 2043 2607 2088 suam
2656 2041 2759 2086 ra·

816 2108 991 2174 biem
1050 2107 1365 2173 adversus
1424 2108 1656 2172 salutis
1702 2105 2062 2174 doctrinam
2112 2121 2441 2184 evomunt,
2488 2108 2761 2172 minime

816 2192 1252 2260 dubitandum
1313 2194 1467 2275 quin
1527 2214 1597 2258 se
1655 2193 1828 2275 ipsos
1886 2195 1953 2256 in
2015 2193 2278 2276 laqueos
2335 2194 2634 2273 induant,
2695 2202 2764 2257 et

819 2300 945 2347 sua
1005 2289 1139 2344 tam
1199 2279 1470 2344 effraeni
1529 2280 1907 2362 arrogantia
1959 2279 2030 2343 in
2079 2279 2472 2344 horrendam
2518 2289 2584 2345 et
2627 2291 2764 2344 stu·

819 2364 1104 2449 pendam
1125 2364 1731 2430 condemnationem
1758 2365 2146 2447 praecipites
2189 2366 2556 2432 coniiciant.
2639 2365 2761 2430 At-

819 2472 952 2534 que
986 2451 1111 2515 ista
1144 2450 1516 2514 meditanda
1553 2461 1714 2515 sunt
1749 2471 1830 2515 ex
1858 2450 2150 2516 Goliathi
2178 2450 2371 2517 huius
2397 2452 2762 2530 insolentia,

821 2557 1018 2619 quem
1072 2557 1205 2600 non
1265 2534 1498 2618 puduit
1555 2535 1906 2600 adversum
1952 2535 2171 2600 Deum
2234 2538 2567 2602 viventem
2628 2547 2761 2601 tro-

822 2621 1108 2707 phaeum
1156 2621 1425 2704 eri-gere,
1470 2641 1599 2686 non
1639 2633 2010 2686 contentum
2053 2621 2291 2705 populo
2314 2621 2440 2688 Dei
2479 2621 2763 2687 illusisse

823 2717 893 2773 et
947 2706 1247 2771 'dedecori
1304 2705 1625 2785 habuisse,
1684 2715 1751 2771 et
1806 2725 1951 2773 cum
1998 2708 2358 2791 ignominia
2399 2719 2466 2772 et
2508 2727 2764 2775 summo

821 2804 1207 2875 contemptu
1252 2792 1333 2856 ad
1378 2792 1709 2875 singulare
1753 2802 2086 2859 certamen
2132 2805 2531 2875 provocasse.

1000 2877 1192 2961 Quod
1247 2898 1404 2943 vero
1448 2878 1752 2962 deinceps
1800 2877 1961 2946 Saul
2007 2877 2246 2945 dicitur
2289 2879 2371 2944 ad
2417 2880 2579 2945 istos
2627 2879 2761 2945 Go-

822 2964 1012 3032 liathi
1071 2964 1389 3031 clamores
1446 2964 1873 3047 obstupuisse,
1929 2973 1996 3029 et
2052 2975 2229 3030 totus
2274 2977 2419 3030 cum
2466 2966 2607 3049 ipso
2653 2980 2764 3049 po·

821 3050 1053 3135 pulus,
1118 3049 1520 3115 demonstrat
1585 3051 1755 3133 quod
1819 3060 1975 3115 ante
2039 3049 2361 3133 diximus,
2426 3052 2766 3117 recedente

823 3138 1061 3221 spiritu
1103 3135 1372 3201 Domini
1431 3134 1513 3200 ab
1570 3136 1730 3219 ipso.
1790 3135 2010 3200 nullas
2053 3137 2194 3202 eius
2239 3136 2440 3202 fuisse
2482 3137 2767 3219 amplius

824 3223 1035 3299 vii-es,
1114 3219 1636 3305 quandoquidem
1700 3231 1969 3304 propter
2031 3222 2572 3306 ingratitudinem
2640 3222 2769 3288 Dei

824 3308 1076 3374 donum
1131 3308 1188 3373 ei
1249 3308 1464 3372 fuerat
1518 3307 1916 3390 ademptum.
2005 3307 2175 3372 Nam
2234 3309 2291 3374 si
2337 3329 2465 3391 qua
2509 3310 2577 3374 in
2625 3309 2768 3392 ipso

825 3394 1063 3474 virtus,
1124 3394 1181 3457 si
1239 3413 1367 3475 qua
1410 3391 1725 3457 fortitudo
1771 3393 2016 3469 fuisset,
2062 3392 2297 3458 millies
2342 3396 2558 3477 potius
2600 3413 2771 3459 mor-

827 3489 961 3545 tem
1030 3490 1337 3562 oppetere
1400 3476 1677 3543 debebat
1735 3499 1926 3561 quam
1988 3480 2157 3544 ferre
2217 3491 2315 3544 tot
2374 3479 2769 3563 blasphemis

827 3564 1098 3631 vocibus
1145 3564 1265 3629 Dei
1313 3585 1552 3630 nomen
1598 3563 1872 3629 lacerari
1917 3573 1983 3628 et
2027 3564 2339 3631 dedecore
2382 3567 2573 3631 affici.
2635 3565 2770 3632 Sed

828 3651 1149 3716 attonitus
1205 3649 1431 3714 haeret
1488 3670 1634 3716 cum
1695 3662 1833 3714 toto
1892 3650 2131 3734 populo
2176 3652 2425 3734 pariter
2466 3653 2770 3734 obstupe·

827 3736 1021 3802 facto.
1089 3735 1441 3800 Ionathani
1485 3735 1748 3818 quidem
1793 3756 2065 3818 magnos
2108 3739 2360 3803 animos
2404 3748 2560 3803 ante
2605 3738 2770 3803 vidi-

836 3842 1003 3897 mus,
1069 3822 1182 3886 sed
1246 3822 1379 3885 iam
1437 3824 1636 3886 etiam
1694 3821 2175 3904 obstupefactus
2230 3843 2360 3888 non
2420 3822 2635 3906 prodit
2690 3821 2771 3887 ad

836 3917 1191 3986 certamen,
1247 3907 1360 3971 sed
1419 3928 1560 3972 sese
1617 3929 1767 3973 cum
1811 3908 2079 3990 reliquis
2121 3908 2298 3974 intra
2339 3921 2552 3975 castra
2597 3919 2772 3974 metu

837 3993 1150 4061 continet.
1253 3992 1481 4075 Neque
1560 4004 1902 4077 propterea
1968 3993 2387 4077 reprobatum
2453 3995 2668 4078 ipsum
2736 4015 2776 4059 a

834 4079 982 4145 Deo
1019 4077 1397 4157 dixerimus,
1442 4079 1570 4143 nisi
1604 4078 1772 4161 quod
1799 4078 2046 4144 Davidi
2090 4081 2337 4164 regiam
2384 4078 2773 4164 dignitatem

833 4167 1065 4232 cessit:
1111 4174 1181 4230 et
1213 4164 1473 4247 quidem
1511 4165 1706 4242 ultro,
1752 4164 1922 4248 quod
1960 4176 2337 4231 mansuetus
2372 4178 2439 4231 et
2483 4164 2775 4251 placidus

835 4251 965 4318 Dei
1011 4250 1333 4317 voluntati
1377 4251 1681 4315 resistere
1724 4251 2025 4316 noluerit.
2116 4252 2238 4316 Ille
2283 4273 2458 4333 vero,
2502 4263 2580 4317 ut
2623 4264 2774 4316 ante

837 4338 1148 4413 diximus,
1207 4356 1325 4401 sua
1383 4336 1764 4401 fortitudine
1825 4357 1999 4411 usus,
2057 4338 2324 4420 agnovit
2379 4349 2600 4402 tamen
2648 4338 2775 4401 Dei

833 4424 1201 4509 potentiam
1236 4441 1368 4486 non
1404 4442 1545 4485 esse
1587 4423 1863 4505 positam
1909 4425 1976 4485 in
2023 4423 2307 4487 militum
2353 4423 2776 4488 multitudine

836 4517 905 4576 et
972 4509 1238 4575 robore:
1304 4528 1507 4589 quare
1573 4525 1730 4591 ergo
1790 4529 1962 4573 nunc
2019 4510 2144 4572 ista
2202 4530 2329 4574 non
2386 4521 2650 4575 revocat
2706 4510 2774 4573 in

838 4595 1239 4670 memoriam,
1294 4613 1409 4656 cur
1467 4613 1598 4657 non
1646 4592 1959 4658 adversus
2002 4594 2429 4660 Philistaeum
2476 4596 2601 4661 Dei
2648 4596 2776 4659 vir·

841 4689 984 4746 tute
1045 4682 1249 4745 fretus
1306 4689 1634 4744 certamen
1696 4680 1988 4761 suscipit,
2035 4694 2101 4743 et
2147 4681 2266 4745 toti
2311 4681 2547 4763 populo
2594 4702 2774 4764 spem

843 4766 1080 4832 bonam
1141 4780 1208 4830 et
1252 4766 1507 4830 animos
1551 4765 1753 4840 facit?
1843 4765 2091 4831 Verum
2138 4767 2203 4829 in
2249 4767 2408 4848 ipsc,
2455 4778 2529 4831 ut
2572 4769 2776 4843 aiunt,

2480 285 2891 353 HOMILIA
2937 283 3128 352 LXI.
4608 292 4688 358 196

2855 476 3057 543 fuisse
3122 476 3462 553 affectum,
3540 475 3655 542 sed
3721 476 4070 542 attonitum
4141 486 4210 542 et
4272 476 4698 561 obstupefactum

2856 563 3165 628 haesisse.
3245 561 3498 627 Verum
3543 563 3882 627 enimvero
3927 564 3981 628 si
4027 562 4108 628 de
4149 565 4288 630 suis
4331 564 4554 631 viribus
4585 566 4700 633 diffi-

2856 649 3099 714 debant
3140 648 3504 730 Israelitae,
3563 669 3783 713 nonne
3828 649 3954 714 Dei
4015 649 4202 714 favor
4258 649 4418 732 ipsis
4458 652 4701 733 paratissi-

2855 756 3033 800 mum
3096 744 3238 799 erat
3294 732 3697 799 subsidium?
3802 732 3940 800 Cur
3997 755 4126 799 non
4186 736 4394 819 igitur
4443 737 4512 800 ad
4548 735 4705 803 Deum

2857 820 3154 904 precibus
3198 819 3674 885 ardentissimis
3717 819 4227 903 confugiebant?
4307 819 4441 886 Sed
4481 822 4582 887 Dei
4614 844 4707 888 non

2858 908 3324 986 meminerant,
3406 917 3620 971 metus
3697 905 3958 970 illorum
4025 914 4280 973 mentes
4344 918 4707 989 occupaverat,

2856 993 3077 1075 itaque
3142 991 3222 1058 de
3286 990 3575 1057 remedio
3638 990 3955 1057 adversus
4020 1001 4281 1058 tantum
4347 994 4569 1058 malum
4614 1015 4710 1060 non

2856 1079 3332 1161 cogitaverunt.
3400 1079 3511 1143 Ex
3555 1098 3683 1160 quo
3728 1087 4019 1161 apparet,
4062 1078 4205 1143 Deo
4250 1079 4536 1162 spiritum
4571 1099 4710 1144 suum

2857 1164 2938 1228 ab
2996 1164 3370 1229 hominibus
3427 1162 3870 1240 subtrahente,
3927 1183 4056 1228 non
4100 1163 4292 1229 modo
4335 1165 4575 1230 destitui
4610 1164 4715 1230 illos

2858 1250 3126 1315 consilio
3170 1260 3238 1314 et
3282 1249 3528 1314 viribus
3572 1247 3652 1314 ad
3700 1248 4131 1314 resistendum
4181 1250 4488 1329 hostibus,
4536 1251 4626 1315 sed
4656 1271 4716 1315 ne

2859 1337 3143 1419 cogitare
3179 1335 3438 1418 quidem
3487 1334 3567 1399 de
3608 1333 3918 1411 remedio,
3965 1356 4200 1418 nempe
4244 1357 4374 1400 non
4418 1336 4719 1402 meminisse

2861 1423 3072 1487 Deum
3130 1422 3289 1487 satis
3348 1431 3681 1504 potentem
3742 1419 3825 1484 ad
3879 1421 4057 1503 ipsos
4114 1422 4530 1505 protegendos
4566 1430 4619 1487 et
4648 1423 4718 1486 in·

2862 1506 3198 1573 vincibiles
3233 1506 3623 1582 efficiendos,
3660 1517 3726 1571 et
3764 1517 4138 1589 promptum
4179 1507 4261 1571 ad
4301 1528 4412 1573 eos
4443 1506 4721 1572 exaudien-

2863 1593 2977 1657 dos
3036 1593 3145 1675 qui
3204 1614 3346 1658 sese
3405 1593 3473 1657 in
3532 1592 3741 1675 ipsius
3796 1591 4167 1658 clientelam
4229 1593 4556 1676 recipiunt.
4629 1592 4722 1659 Sed

2862 1679 3061 1743 miser
3118 1679 3245 1744 iste
3304 1677 3583 1763 populus
3643 1677 3809 1742 nihil
3862 1679 3989 1743 nisi
4048 1688 4295 1743 metum
4358 1690 4426 1744 et
4476 1689 4725 1744 terrorem

2862 1765 3145 1847 concipit
3166 1766 3310 1829 viso
3336 1763 3670 1843 GoliathO,
3720 1763 3977 1847 Deique
4013 1764 4263 1828 interea
4299 1784 4430 1829 non
4464 1766 4724 1829 meminit:

2863 1862 2978 1915 aut
3029 1851 3083 1915 si
3130 1851 3430 1915 meminit
3475 1863 3689 1915 tamen
3735 1849 3816 1913 ad
3862 1852 4075 1933 ipsum
4121 1851 4419 1932 precibus
4460 1872 4576 1915 non
4614 1870 4727 1914 con·

2863 1934 3048 2020 fugit.
3096 1937 3201 2000 Ex
3240 1936 3480 2018 quibus
3516 1935 3826 2000 discimus
3870 1945 4051 2000 tanto
4092 1935 4445 2001 studiosius
4485 1936 4547 2001 in
4566 1936 4730 2002 Deum

2865 2041 3096 2087 sensus
3139 2041 3363 2087 omnes
3410 2033 3668 2086 nostros
3712 2021 4047 2100 coniicere,
4094 2030 4162 2085 et
4205 2020 4534 2087 ardentius
4571 2025 4729 2104 ipsum

2866 2107 3135 2189 precari,
3199 2119 3273 2171 ut
3331 2128 3451 2173 nos
3508 2108 3577 2171 in
3638 2127 3826 2171 suam
3871 2105 4237 2171 clientelam
4280 2109 4563 2191 recipiat,
4601 2117 4655 2172 et
4684 2108 4732 2170 in

2867 2193 3175 2258 omnibus
3234 2193 3430 2258 rebus
3493 2192 3786 2257 adversis
3844 2192 4288 2276 imperterrito
4346 2203 4415 2259 et
4468 2192 4732 2260 constanti

2868 2278 3087 2344 animo
3143 2281 3422 2361 gratiam
3484 2277 3941 2362 perseverandi
4004 2279 4357 2365 largiatur:
4417 2289 4582 2346 certo
4627 2298 4734 2362 pet-

2867 2367 3077 2429 suasis
3123 2363 3335 2430 Deum
3395 2385 3514 2429 nos
3559 2383 3639 2428 ex
3685 2365 3991 2430 omnibus
4034 2364 4340 2448 periculis
4382 2366 4599 2430 mortis
4635 2384 4737 2428 eru·

2869 2458 3111 2523 turum.
3147 2452 3270 2516 etsi
3295 2451 3475 2515 mille
3498 2460 3741 2515 mortes
3767 2469 3887 2514 nos
3911 2448 4197 2533 undique
4231 2449 4739 2525 circumdederint,

2868 2545 2941 2599 ut
3005 2535 3296 2619 loquitur
3363 2536 3682 2620 propheta
3744 2535 3811 2599 in
3878 2535 4180 2601 Psalmis.
4285 2536 4519 2620 Itaque
4577 2537 4741 2601 animo

2867 2622 3218 2687 confidenti
3277 2621 3464 2688 Deus
3521 2632 3621 2687 est
3675 2621 4098 2702 invocandus,
4163 2630 4233 2687 et
4287 2624 4553 2688 minime
4603 2620 4740 2686 dubi·

2870 2706 3160 2784 tandum,
3204 2713 3358 2790 quin
3396 2727 3516 2774 nos
3552 2728 3633 2771 ex
3672 2708 3890 2772 animo
3932 2707 4277 2773 invocatus
4318 2706 4629 2774 exaudiat.
4673 2705 4742 2771 Ao

2868 2792 3021 2859 licet
3064 2815 3193 2857 non
3240 2794 3446 2859 simus
3489 2791 3733 2877 stupidi
3777 2803 3846 2856 et
3887 2792 4319 2869 insensibiles,
4380 2807 4448 2859 et
4486 2794 4570 2859 sit
4604 2791 4741 2858 nobis

2871 2877 3183 2944 adversus
3250 2881 3565 2963 plurimas
3631 2878 4023 2945 tentationes
4085 2880 4501 2959 certandum,
4576 2887 4745 2944 tamen

2870 2976 3118 3029 certum
3176 2975 3275 3031 est
3332 2985 3559 3030 omnes
3610 2964 4015 3030 calamitates
4068 2975 4137 3029 et
4180 2966 4568 3032 tentationes
4605 2962 4743 3028 nobis

2870 3050 2938 3114 in
2999 3071 3320 3115 summam
3369 3050 3685 3116 laetitiam
3731 3050 4222 3129 convertendas,
4278 3061 4358 3116 ut
4400 3053 4467 3116 in
4512 3050 4745 3115 omnium

2872 3135 3321 3201 calamitatum
3367 3139 3548 3201 exitu
3594 3157 3665 3200 re
3710 3136 3852 3219 ipsa
3879 3137 4094 3203 Deum
4140 3136 4326 3202 nobis
4371 3146 4744 3221 protectorem

2873 3233 2939 3287 et
2993 3233 3245 3305 patrem
3308 3221 3725 3305 experiamur
3767 3242 3910 3286 esse
3953 3221 4140 3305 velle,
4202 3224 4396 3288 modo
4440 3224 4562 3306 ipsi
4600 3219 4748 3286 talem

2872 3307 3304 3372 obedientiam
3352 3306 3720 3387 reddamus,
3765 3326 3961 3389 quam
4006 3306 4196 3373 liberi
4236 3308 4479 3375 debent
4520 3304 4750 3390 parenti·

2873 3393 3024 3458 bus:
3071 3404 3135 3458 et
3179 3395 3275 3459 ita
3317 3406 3562 3459 metum
3607 3413 3865 3458 omnem
3909 3412 4313 3476 superemus.
4382 3393 4603 3477 Neque
4638 3409 4750 3456 vero

2876 3489 3129 3544 tantum
3168 3481 3234 3544 in
3272 3497 3527 3545 summo
3562 3478 3841 3562 quodam
3878 3478 4254 3545 discrimine
4289 3480 4582 3545 divinum
4614 3477 4751 3543 nobis

2876 3564 3196 3629 auxilium
3226 3577 3324 3630 est
3366 3564 3780 3647 sperandum,
3826 3564 3939 3629 sed
3985 3585 4334 3647 persuasos
4376 3587 4519 3631 esse
4557 3571 4751 3648 oportet

2876 3650 3186 3732 quamdiu
3244 3652 3310 3715 in
3371 3651 3564 3717 terris
3624 3651 3930 3734 vivimus,
3985 3651 4206 3715 Deum
4250 3652 4441 3717 nobis
4482 3667 4753 3732 nunquam

2879 3735 3272 3814 defuturum,
3326 3758 3403 3802 ac
3458 3737 3513 3802 si
3573 3757 3691 3821 pro
3749 3735 3936 3801 nobis
3994 3736 4209 3815 fuerit,
4268 3737 4519 3802 nullam
4560 3747 4753 3800 tantam

2880 3841 3022 3887 esse
3088 3822 3429 3887 hominum
3497 3823 3628 3888 vim
3703 3842 3868 3904 quae
3946 3821 4133 3887 nobis
4220 3825 4499 3888 exitium
4578 3820 4756 3885 afferre

2881 3909 3100 4007 possit,
3159 3909 3469 3990 quamdiu
3526 3908 3646 3973 sub
3706 3909 3958 3973 alarum
4017 3908 4228 3992 ipsius
4271 3908 4507 3974 umbra
4547 3906 4757 3972 delitue-

2877 4014 3103 4059 rimus.

3051 4079 3192 4144 Iam
3240 4100 3394 4145 vero
3438 4080 3632 4163 agite,
3676 4084 3780 4146 etc.

3462 4509 3963 4595 HOMILIA
4010 4510 4230 4593 LXI.

3060 4681 3160 4745 12.
3229 4680 3447 4747 David
3507 4687 3711 4746 autem
3753 4685 3890 4746 erat
3928 4681 4110 4762 filius
4148 4681 4277 4746 viri
4320 4677 4669 4764 Ephrama,
4709 4672 4757 4734 ἅθ’

2886 4786 3007 4849 quo
3050 4787 3251 4847 supra
3293 4767 3525 4833 dictum
3567 4771 3670 4841 est,
3711 4768 3785 4832 de
3830 4766 4186 4833 Bethlehem
4225 4767 4418 4844 Iuda,
4462 4766 4562 4831 cui
4596 4777 4755 4828 noum

841 4854 1055 4935 capite
1120 4851 1366 4916 malum
1434 4850 1760 4925 haerebat,
1829 4873 1909 4915 ex
1967 4872 2095 4933 quo
2154 4853 2222 4915 in
2282 4864 2488 4916 totum
2548 4875 2784 4936 corpus
2833 4867 2841 4946 Ι
2887 4858 3022 4918 erat
3045 4853 3205 4932 lsai,
3248 4855 3358 4935 qui
3391 4854 3647 4919 habebat
3681 4858 3805 4918 octo
3844 4853 4032 4936 filios,
4079 4857 4134 4917 et
4174 4858 4311 4918 erat
4350 4854 4459 4918 vir
4497 4852 4565 4916 in
4600 4845 4756 4913 debus

840 4936 1332 5003 effundebatur:
1390 4949 1456 5001 et
1512 4937 1682 5019 quod
1729 4937 1998 5002 Saulem
2044 4936 2228 5002 Deus
2273 4937 2786 5018 condemnasset,

2894 4937 3056 5003 Saul
3097 4959 3297 5023 senex,
3357 4945 3411 5003 et
3449 4940 3850 5024 yrandaevus
3893 4941 4054 5005 inter
4092 4940 4280 5004 viros.
4374 4940 4474 5005 13.
4516 4930 4757 5003 Abinna

845 5044 1178 5107 regnoque
1237 5023 1536 5088 abdicare
1598 5024 2025 5101 decrevisset,
2084 5023 2288 5105 ipsius
2347 5024 2660 5089 iudicium
2716 5027 2782 5088 in
2891 5030 3096 5089 autem
3152 5030 3275 5089 tres
3326 5025 3453 5106 filii
3497 5027 3635 5090 eius
3675 5027 3948 5090 maiores
3978 5030 4125 5107 post
4167 5023 4330 5090 Saul
4374 5026 4445 5090 in
4482 5019 4757 5105 praelim?

841 5111 1224 5175 universum
1251 5110 1448 5175 etiam
1473 5110 1733 5173 extendi
1759 5109 2065 5191 populum
2105 5110 2464 5191 oportebat.
2523 5110 2787 5175 Pariter
2894 5114 2948 5175 et
3012 5112 3265 5175 nomina
3331 5113 3526 5175 trium
3585 5110 3868 5191 tiliorum
3935 5112 4072 5176 eius
4134 5111 4246 5192 qui
4278 5109 4671 5192 perrexerunt
4700 5095 4757 5164 αὖ

843 5195 1041 5261 etiam
1111 5207 1383 5278 apparet
1446 5195 1762 5277 populum
1833 5194 2012 5259 nullo
2065 5194 2191 5259 Dei
2260 5195 2505 5279 gloriae
2572 5195 2788 5261 studio

2896 5195 3147 5274 bellum,
3207 5196 3402 5262 Eliab
3446 5197 3931 5280 primoyenituS‚
3988 5202 4045 5262 et
4101 5198 4414 5264 secundus
4472 5183 4755 5262 Abimdab,
