5059 6059
273 277 379 342 117
1582 276 1683 342 ΙΝ
1718 276 1771 343 1.
1817 274 1998 341 LIB.
2043 272 2445 342 SAMUEL.
2489 274 2683 343 OAP.
2728 275 2883 346 XV.
4095 279 4222 350 118

271 468 427 532 mine
469 463 654 530 valde
695 463 984 564 gloriari,
1030 463 1144 531 sed
1178 465 1284 531 cui
1320 464 1585 533 tandem
1621 465 1805 534 illam
1843 462 2170 530 reddunt?
2275 463 2444 532 ritus
2487 455 2800 531 mentitus
2844 472 2963 545 est,
3009 485 3211 549 quum
3257 465 3369 544 ait,
3419 464 3564 531 Deo
3611 473 3834 552 gratos
3875 474 3944 532 et
3989 488 4215 555 aecep-

266 550 346 618 Iis
387 569 611 634 nempe
656 571 768 633 qut
812 570 851 613 a
896 551 1020 618 Dei
1080 548 1280 616 verbo
1337 550 1559 632 procul
1619 560 2046 630 recesserunt,
2109 561 2175 616 et

268 636 452 702 aDeo
488 637 682 702 alieni
713 636 868 702 facti
912 648 1084 713 sunt,
1129 645 1196 699 et
1232 635 1553 703 mundum
1594 636 1676 702 ab
1723 659 1796 702 eo
1842 646 2172 713 avertunt,

265 733 323 788 et
369 723 433 786 in
491 721 762 787 eandem
827 743 1047 790 secum
1114 722 1558 792 confusionem
1627 722 1915 788 trahunt.
2002 721 2173 786 Nam

266 809 617 893 quicunque
660 805 792 872 Dei
833 807 1046 894 legem
1090 820 1566 891 perverterunt,
1634 820 1708 873 ut
1753 807 2175 893 imaginarios

263 893 462 961 cultus
506 893 648 958 Deo
705 894 1034 974 offerrent,
1086 894 1350 959 fuerunt
1404 902 1772 979 apostatae:
1833 895 2176 977 Deumque

263 977 335 1044 de
375 1000 490 1046 sua
533 978 686 1046 sede
729 979 1095 1060 deturbare,
1139 980 1208 1045 in
1252 999 1385 1062 qua
1428 978 1729 1047 sederent
1771 980 1915 1063 ipsi,
1959 978 2174 1045 conati

259 1079 421 1133 sunt.
509 1063 708 1132 Solus
750 1067 922 1130 enim
971 1066 1152 1131 Deus
1195 1075 1294 1132 est
1352 1065 1703 1151 legislator,
1762 1087 1896 1131 non
1956 1065 2177 1130 futura

260 1153 530 1235 alioquin
592 1151 737 1236 lege
798 1151 1152 1236 spirituali:
1216 1161 1282 1217 et
1338 1150 1481 1218 ideo
1538 1150 1873 1237 legislator
1929 1162 1995 1217 et
2039 1172 2174 1216 ser-

262 1248 437 1302 vator
461 1248 909 1321 nuncupatur:
955 1257 1122 1321 quae
1160 1237 1287 1305 duo
1324 1237 1449 1322 ipsi
1486 1238 1742 1323 proprie
1779 1236 2178 1304 conveniunt

257 1333 318 1388 et
356 1322 697 1388 individuo
743 1323 914 1388 inter
955 1343 1026 1388 se
1070 1343 1248 1388 nexu
1287 1323 1666 1389 cohaerent.
1751 1322 1943 1390 Unus
2002 1323 2175 1386 enim

257 1408 584 1493 legislator
641 1421 736 1473 est
798 1408 907 1491 qui
968 1408 1172 1491 possit
1227 1427 1525 1474 servare:
1571 1429 1770 1492 quare
1812 1409 1922 1491 qui
1969 1407 2175 1473 homi·

255 1516 406 1560 num
467 1493 903 1560 conscientias
961 1493 1155 1559 rebus
1208 1493 1472 1560 incertis
1527 1494 1780 1579 legique
1838 1493 1962 1558 Dei
2022 1513 2174 1559 con·

256 1580 466 1645 trariis
534 1590 604 1644 et
668 1577 1188 1663 repugnantibus
1251 1577 1779 1656 adstrinxerunt,
1849 1588 2176 1664 apostatas

251 1684 386 1731 esse
430 1675 691 1731 certum
730 1672 847 1732 est.
934 1664 1326 1731 Praedicant
1366 1686 1524 1732 sane
1567 1661 1864 1750 papistae
1908 1686 2176 1748 magno-

250 1771 399 1834 pere
459 1748 915 1834 obedientiam,
973 1762 1040 1815 et
1099 1771 1177 1816 ea
1234 1752 1519 1818 maxime
1572 1750 1953 1835 gloriantur.
2044 1748 2175 1817 Sed

250 1838 349 1903 cui
392 1834 793 1920 praebetur?
855 1835 1054 1902 Matri
1102 1845 1380 1916 nostrae,
1424 1837 1629 1915 aiunt,
1674 1847 1937 1902 sanctae
1981 1836 2179 1902 eccle-

247 1923 416 1989 siae:
463 1931 663 2005 atque
707 1921 800 1988 ita
820 1919 1007 1988 Deus
1041 1920 1265 2005 procul
1301 1941 1341 1986 a
1385 1932 1570 2008 tergo
1613 1921 2025 2004 relinquitur.
2087 1922 2179 1990 At

251 2009 354 2091 qui
411 2007 856 2074 obedientiam
923 2008 1297 2092 profitetur,
1356 2006 1501 2073 Deo
1558 2008 1829 2075 creatori
1874 2007 2180 2075 exhibeat

243 2093 421 2160 illam
470 2113 739 2162 necesse
781 2102 914 2160 est:
960 2113 1174 2177 neque
1207 2093 1383 2159 enim
1421 2091 1610 2160 alteri
1634 2093 1814 2161 Deus
1847 2094 1952 2160 ius
1986 2115 2176 2161 suum

244 2179 562 2262 permisit,
608 2179 781 2265 quod
826 2179 948 2245 sibi
985 2179 1106 2246 soli
1143 2178 1403 2260 retinet,
1438 2189 1506 2244 et
1536 2179 1787 2263 primae
1810 2181 2180 2248 autoritatis

245 2265 422 2332 viros
483 2264 640 2331 vult
697 2285 1047 2350 agnoscere
1114 2272 1317 2333 totam
1381 2286 1567 2332 suam
1638 2267 2050 2332 sanctitatem
2115 2275 2182 2331 et

239 2351 717 2436 perfectionem
760 2351 830 2415 in
873 2372 949 2416 eo
992 2351 1184 2417 sitam
1229 2371 1390 2429 esse,
1435 2364 1508 2417 ut
1550 2348 1632 2416 ad
1665 2349 1871 2437 ipsius
1905 2349 2183 2417 verbum

238 2457 381 2503 sese
449 2446 866 2521 componant.
972 2434 1173 2502 Porro
1237 2457 1400 2521 quae
1462 2434 1774 2502 debeatur
1827 2435 1971 2503 Deo
2029 2437 2180 2503 obe·

238 2521 515 2602 dientia,
581 2541 665 2589 ex
725 2521 934 2605 ipsius
987 2522 1330 2587 voluntate
1385 2543 1575 2588 nosse
1635 2543 1764 2588 non
1811 2542 2179 2607 possumus,

237 2607 360 2675 nisi
410 2608 562 2692 ipse
611 2628 743 2673 non
789 2607 1047 2674 doceat:
1104 2607 1219 2674 sed
1279 2605 1484 2690 ipsius
1529 2608 1730 2675 verbo
1775 2609 1958 2675 nobis
2003 2620 2181 2691 pate-

235 2695 406 2760 facto
453 2693 654 2759 nulla
696 2701 994 2777 superest
1036 2692 1315 2775 amplius
1377 2692 1784 2777 ignorantiae
1827 2694 2180 2762 excusatio.

234 2777 375 2845 Nae
421 2781 484 2846 si
532 2779 751 2864 legem
791 2778 972 2845 Deus
1017 2798 1146 2846 non
1191 2777 1492 2859 dedisset,
1532 2789 1784 2845 certum
1829 2788 1929 2845 est
1975 2778 2184 2846 videri

232 2886 423 2949 posse
472 2863 916 2949 conquerendi
961 2861 1286 2948 quandam
1334 2862 1703 2931 hominibus
1747 2863 2029 2932 oblatam
2076 2886 2180 2932 oc·

231 2951 600 3031 casionem,
645 2950 812 3034 quod
859 2948 989 3014 Dei
1032 2950 1435 3016 voluntatem
1483 2970 1671 3017 nosse
1715 2971 1845 3016 non
1889 2961 2181 3034 possent:

227 3045 296 3102 at
337 3058 560 3121 quum
607 3035 1026 3121 evangelium
1071 3034 1444 3111 habeamus,
1482 3057 1608 3120 quo
1643 3036 1951 3103 doeemur
1985 3057 2182 3120 quem

227 3123 351 3189 sibi
412 3123 684 3189 cultum
745 3121 922 3187 Deus
979 3120 1273 3187 exhiberi
1331 3120 1508 3205 velit,
1567 3131 1635 3187 et
1689 3123 1844 3206 quid
1902 3144 1943 3188 a
1999 3123 2184 3189 nobis

222 3208 550 3292 postulet,
623 3207 842 3274 nullus
895 3216 1190 3290 superest
1245 3203 1636 3274 dubitationi
1701 3218 1816 3274 aut
1883 3207 2183 3292 querelae

222 3305 288 3358 et
331 3294 776 3379 ignorantiae
821 3292 1018 3360 loeus.
1105 3291 1252 3358 Hoc
1295 3291 1498 3377 igitur
1539 3291 1802 3362 firmum
1852 3305 1921 3362 et
1964 3306 2182 3360 ratum

222 3389 390 3465 esto,
457 3378 671 3446 unico
718 3379 860 3444 Deo
916 3377 1272 3463 legislatori
1333 3387 1554 3446 nostro
1613 3378 1834 3446 deberi
1877 3378 2181 3446 obedien·

219 3467 426 3532 tiam:
481 3463 729 3531 deinde
789 3462 1082 3542 eandem,
1141 3473 1219 3530 ut
1269 3462 1410 3529 Deo
1453 3473 1645 3549 grata
1697 3466 1802 3543 sit,
1854 3464 1936 3530 ad
1981 3466 2183 3550 ipsius

221 3551 513 3617 verbnm
583 3549 764 3635 exigi
819 3559 1150 3634 oportere:
1218 3558 1286 3615 et
1340 3549 1412 3613 in
1471 3550 1699 3616 eadem
1742 3550 1837 3616 ita
1882 3572 2183 3634 perseve-

217 3659 389 3718 rare,
449 3657 554 3702 ne
615 3656 891 3720 usquam
958 3635 1041 3700 ad
1085 3633 1338 3700 laevam
1380 3646 1496 3700 aut
1539 3636 1837 3702 dextram
1882 3636 2180 3702 deflecta-

216 3741 405 3788 mus:
479 3717 609 3788 sed
667 3735 744 3788 ut
811 3719 1110 3804 discipuli
1173 3720 1254 3788 ab
1317 3720 1523 3803 ipsius
1587 3742 1698 3786 ore
1763 3719 2181 3806 pendeamus,

207 3805 771 3892 quandoquidem
813 3829 890 3872 ea
923 3827 1042 3872 nos
1072 3805 1255 3872 decet
1288 3815 1626 3874 contentos
1662 3827 1801 3873 esse
1844 3807 2180 3891 sapientia,

206 3914 412 3976 qnam
468 3892 676 3959 docet
717 3893 826 3978 qui
872 3913 992 3958 suo
1035 3892 1176 3957 iure
1219 3891 1399 3958 solus
1443 3900 1667 3958 noster
1711 3892 1933 3960 doctor
1978 3905 2093 3960 est.

395 3977 744 4064 Sequitur
788 3977 1092 4079 deinceps
1149 3976 1499 4062 superioris
1552 3976 1704 4044 dicti
1750 3979 2181 4046 confirmatio:

209 4065 469 4133 Melior
518 4069 623 4131 est
662 4064 827 4132 entim
868 4061 1212 4132 obedentia
1251 4083 1442 4146 quam
1482 4065 1797 4132 victimae.-
1838 4069 1894 4130 et
1934 4065 2183 4133 auscul-

204 4156 371 4234 tare,
445 4152 681 4236 magis
741 4170 932 4234 quam
993 4150 1210 4232 offerre
1271 4149 1519 4232 adipem
1594 4149 1884 4216 arietum.
1993 4150 2182 4234 Quae

205 4238 578 4306 sententia
626 4237 791 4303 nihil
836 4236 990 4301 novi
1033 4236 1342 4315 continet,
1377 4233 1489 4301 sed
1533 4256 1699 4319 quae
1735 4247 1889 4304 ante
1916 4235 2182 4304 brevius

207 4333 276 4389 et
340 4322 718 4391 obscurius
775 4322 947 4389 dicta
1002 4321 1392 4387 videbantur
1457 4319 1696 4388 clarius
1758 4324 2062 4407 proponit
2117 4331 2181 4390 et

204 4411 580 4495 explanat.
643 4408 883 4493 ‚Itaque
919 4429 1000 4472 ex
1044 4408 1260 4473 verbis
1293 4406 1454 4485 istis,
1493 4429 1570 4472 ea
1614 4427 1783 4491 quae
1827 4418 1980 4475 ante
2022 4408 2180 4486 dixi,

206 4495 644 4582 colligimus,
701 4514 958 4578 nempe,
1017 4493 1339 4560 rationem
1386 4489 1728 4558 obediendi
1772 4493 1935 4570 Deo,
1995 4494 2062 4560 in
2106 4515 2182 4560 eo

200 4603 354 4648 esse
398 4580 713 4665 posit-am
747 4592 820 4644 ut
854 4576 1126 4644 verbum
1160 4577 1367 4663 ipsius
1405 4577 1513 4643 dili
1564 4591 1750 4644 ent-er
1771 4579 2180 4645 meditemur.

201 4666 392 4732 Nam
445 4666 604 4730 ista
647 4661 913 4731 Samuel
959 4664 1320 4748 coniungit,
1378 4665 1498 4731 obe
1546 4666 1640 4729 ire
1682 4675 1751 4730 et
1793 4663 2181 4731 auscultare.

199 4755 448 4837 Atque
528 4752 634 4815 ita
697 4750 1025 4835 significat
1090 4771 1206 4818 nos
1263 4746 1407 4813 Deo
1475 4770 1607 4816 non
1674 4771 1859 4834 posse
1923 4749 2183 4817 obedire

195 4837 406 4904 bonis
472 4838 731 4903 nostris
787 4835 1281 4914 intentionibus,
1340 4836 1573 4918 quibus
1617 4845 1832 4903 tamen
1892 4837 2184 4921 papistae

195 4925 530 4991 maxime
589 4923 922 4989 nituntur:
970 4922 1082 4990 sed
1106 4922 1231 4988 Dei
1269 4922 1470 4988 verbo
1503 4923 1641 5007 regi
1680 4933 1935 4989 nostras
1969 4925 2182 4988 inten-

193 5010 434 5078 tiones
505 5021 844 5092 oportere,
907 5017 976 5073 et
1032 5007 1170 5075 eius
1235 5005 1643 5074 voluntatem
1706 5009 1972 5092 praeire.
2074 5009 2184 5074 Ex

193 5095 464 5181 quibus
533 5103 812 5179 apparet
869 5115 978 5161 eos
1035 5094 1162 5159 iam
1218 5114 1360 5160 esse
1416 5093 1878 5161 condemnatos
1937 5094 2048 5179 qui
2108 5116 2185 5161 eo

191 5179 617 5267 impietatis
657 5180 1038 5248 deveniunt:
1105 5200 1314 5264 neque
1357 5181 1529 5246 enim
1574 5190 1838 5248 sanctus
1880 5178 2009 5250 Dei
2051 5181 2183 5265 spi·

2280 563 2379 616 tos
2440 569 2550 616 eos
2604 572 2749 618 esse
2803 550 2913 635 qui
2975 552 3116 620 Deo
3175 551 3390 617 obtem
3438 560 3629 618 erant
3686 561 3755 618 et
3820 553 4218 621 auscultant.

2280 634 2457 717 Quid
2516 658 2670 703 vero
2733 647 2834 702 est
2891 635 3305 703 auscultare?
3460 659 3645 721 empe
3693 659 3824 703 non
3871 659 4011 706 esse
4056 641 4219 709 adeo

2280 723 2662 789 temerarios
2726 733 2792 787 et
2855 721 3305 808 imprudentes
3367 729 3443 787 ut
3501 742 3925 808 quaecunque
3984 724 4219 809 aliquis

2280 806 2522 874 dixerit
2581 806 2942 886 credamus,
3000 820 3115 873 aut
3173 808 3241 872 in
3286 807 3553 873 cerebro
3598 807 3907 894 quidquid
3955 810 4221 878 libuerit

2279 893 2645 977 fingamus:
2690 914 2900 977 neque
2944 915 3020 959 eo
3057 892 3365 958 devenire
3401 893 3836 978 insipientiae,
3870 907 3943 960 ut
3976 895 4215 963 bonum

2281 977 2527 1063 aliquid
2573 981 2977 1046 affirmemus
3011 999 3050 1044 a
3087 978 3297 1060 nobis,
3341 987 3454 1044 aut
3497 983 3805 1063 quoniam
3852 979 4014 1047 illud
4052 981 4218 1049 alius

2280 1064 2432 1132 fecit
2474 1064 2543 1129 id
2587 1071 2763 1149 sequi
2812 1064 3125 1132 velimus:
3171 1063 3284 1129 sed
3328 1065 3542 1147 potius
3587 1087 3753 1150 quae
3787 1066 3974 1134 Deus
4019 1069 4217 1136 verbo

2280 1172 2398 1215 suo
2463 1150 2879 1235 praescripsit
2944 1148 3285 1215 audiamus
3344 1158 3411 1214 et
3464 1171 3832 1234 sequamur.
3920 1153 4219 1239 Namque

2278 1237 2420 1302 fieri
2482 1257 2614 1303 non
2674 1245 2902 1319 potest,
2963 1244 3040 1300 ut
3082 1235 3225 1304 Deo
3272 1233 3557 1300 debitam
3600 1235 4031 1305 obedientiam
4078 1239 4221 1305 red·

2282 1322 2545 1403 damus,
2625 1323 2784 1406 quin
2849 1320 3035 1406 prius
3100 1320 3304 1403 ipsius
3374 1320 3569 1387 verbo
3635 1321 3804 1388 docti
3884 1324 4217 1407 fuerimus,

2283 1428 2558 1474 erronea
2612 1408 2830 1493 potius
2884 1417 2952 1472 et
3006 1405 3408 1471 confusionis
3464 1405 3659 1490 plena
3715 1409 3936 1475 futura
3993 1421 4220 1477 nostra

2253 1493 2396 1563 ‚illa
2438 1491 2806 1560 obedientia
2848 1489 3226 1557 Dei'verbo
3268 1511 3395 1557 non
3441 1492 3689 1559 innixa.
3774 1494 3866 1560 Et
3907 1494 4062 1561 licet
4107 1494 4218 1562 diu

2282 1579 2688 1662 multumque
2732 1576 3266 1653 laboraverimus,
3324 1575 3581 1644 inutilis
3626 1589 3843 1646 tamen
3890 1578 4072 1647 labor
4118 1590 4219 1649 est

2279 1663 2563 1746 futurus,
2606 1673 2685 1730 ut
2725 1664 2820 1730 ait
2863 1663 3095 1730 Esaias
3142 1661 3477 1746 propbeta,
3520 1663 3663 1731 Deo
3711 1685 3841 1731 non
3891 1664 4218 1734 referente

2281 1750 2351 1816 in
2395 1751 2641 1836 accepti
2699 1749 2985 1818 rationes
3044 1744 3363 1831 quidquid
3406 1750 3551 1814 sine
3592 1749 3799 1832 ipsius
3841 1752 4041 1818 verbo
4084 1753 4216 1820 fac-

2284 1854 2421 1903 tum
2467 1849 2584 1903 est.
2675 1834 2913 1902 Audiri
2957 1835 3131 1899 enim
3176 1832 3324 1898 vult
3373 1834 3640 1899 verbum
3687 1855 3878 1901 snum
3922 1847 3987 1903 et
4020 1836 4215 1904 silen-

2283 1922 2448 1988 tium
2505 1922 2667 2002 coli,
2727 1931 2801 1988 ut
2857 1918 3069 1985 edocti
3126 1916 3206 1984 ab
3261 1917 3400 2003 ipso
3455 1919 3779 1987 mandatis
3835 1921 3977 1989 eius
4029 1921 4212 1990 obse·

2285 2019 2558 2094 quentes
2599 2010 2850 2074 fiamus.
2938 2003 3133 2070 Hanc
3198 2003 3629 2072 obedientiam
3690 2015 3756 2072 et
3795 2006 4216 2074 auscultatio·

2284 2115 2431 2162 nem
2478 2096 2572 2162 ait
2614 2090 2882 2161 Samuel
2943 2089 3137 2173 longe
3194 2109 3338 2154 esse
3381 2089 3715 2158 meliorem
3772 2100 3840 2158 et
3880 2102 4216 2177 praestan·

2285 2182 2514 2248 tiorem
2561 2178 2863 2258 victimis,
2906 2173 3141 2260 quibus
3190 2174 3408 2240 verbis
3450 2175 3632 2243 iniici
3690 2177 3876 2244 nobis
3918 2179 4216 2245 fraenum

2284 2277 2534 2334 certum
2593 2273 2710 2345 est,
2757 2284 2842 2329 ne
2891 2259 3046 2344 quid
3091 2281 3175 2325 ex
3220 2259 3406 2327 nobis
3461 2259 3623 2345 ipsis
3675 2262 4107 2348 suscipiamus
4149 2272 4218 2329 et

2284 2373 2614 2420 conemur.
2704 2349 2933 2432 Quare
2974 2346 3128 2411 licet
3170 2345 3353 2411 nulla
3395 2348 3814 2418 comminatio
3848 2348 4217 2431 adderetur,

2288 2438 2454 2504 tanti
2496 2447 2714 2502 tamen
2761 2430 3053 2501 facienda
3096 2440 3198 2498 est
3237 2430 3625 2513 obedientia,
3669 2444 3748 2500 ut
3782 2433 3981 2502 nullis
4014 2434 4221 2502 homi·

2285 2544 2444 2606 num
2502 2520 2896 2589 clamoribus
2954 2515 3035 2584 ab
3092 2538 3171 2583 ea
3235 2515 3653 2585 deducamur.
3738 2519 3932 2587 Licet
3995 2519 4218 2604 itaque

2331 2608 2578 2691 apiatas
2634 2605 2969 2682 obiiciunt,
3035 2623 3155 2668 nos
3211 2621 3323 2669 eas
3381 2604 3840 2687 caeremonias,
3884 2626 3992 2673 eos
4048 2606 4218 2675 ritus

2287 2631 2417 2760 bei
2452 2692 2702 2760 colendi
2728 2713 2858 2757 non
2896 2687 3154 2769 habere,
3198 2707 3363 2771 quos
3395 2690 3541 2773 ipsi,
3590 2688 3803 2758 nullas
3843 2690 3911 2755 in
3956 2691 4220 2775 templis

2288 2781 2526 2848 nostris
2584 2778 2928 2863 imagines,
2986 2773 3168 2841 nulla
3222 2771 3419 2853 idola,
3461 2775 3679 2841 nullas
3732 2795 3977 2857 cruces,
4037 2776 4219 2843 nulla

2289 2865 2542 2946 altaria,
2600 2865 2787 2934 nulla
2841 2859 3119 2942 denique
3175 2870 3557 2926 ornamenta
3615 2861 3919 2944 conspici,
3981 2859 4217 2928 nihilo-

2287 2952 2509 3018 minus
2551 2962 2773 3018 tamen
2815 2949 2936 3015 etsi
2958 2947 3084 3016 Dei
3129 2946 3274 3030 lege
3318 2965 3451 3012 non
3492 2945 4008 3029 prohiberentur,
4053 2966 4217 3031 qnae

2334 3037 2618 3104 rohibsri
2642 3035 2946 3117 deinceps
2982 3029 3364 3110 videbimus,
3402 3042 3613 3098 certos
3647 3052 3788 3097 esse
3823 3051 3941 3100 nos
3963 3039 4219 3115 oportet

2284 3059 2413 3189 gei
2460 3122 2733 3190 verbum
2777 3127 3124 3203 sequentes
3158 3137 3373 3183 errare
3409 3136 3540 3181 non
3578 3137 3789 3201 posse:
3833 3136 3909 3188 ac
3944 3115 4217 3202 proinde

2286 3209 2440 3276 licet
2494 3209 2578 3274 ab
2634 3205 3010 3273 hominibus
3066 3211 3410 3287 propterea
3471 3201 4011 3282 condemnemur,
4070 3201 4216 3270 Deo

2287 3306 2506 3360 tamen
2567 3313 2688 3362 nos
2745 3289 3105 3377 approbari,
3163 3297 3556 3374 gratumque
3612 3286 3708 3353 illi
3772 3296 3837 3354 et
3879 3297 4218 3372 acceptum

2288 3401 2430 3446 esse
2470 3378 2719 3446 cultum
2769 3386 3084 3453 nostrum,
3129 3373 3320 3442 modo
3364 3395 3446 3439 ne
3491 3374 3572 3440 ab
3614 3374 3753 3440 eius
3799 3374 3994 3441 verbo
4037 3394 4217 3441 rece·

2290 3466 2540 3542 damus,
2586 3461 2700 3531 sed
2745 3463 2817 3530 in
2856 3460 2969 3528 illo
3026 3461 3163 3526 solo
3208 3459 3710 3609 acquiescamus.
3798 3457 4216 3543 Quapropter

2286 3552 2616 3618 facessant
2670 3549 2841 3615 irriti
2897 3546 3237 3613 hominum
3326 3544 3580 3612 abores.
3665 3542 3834 3610 Nam
3892 3564 4058 3629 quas
4101 3542 4215 3611 de·

2288 3636 2537 3703 mentia
2576 3643 2697 3716 est,
2756 3633 3024 3700 dubium
3080 3640 3149 3696 et
3190 3632 3516 3698 incertum
3560 3630 3886 3713 praeferre
3929 3641 4109 3696 certo
4155 3639 4222 3696 et

2286 3721 2668 3802 indubitato,
2726 3718 2898 3805 quod
2942 3715 3126 3783 Deus
3168 3725 3429 3800 gratum
3475 3725 3542 3781 et
3583 3726 3921 3800 acceptum
3966 3715 4217 3783 habet?

2287 3808 2462 3891 Quid
2509 3828 2665 3893 ergo
2709 3805 2981 3872 miseros
3024 3823 3180 3869 suae
3222 3801 3375 3867 illae
3432 3800 3638 3866 bonae
3699 3802 4093 3870 intentiones
4151 3814 4218 3868 et

2189 3913 2192 3916 ’
2284 3895 2697 3962 inventiones
2740 3893 2992 3968 iuvant,
3035 3908 3200 3972 quae
3229 3884 3392 3954 nihil
3438 3885 3566 3952 nisi
3610 3885 3992 3954 diabolicam
4036 3907 4216 3953 arro·

2283 3980 2573 4065 gantiam
2619 3980 2911 4044 innatam
2957 3971 3328 4042 testantur?
3419 3970 3598 4054 Quin
3662 3972 3795 4039 imo
3839 3969 4215 4038 Samuelem

2285 4064 2529 4150 aliquid
2577 4063 2854 4148 amplius
2899 4058 3308 4126 adiicientem
3355 4056 3727 4124 audiamus:
3786 4078 3994 4142 neque
4037 4057 4213 4122 enim

2286 4160 2546 4218 tantum
2600 4148 2757 4216 dicit
2814 4145 3097 4214 victimis
3150 4143 3583 4234 obedientiam
3640 4143 3831 4229 longe
3874 4155 4211 4227 praestan·

2287 4238 2534 4315 tiorem,
2594 4235 2709 4302 sed
2753 4231 2936 4299 addit
2988 4230 3183 4297 etiam
3230 4228 3646 4295 rebellionem
3692 4249 3833 4294 esse
3879 4237 4209 4312 peccatum

2288 4320 2730 4400 divinationis,
2783 4327 2850 4384 et
2907 4315 3089 4400 quasi
3148 4314 3361 4383 scelus
3402 4314 3824 4391 idololatriae,
3889 4312 4061 4379 nelle
4106 4333 4211 4378 ac·

2285 4407 2635 4491 quiescere.
2719 4404 2869 4470 Vox
2914 4414 3134 4469 autem
3177 4401 3459 4467 hebraea
3515 4420 3714 4485 quam
3781 4396 4211 4464 idololatriam

2286 4493 2606 4560 vertimus
2651 4490 2979 4575 significat
3032 4484 3380 4570 aliqnando
3434 4486 3874 4569 iniquitatem:
3935 4482 4046 4549 sed
4109 4482 4213 4548 hic

2286 4600 2404 4663 pro
2459 4576 2823 4644 idololatria
2881 4572 3070 4651 sumi,
3126 4594 3257 4638 vox
3316 4572 3511 4638 etiam
3573 4571 3702 4636 alia
3745 4569 3997 4636 adiecta
4038 4567 4209 4632 The-

2287 4663 2567 4747 rapbim,
2611 4662 2817 4744 magis
2862 4660 3064 4726 docet.
3153 4656 3490 4742 Quidquid
3555 4677 3708 4740 ergo
3753 4653 3872 4720 sibi
3917 4653 4214 4719 homines

2286 4747 2721 4833 persuadeant
2761 4755 2903 4811 rata
2944 4746 3072 4811 ista
3107 4756 3206 4811 est
3225 4743 3495 4809 Domini
3539 4741 3879 4820 sententia,
3926 4737 4029 4804 vel
4072 4749 4213 4805 tan·

2287 4835 2501 4901 tilium
2545 4833 2626 4899 ab
2668 4833 2871 4916 ipsius
2915 4829 3114 4897 verbo
3150 4828 3540 4908 recedentes,
3574 4846 3984 4910 quascunque
4019 4822 4215 4889 devo·

2287 4922 2497 4990 tiones
2538 4930 2795 4987 sanctas
2837 4925 3242 5002 praetexant,
3286 4933 3416 4979 non
3461 4912 3590 4979 alio
3621 4932 3764 4978 esse
3799 4908 3970 4995 apud
3994 4909 4211 4976 Deum

2287 5007 2425 5074 loeo
2491 5025 2685 5091 quam
2753 5002 3244 5069 idololatrarum
3311 5010 3377 5064 et
3440 4998 3844 5076 divinorum,
3923 5006 3985 5062 et
4064 4994 4217 5061 licet

2288 5092 2504 5178 angeli
2571 5092 2758 5157 nobis
2805 5088 3179 5165 videamur,
3245 5104 3362 5168 pro
3419 5082 3780 5149 idololatris
3846 5090 4066 5148 tamen
4136 5080 4217 5146 ab

2289 5179 2429 5263 ipso
2472 5175 2721 5244 haberi.
2811 5174 2990 5241 Sane
3048 5173 3103 5238 si
3160 5172 3305 5255 quis
3362 5170 3429 5235 in
3490 5177 3623 5236 tota
3665 5169 3986 5254 scriptura
4030 5167 4222 5233 locus

3839 5269 3905 5324 8.
