5059 6059
299 329 403 395 393

294 527 356 585 ut
398 537 578 604 supra
632 515 939 583 diximus.
1029 514 1448 601 Quapropter
1503 515 1673 584 nihil
1720 514 1879 582 inde
1921 514 2189 582 absurdi

294 606 570 689 sequitur,
610 603 668 667 si
714 623 845 668 non
890 602 1176 686 potuisse
1209 603 1503 687 ipsorum
1535 603 1950 687 iniquitatem
1982 601 2192 668 deleri

295 691 645 757 dixerimus:
691 686 869 769 Quid
923 687 1064 754 ita?
1125 710 1364 773 nempe
1424 687 1599 774 quod
1649 690 2013 773 praefracte
2073 687 2191 754 ad-

294 796 490 843 versus
528 773 1000 840 admonitiones
1044 783 1163 840 aut
1202 777 1639 843 correctiones
1680 775 2053 841 calcitrent:
2112 796 2189 842 ac

291 861 543 947 specioso
582 859 928 928 sacerdotii
972 871 1318 943 praetextu
1359 862 1533 939 freti,
1590 861 1779 928 laxas
1820 861 1902 926 ad
1941 860 2191 928 scelera

293 948 526 1032 quaevis
566 944 850 1013 habenas
892 946 1019 1013 sibi
1061 948 1470 1030 permittant,
1513 946 1675 1014 adeo
1718 955 1794 1013 ut
1835 947 2057 1013 omnia
2090 948 2190 1030 ip-

290 1053 480 1100 sorum
533 1032 845 1098 sacrificia
885 1040 956 1097 et
996 1033 1216 1099 cultus
1259 1035 1474 1100 omnis
1547 1033 1715 1099 nihil
1771 1034 1900 1098 nisi
1942 1033 2189 1099 abomi-

290 1120 443 1184 natio
493 1138 710 1184 coram
752 1118 1038 1183 Domino
1083 1120 1301 1186 fuerit.
1388 1120 1471 1185 Id
1512 1140 1706 1202 saepe
1750 1117 1969 1185 Deum
2013 1118 2193 1203 apud

286 1203 605 1289 prophetas
661 1202 976 1270 adversus
1030 1204 1406 1291 hypocritas
1460 1206 1687 1271 testari
1748 1204 2067 1282 videmus,
2121 1212 2190 1269 et

285 1290 635 1355 nominatim
678 1288 849 1371 apud
895 1289 1159 1370 Isaiam,
1205 1290 1310 1357 his
1352 1292 1607 1357 verbis:
1655 1288 1987 1371 Quorsum
2023 1290 2189 1355 mihi

284 1375 599 1441 multitudo
664 1376 1126 1441 sacrificiorum
1193 1384 1597 1456 vestrorum,
1676 1377 1833 1442 dicit
1896 1375 2185 1443 Iehova?

285 1461 464 1527 Satur
500 1481 648 1527 sum
700 1460 1098 1529 holocaustis
1134 1464 1436 1542 arietum,
1482 1473 1552 1529 et
1584 1460 1774 1547 adipe
1808 1462 2186 1548 pinguium:

283 1554 341 1612 et
374 1546 682 1631 sanguine
724 1547 1168 1627 iuvencorum,
1226 1569 1674 1634 agnorumque
1732 1558 1800 1614 et
1855 1548 2187 1614 hircorum

280 1654 393 1698 non
452 1632 753 1699 delector.
842 1632 1037 1715 Quod
1102 1634 1425 1700 advenitis
1490 1645 1565 1701 ut
1625 1634 2054 1718 compareatis
2119 1635 2187 1698 in

281 1729 596 1802 conspectu
644 1738 824 1783 meo:
878 1720 1027 1803 quis
1071 1720 1397 1802 quaesivit
1440 1721 1565 1787 hoc
1605 1742 1645 1786 a
1687 1740 1892 1785 manu
1948 1727 2188 1793 vestra,

279 1817 343 1869 ut
397 1804 781 1870 conculcetis
846 1806 1016 1871 atria
1080 1806 1273 1871 mea?
1360 1806 1615 1890 Nempe
1661 1806 1986 1872 Dominus
2047 1804 2189 1871 falli

277 1890 674 1956 vehementer
738 1890 1117 1974 hypocritas
1181 1892 1286 1957 his
1347 1893 1566 1958 verbis
1625 1899 1920 1971 testatur,
1987 1911 2189 1975 quum

318 1995 381 2040 ro
420 1976 701 2060 peccatis
743 1980 879 2043 suis
920 1977 1296 2044 satisfacere
1337 1978 1671 2046 sacrificiis
1705 1987 1771 2043 et
1806 1978 2190 2043 muneribus

337 2082 402 2127 eo
437 2083 629 2147 posse
672 2062 798 2128 sibi
820 2049 1256 2146 ‘persuadent
1342 2063 1530 2130 Idem
1572 2064 1778 2149 igitur
1822 2064 2015 2128 huius
2063 2061 2187 2128 loci

279 2169 483 2214 sensus
533 2157 659 2214 est.
750 2148 955 2214 Porro
1011 2150 1476 2216 sacrificiorum
1534 2151 1801 2216 nomine
1853 2169 1991 2214 non
2035 2157 2192 2214 sunt

281 2254 347 2299 ea
381 2234 801 2318 intelligenda
858 2236 1176 2302 sacrificia
1218 2256 1383 2319 quae
1425 2256 1572 2301 cum
1614 2237 1898 2320 puritate
1941 2244 2009 2300 et
2056 2235 2189 2299 sin-

282 2319 519 2385 ceritate
540 2318 758 2387 cordis
788 2320 1263 2386 offerebantur:
1300 2321 1535 2404 quibus
1569 2331 1821 2387 certum
1850 2330 1949 2387 est
1970 2319 2191 2387 Deum

281 2407 507 2472 miseris
762 2407 1016 2473 toribus
1069 2427 1328 2489 semper
1385 2406 1584 2472 fuisse
1625 2408 2060 2487 conciliatum,
2115 2415 2191 2470 ut

279 2512 473 2556 eorum
516 2493 962 2558 misereretur.
1051 2491 1188 2558 Sed
1242 2514 1442 2577 quum
1488 2491 1673 2558 Deus
1721 2493 1830 2558 hic
1888 2491 2192 2557 meminit

277 2577 739 2658 sacrificiorum,
793 2599 870 2643 ea
923 2578 1236 2663 intelligit
1292 2598 1460 2662 quae
1517 2587 1775 2645 tantum
1834 2578 2067 2644 umbra
2123 2585 2193 2644 et

276 2663 464 2730 fumus
498 2673 710 2742 erant,
752 2664 986 2746 quibus
1007 2665 1151 2729 Deo
1187 2686 1259 2730 se
1300 2667 1636 2749 imponere
1670 2665 1969 2731 homines
2000 2684 2190 2750 posse

276 2768 345 2813 ex
394 2771 569 2815 mera
626 2749 1005 2834 ignorantia
1062 2752 1474 2834 persuadent.
1563 2750 1741 2817 Sunt
1797 2761 2018 2815 autem
2077 2749 2192 2816 illa

275 2835 518 2918 nugalia
560 2845 628 2901 et
674 2835 944 2912 ludicra,
1011 2837 1230 2920 qualia
1272 2845 1429 2903 sunt
1470 2837 1709 2921 quibus
1751 2837 2034 2902 infantes
2077 2836 2190 2903 de·

272 2922 633 2988 mulcentur.
728 2922 821 2986 At
887 2943 1017 2987 non
1083 2924 1176 2987 ita
1221 2923 1403 2990 Deus
1470 2922 1578 3006 agi
1643 2944 1866 2989 secum
1924 2923 2188 3006 patitur.

272 3005 427 3073 Hine
466 3009 676 3093 igitur
720 3007 950 3072 utilem
999 3007 1170 3075 hanc
1214 3009 1577 3075 doctrinam
1639 3008 2001 3086 eliciamus,
2047 3010 2191 3074 Deo

272 3091 502 3159 iurante
542 3093 957 3178 pereundum
1003 3093 1397 3173 hominibus,
1440 3094 1511 3160 in
1547 3094 1893 3179 reprobum
1926 3115 2190 3161 sensum

273 3181 569 3246 coniectis.
665 3178 1109 3261 Quamobrem
1154 3180 1380 3247 sedulo
1425 3181 1793 3248 cavendum
1837 3181 2022 3246 nobis
2071 3191 2189 3259 est,

271 3284 342 3327 ne
378 3266 586 3332 Deum
635 3274 990 3348 tentemus,
1033 3267 1350 3350 patientia
1393 3266 1599 3351 ipsius
1643 3266 1849 3347 abusi,
1902 3287 1986 3331 ne
2045 3276 2193 3332 tan·

272 3349 397 3415 dem
436 3352 505 3417 in
548 3351 796 3419 diaboli
843 3351 1107 3435 laqueos
1150 3360 1217 3417 et
1273 3352 1690 3438 tyrannidem
1749 3352 2193 3434 coniiciamur,

272 3434 546 3521 iustoque
591 3437 727 3505 Dei
782 3437 1021 3504 iudicio
1083 3437 1350 3503 tandem
1391 3440 1858 3522 opprimamur.
1947 3438 2049 3504 Ac
2092 3439 2192 3504 vi-

271 3522 465 3588 cissim
508 3534 576 3592 et
620 3526 752 3590 hoc
794 3523 1273 3607 pensitandum‚
1332 3546 1523 3609 posse
1586 3545 1706 3590 nos
1762 3525 2022 3608 quidem
2073 3524 2191 3590 ho-

267 3609 524 3677 minibus
581 3611 926 3692 imponere
969 3610 1275 3674 simulata
1319 3621 1596 3676 externa
1639 3610 1920 3694 quadam
1967 3612 2189 3693 poeni-

266 3695 477 3776 tentia,
537 3696 658 3762 sed
727 3694 856 3759 Dei
928 3694 1146 3761 oculos
1208 3696 1282 3760 in
1346 3697 1482 3761 ima
1547 3697 1763 3763 cordis
1826 3696 2189 3780 penetralia

265 3777 590 3861 intuentes,
656 3780 979 3846 malitiam
1047 3792 1340 3847 nostram
1407 3783 1728 3867 detegere,
1798 3794 1864 3847 et
1921 3781 2189 3847 tandem

268 3884 467 3931 severe
498 3868 846 3950 castigare.
935 3866 1169 3950 Itaque
1213 3868 1590 3934 discendum
1635 3870 1869 3934 inanes
1912 3889 2055 3933 esse
2099 3869 2187 3932 ri-

266 3959 366 4016 tus
403 3972 618 4019 omnes
683 3963 1010 4031 externos,
1076 3952 1203 4017 nisi
1259 3955 1504 4020 veritas
1559 3954 1749 4029 adsit,
1816 3974 2010 4037 quam
2058 3953 2187 4018 Dei

269 4036 471 4103 oculus
520 4040 862 4117 intuetur,
927 4048 1001 4102 ut
1067 4039 1163 4103 ait
1211 4039 1533 4123 propheta
1588 4040 1901 4106 Ieremias
1957 4058 2097 4122 cap.
2143 4040 2186 4105 5

264 4141 322 4186 v.
361 4124 399 4188 3
453 4127 519 4189 in
578 4124 961 4211 hypocrisin
1022 4124 1247 4208 populi
1294 4127 1558 4204 gravius
1614 4128 1946 4203 invectus,
2014 4124 2186 4209 quod

264 4209 465 4275 multis
506 4212 751 4277 ritibus
806 4231 881 4277 ae
925 4211 1367 4290 caeremoniis,
1436 4233 1513 4278 ac
1570 4211 1825 4277 frivolis
1867 4223 1933 4276 et
1976 4213 2187 4276 inani-

263 4292 372 4359 bus
421 4296 708 4362 cultibus
751 4298 1059 4379 pietatem
1105 4299 1466 4374 simularet,
1513 4307 1581 4362 et
1623 4296 1956 4380 quandam
1998 4318 2185 4364 sanc-

264 4379 499 4446 titatem
558 4383 693 4449 sibi
754 4381 1192 4465 persuaderet.
1279 4383 1475 4449 Hanc
1531 4383 1910 4468 hypocrisin
1963 4382 2185 4449 ridens

261 4467 575 4550 propheta,
637 4467 814 4548 dicit,
870 4467 1091 4534 oculos
1151 4468 1277 4536 Dei
1322 4469 1403 4534 ad
1462 4469 1657 4534 fidem
1717 4468 2060 4552 respicere,
2116 4470 2184 4534 id

262 4562 349 4615 est
387 4555 832 4620 sinceritatem
878 4563 946 4619 et
991 4555 1462 4620 rectitudinem.

411 4639 747 4724 Deinceps
787 4661 946 4707 vero
977 4641 1245 4706 Samuel
1282 4641 1664 4708 dormivisse
1708 4640 1948 4706 dicitur
1978 4661 2186 4723 usque

260 4742 454 4803 mane,
499 4738 567 4791 et
614 4728 909 4791 timuisse
951 4725 1241 4793 indicare
1284 4728 1604 4793 visionem
1650 4726 1826 4804 Heli,
1870 4726 2020 4792 licet
2060 4726 2185 4792 sibi

262 4807 493 4877 iuberet
558 4814 889 4894 patefieri:
957 4833 1032 4878 ac
1096 4813 1361 4878 tandem
1426 4835 1625 4896 quum
1692 4821 2038 4897 urgeretur
2102 4812 2185 4878 ab

260 4892 420 4977 Heli,
465 4900 578 4981 qui
626 4900 944 4965 visionem
990 4898 1084 4963 illi
1131 4900 1367 4965 factam
1412 4898 1669 4978 sciebat,
1726 4909 1796 4964 et
1850 4897 2182 4963 adiurare·

260 4991 376 5061 tur,
417 5004 559 5049 eam
596 4986 997 5067 patefecisse.
1067 4985 1165 5049 Ac
1200 4987 1482 5068 primum
1520 4986 1782 5068 quidem
1817 4984 2181 5061 observate,

259 5064 503 5136 blandis
530 5070 915 5137 Samuelem
939 5069 1154 5136 verbis
1178 5072 1285 5135 hic
1306 5071 1387 5136 ab
1410 5071 1566 5137 Heli
1589 5069 2002 5154 compellari:
2044 5069 2185 5136 Fili

261 5153 522 5236 ω’,φιιέ
546 5157 1194 5223 sermodietusestad
1227 5157 1331 5222 te?
1385 5157 1510 5223 Oro
1531 5164 1708 5238 teme
1736 5156 2032 5222 celaveris
2055 5175 2186 5222 me:

263 5237 484 5307 deinde
539 5242 992 5310 animadverso
1044 5243 1232 5329 pueri
1289 5243 1523 5309 timore
1574 5244 1787 5310 acrius
1827 5243 2076 5310 instare
2120 5251 2188 5309 et

1635 328 1737 394 IN
1779 327 1834 393 Ι.
1878 326 2060 394 LIB.
2106 326 2512 395 SAMUEL.
2558 326 2759 394 CAP.
2802 328 2934 396 111.

4107 324 4238 392 394

2295 516 2622 606 adiurare,
2667 516 2772 584 his
2814 517 3064 584 verbis:
3125 516 3303 583 Haec
3354 517 3557 601 faciat
3598 515 3712 582 tibi
3752 514 3950 596 Deus,
3992 520 4049 581 et
4089 515 4237 583 haec

2294 604 2506 680 addat,
2550 605 2615 668 si
2655 603 3631 670 abxonderssamsermonm
3672 603 4235 670 &omnibusver-

2294 688 2392 755 bis
2443 709 2604 771 quae
2657 690 2830 756 dicta
2884 696 3032 756 sunt
3084 690 3216 755 tibi.
3306 690 3389 771 Q.
3437 688 3500 754 d.
3567 688 3841 755 Gavesis
3883 688 4236 773 quidquam

2294 774 2711 841 absconderis
2756 796 2795 840 a
2840 796 2948 842 me
2988 796 3219 842 eorum
3263 795 3432 859 quae
3454 775 3640 840 Deus
3681 776 3752 840 in
3796 775 4011 841 sinum
4048 784 4235 840 tuum

2295 862 2621 943 deposuit,
2678 861 2844 926 mihi
2914 861 3271 928 revelanda
3312 872 3380 927 et
3422 859 3913 946 patefacienda:
3968 882 4124 927 nam
4167 871 4236 926 te

2294 967 2615 1032 praecone
2680 948 2825 1013 vult
2888 949 3022 1013 uti:
3087 948 3328 1031 alioqui
3386 948 3446 1013 si
3497 947 3933 1025 absconderis,
4000 946 4237 1012 merito

2294 1033 2592 1116 proditor
2657 1031 2979 1099 habearis.
3088 1035 3258 1099 Tum
3326 1031 3705 1100 Samuelem
3770 1033 3832 1098 ei
3902 1053 4234 1098 sermones

2295 1119 2636 1185 universos
2699 1119 3054 1203 indicasse,
3127 1118 3421 1202 nihilque
3496 1120 3580 1185 ab
3647 1140 3723 1184 eo
3787 1117 4233 1184 abscondisse:

2291 1204 2625 1288 Helinque
2669 1205 3019 1287 excepisse,
3070 1204 3390 1272 Dominus
3430 1203 3613 1271 Deus
3653 1208 3760 1283 est,
3804 1204 3970 1286 quod
4012 1202 4237 1268 bonum

2293 1295 2385 1355 est
2425 1291 2496 1354 in
2554 1290 2754 1355 oculis
2804 1292 2947 1356 sais
2998 1290 3216 1373 faciat.
3303 1291 3434 1358 Hic
3498 1292 3784 1375 primum
3850 1289 4234 1365 notandum,

2294 1375 2672 1442 Samuelem
2736 1397 2870 1442 non
2929 1375 3232 1443 habuisse
3284 1376 3544 1459 quidem
3603 1377 3677 1441 in
3734 1376 4065 1441 mandatis
4119 1373 4237 1440 illa

2293 1482 2463 1545 quae
2492 1462 2891 1528 revelatione
2925 1472 3264 1546 acceperat
3284 1462 3444 1528 Heli
3478 1460 3803 1529 sacerdoti
3836 1462 4234 1545 patefacere:

2293 1547 2407 1614 sed
2466 1556 2690 1613 tamen
2747 1568 2895 1613 eam
2951 1549 3154 1614 fuisse
3195 1547 3465 1614 Domini
3519 1559 3829 1614 mentem.
3917 1546 4090 1612 Nam
4139 1548 4238 1612 ita

2294 1633 2583 1700 voluisse
2636 1634 2848 1719 magis
2906 1635 3122 1718 ipsum
3166 1634 3324 1700 Heli
3384 1634 3788 1701 sacerdotem
3850 1633 4127 1698 deiicere
4169 1641 4237 1698 et

2293 1719 2500 1787 veluti
2544 1720 2790 1785 maiore
2830 1723 2964 1786 ictu
3009 1720 3228 1798 ferire,
3274 1729 3350 1786 ut
3377 1718 3738 1786 socordiam
3773 1739 3962 1785 suam
3999 1737 4237 1803 agnos-

2295 1825 2465 1884 cens,
2525 1806 2788 1871 veniam
2847 1806 3312 1889 deprecaretur
3365 1826 3405 1870 a
3464 1806 3772 1887 Domino,
3828 1805 4013 1871 cuius
4065 1805 4236 1870 iram

2291 1890 2363 1956 in
2407 1912 2479 1955 se
2522 1892 2988 1970 concitaverat,
3044 1901 3111 1957 et
3162 1912 3240 1958 eo
3295 1892 3557 1975 quidem
3609 1912 3818 1975 usque
3860 1898 3935 1956 ut
3974 1890 4046 1956 in
4089 1891 4237 1954 uni·

2295 1998 2560 2042 versum
2606 1977 2922 2061 populum
2966 1979 3257 2045 confusio
3301 1986 3616 2059 manaret,
3671 1974 3848 2060 quod
3906 1975 4239 2042 remissior

2295 2065 2363 2127 in
2408 2062 2693 2129 filiorum
2737 2064 3147 2146 inquirendis
3191 2073 3257 2128 et
3298 2062 3726 2147 corripiendis
3768 2062 4037 2147 flagitiis
4079 2062 4241 2128 fuis-

2295 2156 2412 2214 set.
2489 2147 2625 2215 Sed
2669 2157 2888 2215 tamen
2934 2149 3227 2215 nondum
3274 2148 3570 2216 Samueli
3610 2147 4010 2234 patefecerat
4050 2167 4237 2212 men-

2296 2241 2430 2299 tem
2473 2255 2665 2300 suam
2695 2236 3054 2301 Dominus:
3097 2238 3520 2319 quamobrem
3565 2255 3766 2319 quum
3813 2252 3979 2318 puer
4022 2232 4236 2297 adhuc

2295 2328 2484 2397 esset,
2554 2329 2623 2386 et
2684 2320 2977 2401 timidus,
3042 2324 3276 2388 merito
3335 2344 3406 2388 se
3463 2323 3636 2405 apud
3691 2320 3899 2385 Helin
3951 2338 4238 2402 purgare

2294 2407 2523 2490 potuit,
2582 2405 2753 2489 quod
2796 2428 2927 2473 nou
2971 2408 3239 2473 haberet
3281 2409 3684 2486 mandatum,
3741 2404 3859 2471 illa
3913 2424 4078 2487 quae
4134 2424 4240 2469 re-

2297 2491 2626 2558 velatione
2669 2501 3007 2577 acceperat
3049 2494 3497 2578 patefaciundi.
3586 2491 3810 2574 Quare
3852 2511 4012 2557 vero
4055 2490 4239 2555 Deus

2294 2600 2429 2644 non
2471 2579 2756 2644 iusserat
2798 2579 2983 2645 illum
3027 2580 3253 2645 audita
3287 2576 3666 2645 declarare?
3733 2578 3990 2659 Nempe
4026 2575 4241 2674 voluit

2294 2662 2457 2729 haec
2498 2665 2717 2747 ipsum
2745 2665 2954 2730 Helin
2993 2665 3308 2732 sciscitari
3350 2674 3417 2730 et
3456 2665 3808 2748 inquirere,
3851 2681 3980 2761 quo
4025 2681 4239 2745 magis
4360 2702 4363 2706 .

2294 2771 2444 2816 eum
2491 2752 2560 2814 in
2605 2761 2937 2834 posterum
2983 2752 3307 2832 iuvarent,
3350 2759 3416 2815 et
3456 2749 3541 2816 ad
3586 2750 3846 2816 animae
3887 2748 4099 2831 ipsius
4139 2767 4242 2811 sa-

2296 2836 2500 2901 lutem
2546 2845 2766 2902 essent
2824 2836 3030 2914 utilia,
3086 2857 3281 2920 quam
3336 2837 3436 2901 illi
3484 2836 3840 2920 contigisse
3883 2832 4238 2900 verisimile

2296 2930 2428 3001 est,
2508 2921 2681 3005 quod
2763 2921 3003 2989 divinis
3068 2923 3618 2989 admonitionibus
3682 2922 3896 2986 locum
3962 2916 4235 2983 dederit.

2297 3009 2548 3073 Contra
2604 3007 2830 3075 videas
2883 3010 3216 3091 improbos
3271 3008 3576 3073 frendere
3634 3006 3966 3083 dentibus,
4034 3023 4234 3087 quum

2295 3095 2633 3178 ingratum
2711 3095 2979 3160 auribus
3023 3093 3356 3178 quidpiam
3401 3092 3776 3162 hauserint:
3859 3110 3981 3156 nec
4043 3108 4233 3174 posse

2298 3181 2501 3245 ullam
2548 3180 3062 3246 admonitionem
3106 3180 3483 3246 admittere:
3529 3180 3731 3243 immo
3765 3177 3823 3242 si
3864 3177 4040 3260 ipsos
4083 3194 4241 3239 con·

2296 3266 2571 3332 scientia
2626 3266 3026 3349 flagitiorum
3073 3266 3316 3332 auditis
3382 3261 3933 3331 admonitionibus
3990 3280 4238 3326 remor·

2296 3352 2425 3427 det,
2488 3351 2619 3417 Dei
2662 3351 2935 3418 verbum
2981 3373 3022 3418 a
3063 3373 3135 3418 se
3169 3351 3506 3437 repellere,
3564 3361 3630 3415 et
3680 3369 3871 3415 aures
3918 3346 4235 3412 adversus

2294 3437 2456 3503 illud
2503 3439 2844 3504 obturare:
2894 3436 3068 3520 quod
3112 3439 3201 3504 sit
3243 3439 3456 3502 instar
3490 3435 3786 3519 scalpelli
3829 3452 4030 3500 venas
4072 3431 4237 3530 inci-

2295 3522 2534 3605 dent-is,
2578 3534 2695 3589 aut
2738 3525 3016 3591 vulnera
3058 3523 3437 3604 scrutantis,
3489 3533 3556 3587 et
3617 3522 3902 3586 latentes
3948 3535 4239 3585 vomicas

2296 3611 2662 3692 aperientis.
2753 3610 2984 3694 Longe
3049 3609 3158 3676 hic
3224 3609 3416 3674 aliter
3457 3607 3639 3690 Heli,
3705 3607 3818 3691 qui
3880 3605 4015 3670 iam
4080 3611 4238 3668 ante

2294 3695 2664 3760 denuntiati
2721 3707 2789 3761 et
2825 3695 3232 3761 imminentis
3275 3694 3499 3760 iudicii
3543 3714 3673 3758 non
3717 3694 4077 3767 immemor,
4134 3696 4238 3754 ta-

2293 3802 2445 3846 men
2491 3780 2801 3847 audiendi
2844 3801 3081 3848 novam
3128 3780 3301 3847 hanc
3345 3778 3762 3863 prophetiam
3822 3776 4058 3842 avidus
4115 3784 4238 3854 est,

2293 3869 2416 3932 etsi
2470 3887 2827 3950 persuasus
2884 3868 2953 3932 in
3016 3887 3201 3933 suam
3242 3887 3384 3932 esse
3427 3867 3801 3949 perniciem,
3858 3862 4047 3946 quasi
4091 3861 4235 3926 Deo

2291 3953 2562 4018 coelitus
2616 3954 2958 4018 intonante
3016 3962 3082 4018 et
3135 3952 3532 4036 fulgurante.
3634 3948 4078 4016 Nihilominus
4135 3954 4236 4011 ta·

2291 4059 2444 4104 men
2490 4039 2620 4103 Dei
2665 4038 3007 4103 veritatem
3059 4039 3351 4123 inquirit.
3439 4036 3619 4103 Hine
3677 4036 4023 4110 discamus,
4080 4032 4236 4097 licet

2291 4125 2360 4188 in
2418 4126 2544 4191 hoc
2599 4126 2846 4191 mundo
2896 4124 3107 4190 multa
3168 4125 3354 4190 nobis
3411 4123 3586 4189 mala
3645 4132 3715 4188 et
3756 4121 4033 4187 adversa
4070 4116 4233 4183 tole·

2292 4209 2498 4275 randa
2556 4210 2705 4289 sint,
2770 4231 2900 4276 non
2943 4210 3091 4276 ideo
3135 4220 3358 4275 tamen
3403 4230 3443 4275 a
3484 4210 3631 4274 Deo
3673 4220 4021 4292 conspeetu
4065 4202 4232 4300 fugi-

2291 4296 2550 4372 endum,
2613 4295 2726 4362 sed
2771 4296 2992 4379 potius
3033 4316 3291 4362 summo
3335 4295 3549 4360 studio
3593 4293 3956 4366 nitendum,
4017 4297 4092 4353 ut
4135 4308 4231 4370 ip-

2287 4384 2425 4448 sius
2469 4381 2671 4448 verbo
2714 4381 3080 4461 doceamur,
3124 4393 3190 4446 et
3226 4381 3490 4465 quidem
3526 4382 3677 4448 licet
3711 4376 4015 4445 tristitiae
4042 4372 4236 4456 plena

2291 4469 2514 4533 omnia
2558 4469 2711 4532 sint.
2811 4468 3042 4551 Neque
3100 4468 3273 4532 enim
3333 4468 3603 4533 tristitia
3661 4464 3775 4530 illa
3828 4467 3904 4528 u't
3958 4460 4234 4525 molesta

2291 4552 2605 4638 fugienda
2646 4563 2765 4632 est,
2810 4575 2976 4637 quae
3023 4553 3104 4619 ad
3147 4555 3612 4637 poenitentiam
3659 4551 3869 4616 ducit:
3916 4545 4033 4645 sed
4073 4564 4227 4610 con·

2291 4648 2397 4704 tra
2438 4641 2614 4706 votis
2660 4641 2937 4705 summis
2982 4641 3350 4724 expetenda
3394 4659 3548 4722 prae
3590 4637 3770 4702 omni
3814 4632 4051 4718 gaudlo
4101 4638 4231 4696 ter·

2289 4746 2468 4805 reno,
2484 4747 2612 4809 quo
2625 4726 2882 4808 profani
2899 4725 3121 4790 Deum
3136 4726 3449 4792 oblivioni
3464 4723 3796 4789 tradentes
3812 4717 4228 4816 insolescunt.

2288 4811 2392 4877 Ne
2438 4833 2556 4877 nos
2598 4813 2808 4895 igitur
2850 4811 3108 4876 taedeat
3150 4811 3253 4878 his
3297 4811 3528 4875 mediis
3563 4809 3644 4872 ad
3672 4806 3889 4871 Deum
3924 4805 4227 4902 invitari:

2289 4918 2502 4985 neque
2546 4898 2818 4963 moleste
2860 4897 3169 4978 feramus,
3215 4898 3271 4962 si
3329 4897 3605 4980 primam
3661 4905 4232 4977 persequutionem

2290 4983 2498 5048 altera
2553 4984 2747 5067 longe
2805 4986 3073 5068 gravior
3129 4983 3429 5065 excipiat,
3489 4991 3562 5045 ut
3618 4975 3893 5043 subinde
3953 4973 4233 5075 vulnera

2289 5069 2742 5137 recrudescere
2762 5068 3126 5137 videantur.
3193 5069 3363 5134 Nam
3390 5062 3936 5149 quemadmodum
3981 5082 4051 5126 ιιι
4086 5079 4227 5126 cor-

2291 5155 2502 5240 poreis
2555 5154 2820 5236 morbis,
2881 5177 3014 5221 non
3057 5175 3194 5220 uno
3236 5150 3528 5235 scalpelli
3569 5151 3721 5229 ictu,
3780 5148 3884 5215 vel
3930 5144 4228 5230 peniculo

2290 5242 2431 5308 solo
2488 5242 2768 5308 vulnera
2823 5252 2890 5309 et
2931 5242 3222 5309 vomicae
3264 5246 3598 5316 sanantur,
3645 5235 3762 5302 sed
3806 5254 4001 5317 saepe
4045 5254 4229 5319 repe—
