5059 6059
287 318 392 388 13⁷

281 509 474 578 debita
557 501 926 572 humilitate
1017 505 1245 592 flagitii
1338 505 1754 589 punitionem
1838 505 2172 573 admittit?
2276 503 2650 573 hominibus
2708 506 2887 589 dare,
2948 515 3023 574 ut

276 595 532 663 Minime
583 593 912 677 gentium:
970 591 1088 659 sed
1141 599 1369 659 contra
1413 613 1496 658 ne
1537 591 1870 659 tantillum
1913 592 2173 677 quidem
2279 592 2523 658 tionem
2596 593 2874 679 fugiant.
2973 591 3066 661 Se

276 681 459 761 cedit,
528 688 594 743 et
660 688 891 746 eontra
946 678 1239 744 renitens
1294 675 1675 745 Samuelem
1731 687 1919 765 rogat
1971 686 2046 744 ut
2103 699 2176 746 se
2277 679 2487 764 magis
2528 678 2967 746 obfirmantur
3007 679 3077 745 in

1571 315 1671 382 IN
1711 315 1765 383 Ι.
1810 315 1993 385 LIB.
2038 311 2440 385 SAMUEL.
2484 315 2684 384 oAP.
2732 317 2886 384 XV.

4081 319 4211 387 138

3122 514 3384 607 aratam-
3431 515 3762 607 aeternam
3799 506 4218 608 ‘condemna-

3177 615 3296 679 pro
3365 601 3492 658 ista
3549 601 3942 677 cogitatione
3998 596 4217 678 potius

3120 678 3407 765 flagitiis,
3466 691 3539 744 ut
3600 679 3944 746 videantur
4000 701 4223 765 neque

274 785 467 834 ceram
489 763 851 831 senioribus
871 763 1135 831 Israelis
1164 772 1232 830 et
1263 765 1572 846 aniverso
1603 763 1843 849 populo
1878 764 2173 867 honoret}
2275 766 2528 830 ratione
2573 765 2709 831 ulla
2748 764 3047 849 praediti,
3092 786 3303 849 neque
3347 764 3544 831 ctiam
3589 784 3750 848 quas
3794 766 4012 832 meriti
4055 776 4219 833 sunt

270 853 363 918 Ex
415 849 644 935 quibus
698 850 917 917 verbis
971 850 1162 916 illum
1218 859 1492 934 apparet
1547 870 1678 915 non
1745 870 1982 936 magno
2045 850 2176 917 Der

2400 871 2519 917 nas
2577 851 2810 918 laturi:
2868 858 2935 917 et
2988 851 3410 918 vehementer
3465 859 3600 916 tam
3656 851 3782 933 ipsi
3829 852 3971 918 Deo
4015 872 4211 935 quam

271 937 481 1003 timore
535 935 704 1018 duci,
760 936 952 1002 mode
1007 955 1222 1003 coram
1282 935 1655 1002 hominibus
1699 955 1888 1002 suam
1930 937 2182 1002 autori-
2237 955 2242 1012 ζ
2323 936 2652 1004 ominibus
2705 938 3119 1006 reluctantur
3164 944 3239 1002 et
3290 935 3719 1021 indignantur
3777 937 3953 1003 omni
4000 938 4213 1022 posito

268 1033 448 1089 tatem
492 1022 790 1102 retineat,
846 1030 912 1088 et
955 1022 1035 1089 de
1078 1041 1195 1089 sua
1239 1020 1570 1107 dignitate·
1599 1021 1765 1088 nihil
1810 1023 1934 1107 ipsi
1980 1022 2176 1106 depe-
2274 1021 2523 1107 pudore
2567 1033 2639 1088 et
2676 1023 3092 1091 verecundia.
3158 1022 3299 1089 Nos
3343 1043 3499 1089 vero
3542 1041 3887 1089 caveamus
3929 1045 4212 1091 summo·

266 1117 406 1212 reat.
489 1107 653 1209 Nos·
679 1109 902 1209 itaque
957 1107 1260 1210 quoniam
1303 1107 1492 1174 istud·
1522 1107 1894 1209 exemplum
1936 1127 2178 1259 proffi

264 1204 423 1260 nitur
475 1194 762 1260 hominis
816 1212 995 1259 omni
1053 1213 1253 1260 sensu
1310 1202 1380 1260 et
1431 1194 1689 1259 ratione
1744 1205 1981 1278 paratu
2145 1216 2171 1259 1

2357 1128 2430 1174 re
2487 1130 2572 1175 ne
2628 1109 2773 1176 istis
2829 1109 3076 1177 similes
3131 1109 3368 1174 simus:
3440 1105 3586 1173 Deo
3644 1109 4064 1189 reluctantes,
4123 1131 4223 1176 ne·

2173 1223 2180 1236 ·
2295 1214 2465 1279 onge
2540 1195 2628 1261 sit
2709 1195 2991 1262 deterior
3062 1203 3289 1262 nostra
3365 1193 3655 1261 conditio
3718 1194 3975 1261 futura:
4047 1197 4219 1280 quim

260 1280 500 1364 iudicio,
559 1279 892 1347 discamus
941 1296 1072 1345 non
1125 1278 1286 1344 adeo
1346 1279 1664 1366 mundum
1722 1280 1968 1345 intueri·
2005 1281 2169 1365 quin
2269 1281 2490 1364 potius
2547 1281 2691 1347 Deo
2749 1291 3039 1349 nostram
3100 1277 3572 1366 turpitudinem
3632 1278 3845 1365 palam
3909 1281 4215 1366 evulgari

257 1366 448 1446 mach
503 1365 572 1430 in
635 1366 757 1431 Dei
822 1365 1066 1433 iudicia
1134 1366 1339 1431 simus
1407 1366 1679 1431 intenti:
1722 1385 1830 1438 ,ac
1897 1364 2174 1449 proinde
2273 1366 2519 1432 volenti
2564 1367 2740 1432 ultro
2781 1367 3205 1434 subiiciamur
3247 1377 3312 1432 et
3355 1367 3894 1449 obtemperemus.

255 1459 500 1536 peccata
558 1451 850 1536 agnituri
915 1450 1210 1518 eoelestis
1273 1450 1452 1517 illius
1509 1449 1877 1534 summique
1934 1450 2178 1519 iudicis

2445 1452 2539 1517 Et
2585 1453 2903 1520 hactenus
2945 1452 3025 1520 de
3068 1452 3288 1519 verbis
3328 1450 3460 1518 illis
3508 1449 3726 1517 Saulis
3763 1450 4008 1518 dictum
4045 1462 4204 1535 esto,

255 1538 646 1603 maiestatem
689 1539 1086 1617 intueamur,
1138 1537 1528 1622 veniamque
1569 1536 1900 1622 supplices
1939 1536 2176 1621 depre-
2270 1537 2508 1621 quibus
2562 1539 2825 1624 rogavit
2866 1538 3252 1606 Samuelum
3304 1545 3375 1604 ut
3419 1555 3638 1604 secum
3683 1538 3958 1616 veniret,
4004 1558 4211 1623 seque

251 1641 489 1690 emur:
547 1642 627 1690 ac
685 1624 741 1688 si
799 1643 992 1708 quam
1051 1623 1467 1689 afflictionem
1521 1623 1870 1689 immiserit
1925 1622 2006 1688 ad
2049 1643 2168 1689 noe

250 1708 666 1795 negandos,
738 1709 1012 1794 patienti
1076 1718 1143 1775 et
1196 1708 1529 1775 moderato
1582 1710 1804 1782 animo
1858 1709 2166 1788 feramus,

247 1807 309 1861 et
357 1796 680 1862 adversus
735 1796 1078 1861 stimulum
1137 1815 1221 1860 ne
1269 1794 1716 1861 calcitremue:
1774 1805 1839 1859 et
1882 1794 1936 1858 si
1983 1793 2172 1861 Dens

246 1901 458 1947 coram·
507 1881 887 1949 hominibus
941 1880 1106 1947 velit
1158 1889 1453 1946 nostrum
1513 1879 1802 1947 dedecus
1937 1881 2165 1960 infieri,

243 1988 318 2033 ne
370 1977 609 2034 contra
662 1967 906 2052 gloriae
965 1974 1227 2033 nostrae
1285 1964 1694 2031 studeamus:
1799 1989 1800 1992 ¹
1949 1967 2167 2049 potius

239 2052 474 2136 pudere
518 2052 764 2119 suffusi·
802 2051 931 2119 Dei
975 2071 1254 2117 manum·
1286 2052 1588 2117 feramus.
1667 2051 1944 2118 Summo
1986 2053 2165 2116 enim

236 2138 567 2206 commodo
627 2148 848 2204 nostro
903 2138 1033 2219 fiet,
1086 2147 1164 2203 ut
1221 2135 1473 2204 detecta
1529 2157 1742 2204 coram
1790 2136 2180 2203 hominibus·

238 2224 637 2308 turpitudine
670 2234 915 2305 nostm,
951 2231 1020 2289 et
1052 2223 1411 2309 ignominia
1447 2231 1514 2289 et
1536 2223 1879 2306 opprobrio
1900 2221 2167 2289 suffusis

235 2308 408 2376 Deus
452 2321 724 2394 peecata
766 2308 1106 2389 condonet,
1148 2310 1394 2393 illaque
1431 2319 1751 2394 perpetua
1794 2307 2014 2374 deleat
2051 2309 2166 2375 ob-

233 2394 487 2462 livione.
582 2395 752 2462 Nam
813 2396 923 2479 qui
984 2395 1337 2462 ambitione
1378 2395 1623 2480 turgidi
1666 2396 1946 2481 gratiam
1991 2394 2165 2478 apud

233 2481 526 2549 homines
588 2483 886 2562 retinere,
947 2482 1204 2565 virique
1244 2480 1394 2546 boni
1438 2479 1672 2546 haberi·
1705 2480 1952 2556 volunt,
2010 2500 2178 2546 suae

231 2568 446 2634 sordes
501 2577 578 2632 et
634 2567 1136 2650 inquinamenta
1177 2573 1406 2650 tegunt
1445 2566 1596 2631 olim
1644 2568 1970 2632 nocitura:
2025 2583 2174 2632 non¹

231 2653 411 2720 aiiter
453 2673 658 2739 quam
694 2654 804 2737 qui
848 2654 1093 2718 malum
1136 2651 1459 2719 occultum
1497 2651 1682 2730 celat,
1727 2661 2003 2717 mortem
2041 2651 2164 2718 sibi

226 2740 550 2806 maturius
606 2738 941 2819 conciliat3
999 2737 1168 2823 quod
1221 2737 1452 2803 fuisset
1493 2738 1731 2821 alioqui
1775 2736 2180 2803 medicabile·

227 2824 515 2892 adnibito
551 2825 972 2924 convenienti
1008 2822 1316 2925 remedio.
1384 2822 1622 2908 Detegi
1659 2833 1876 2889 autem
1913 2823 2175 2890 malum·

223 2909 1241 3081 212¹'2OE10‘⁰‘f1t.‘¹⁰i‘.3103¹0¹⁰32‚¹3t÷2¹32
1262 2908 2178 3080 ‘wnffzsssfffissz

226 3083 340 3150 viri
394 3083 564 3150 boni
623 3082 884 3161 haberi,
958 3082 1373 3168 gratiamque
1428 3092 1510 3146 et-
1557 3081 1972 3147 autoritatem
2034 3100 2165 3166 qua

222 3172 506 3236 maxime
562 3169 796 3235 valent
849 3169 1146 3233 retinere·
1189 3167 1479 3252 cupiunt,
1538 3161 1673 3233 Dei·
1723 3167 1988 3232 interim
2049 3165 2161 3232 ob·

219 3254 639 3322 liviscentes:
675 3254 877 3320 immo
901 3253 1026 3318 Dei
1055 3262 1124 3320 et
1144 3253 1523 3337 angelorum
1552 3252 1864 3319 iudicium
1901 3259 1969 3317 et
2007 3271 2162 3319 com-

219 3340 714 3407 demnationem
773 3340 960 3424 parvi
1004 3339 1334 3420 facientes,
1391 3338 1583 3405 modo
1627 3340 1736 3405 bic
1778 3357 1998 3404 coram
2041 3336 2168 3403 ho·

218 3427 510 3494 minibus
592 3425 1020 3491 absolvantur
1094 3443 1457 3509 nomenque
1532 3443 1725 3490 suum
1812 3425 2160 3490 retineant.

214 3512 392 3581 Hinc
436 3512 746 3579 nascitur
786 3512 865 3576 im
902 3510 1092 3576 vitiis*-
1119 3507 1485 3576 induratioz
1531 3509 1686 3577 hine
1730 3510 1894 3575 mali
1929 3509 2172 3576 occulti·

215 3598 391 3665 labes
449 3607 526 3665 et
581 3598 788 3668 foetor
831 3596 1156 3676 accrescit,
1213 3595 1595 3679 lethumque
1636 3596 1892 3661 miseris
1933 3595 2161 3661 adfert

212 3683 360 3752 Nos·
381 3686 616 3769 itaque
652 3682 983 3750 discamus
1017 3684 1114 3747 ita
1146 3701 1268 3747 nos
1298 3679 1682 3765 expendere
1703 3691 1768 3746 et
1802 3681 2161 3766 explorare,

213 3779 286 3837 ut
338 3778 591 3856 sponte
646 3788 869 3834 coram
933 3769 1070 3834 Deo
1123 3785 1635 3851 comprimamus,
1710 3773 1777 3833 et
1835 3767 1902 3831 in
1959 3767 2165 3851 ipsine

207 3857 606 3941 praesentia·
658 3865 926 3939 moesta
968 3863 1194 3920 nostra
1235 3854 1458 3938 magis
1487 3871 1562 3920 ao
1604 3852 1820 3938 magis
1861 3851 2163 3918 condem·

208 3961 466 4009 nemus.
553 3941 656 4007 Ac
701 3940 776 4018 si,
820 3947 897 4005 ut
939 3949 1091 4005 ante
1135 3939 1290 4020 dixi,
1351 3959 1470 4005 nos
1512 3937 1826 4005 dedecore
1867 3945 1934 4002 et
1976 3938 2165 4022 ignc-

213 4028 426 4094 minia
472 4025 802 4104 suffundi,
861 4033 928 4091 et
968 4026 1038 4091 in
1081 4024 1458 4108 exemplum
1497 4024 1788 4109 produci,
1835 4033 2162 4090 nostrum*-

211 4134 336 4198 que
372 4113 672 4180 dedecus
714 4111 1014 4196 evulgari
1053 4111 1354 4190 voluerit,
1408 4111 1738 4194 patienter
1776 4109 2161 4176 toleremus:

213 4211 280 4266 et
334 4198 586 4265 Deum·
633 4215 977 4281 precemur
1032 4198 1131 4261 uti
1187 4195 1464 4262 dedecus
1523 4193 1684 4261 illud
1743 4196 1810 4260 in
1870 4203 2162 4261 nostram

211 4287 504 4352 salutem
569 4291 803 4360 vertat,
862 4290 1248 4366 nostrosque
1299 4301 1531 4348 sensus
1586 4282 1683 4347 ita
1723 4282 2026 4367 captivet,
2085 4290 2164 4345 ut

210 4372 420 4456 ipsius
484 4368 817 4436 voluntati
872 4368 1142 4451 penitus·
1188 4368 1689 4451 acquiescamus.
1790 4367 1874 4432 In
1931 4366 2164 4450 primis

208 4479 367 4524 vero
412 4473 848 4539 summopere
889 4452 1249 4520 cavendum
1297 4473 1380 4519 ne
1424 4451 1742 4519 adversus
1764 4453 2001 4532 Deum,
2043 4472 2166 4517 nos

210 4543 546 4611 dedecore
589 4541 805 4625 aliquo
848 4547 913 4605 et
955 4539 1326 4625 ignominie
1368 4538 1760 4604 afficientem
1795 4557 2166 4623 pugnemus

207 4639 324 4696 aut
377 4628 863 4711 obloquamur:
931 4645 1019 4690 ne
1076 4625 1379 4691 indurato
1423 4635 1491 4689 et
1534 4624 1901 4708 praefracto
1946 4624 2165 4689 animo

206 4716 462 4782 mulum
517 4715 598 4778 in
639 4712 834 4778 nobis
870 4712 1196 4778 occultum
1243 4709 1648 4794 sepeliamus,
1695 4718 1762 4773 et
1803 4729 1887 4775 ne
1921 4710 2165 4793 pudeat

205 4821 330 4868 nos
385 4818 630 4867 eoram
672 4798 818 4863 Deo
875 4807 1248 4863 nostrarum
1308 4795 1676 4860 animarum
1718 4794 1970 4861 medico
2013 4795 2168 4860 vul·

205 4907 368 4954 nera
415 4894 660 4952 nostra
702 4881 1004 4969 detegere
1047 4882 1280 4967 quibus
1323 4880 1679 4947 medeatur.
1767 4879 1879 4947 Sic
1922 4879 2170 4946 ssacino·

203 4975 335 5040 rosi
397 4970 737 5048 homines,
797 4989 1071 5054 quorum
1113 4969 1360 5053 flag-itia
1404 4966 1820 5051 deteguntur,
1878 4968 2169 5051 cogitare

203 5059 481 5143 debent,
522 5075 659 5121 non
694 5064 941 5121 temere
978 5053 1044 5118 id
1078 5056 1493 5139 contingere:
1526 5052 1640 5118 sed
1678 5069 1884 5136 quum·
1915 5052 2168 5118 occulta

202 5165 323 5211 sua
369 5151 658 5230 peecata
699 5161 842 5207 esse
878 5139 1002 5206 sibi
1039 5139 1529 5224 pollicerentur:
1577 5138 1792 5203 Deum
1838 5137 1950 5203 illa
1995 5136 2168 5202 velle

197 5232 422 5318 retegi
461 5233 736 5314 praeter
777 5245 963 5293 suam
1000 5226 1391 5310 opinionem,
1437 5233 1506 5291 et
1540 5224 1623 5289 de
1655 5222 1884 5291 iisdem
1920 5239 2165 5308 peenas

2269 1621 2618 1690 honoraret
2662 1645 2877 1691 coram
2923 1624 3291 1691 senioribus
3330 1622 3557 1707 populi
3592 1631 3663 1687 et
3692 1644 3909 1690 coram
3933 1624 4199 1703 Israele,
4273 1663 4294 1732 Ι

2269 1719 2343 1776 ut
2384 1728 2461 1775 ea
2495 1711 2749 1776 ratione
2782 1730 2967 1777 suam
3003 1707 3176 1793 apud
3211 1711 3387 1793 ipsos
3423 1708 3834 1775 autoritatem
3871 1711 4203 1777 retineret.

2269 1793 2474 1876 Quasi
2519 1815 2677 1862 vero
2713 1794 2981 1863 Samuel
3013 1796 3141 1862 Dei
3187 1794 3517 1862 decretum
3562 1806 3777 1880 posset
3820 1796 4200 1861 immutare:

2267 1889 2382 1945 aut
2438 1891 2665 1965 posset·
2714 1882 2884 1966 apud
2943 1881 3241 1948 homines
3299 1882 3727 1946 autoritatem
3756 1881 4049 1947 obtinere
4092 1881 4205 1965 qui

2266 1964 2394 2031 Dei
2453 1966 2692 2034 iudicio
2750 1979 2825 2033 et·
2871 1987 3071 2033 manu
3131 1966 3572 2033 deficiebatur.
3660 1966 3849 2032 Deus
3891 1979 4200 2050 tanquam

2265 2050 2540 2118 fulmine
2583 2055 2795 2138 ipsum
2841 2052 2977 2119 lata
3021 2052 3349 2120 sententia
3389 2059 3819 2137 percusserat,
3863 2061 3939 2118 et
3972 2052 4202 2118 nibilo-

2264 2137 2486 2203 minus
2566 2138 2907 2204 bominum
2986 2139 3277 2204 &vorem
3357 2147 3424 2203 et
3493 2137 4012 2204 benevolentiam
4078 2139 4203 2205 eibi

2265 2223 2627 2306 pollicetur.
2695 2223 2886 2306 Quod
2909 2223 3064 2308 quid
3087 2223 3266 2289 aliud
3289 2234 3406 2304 est,
3445 2222 3727 2304 obsecro,
3764 2243 3957 2307 quam
3983 2223 4213 2291 Deum·

2266 2325 2348 2374 ex
2392 2329 2507 2375 suo
2566 2329 2763 2377 sensu
2816 2310 3055 2388 metiri,
3114 2321 3179 2375 et
3221 2310 3342 2395 ipsi
3386 2309 3572 2376 velut
3612 2311 3684 2374 in
3725 2308 3961 2377 faciem
4004 2312 4211 2378 rasis-

2266 2394 2451 2460 tere?
2540 2395 2863 2461 Procula·
2888 2396 3079 2462 nobis
3112 2396 3284 2462 absit
3317 2404 3545 2461 tantus
3581 2403 3840 2479 stupor:
3886 2403 3957 2461 et
3976 2394 4203 2462 Deum‘

2267 2479 2468 2547 nobis·
2489 2481 2820 2549 infensum
2864 2483 3237 2561 sentientes,
3285 2503 3367 2547 ne
3412 2502 3451 2548 a
3494 2479 3691 2548 rebus
3735 2482 3969 2548 creatis
4014 2482 4200 2548 auxi·

2266 2566 2428 2632 lium
2486 2575 2972 2652 exspectemus:
3034 2588 3186 2634 nam
3246 2567 3340 2633 ita
3397 2567 3710 2633 maiorem
3770 2568 3838 2632 in
3886 2587 4004 2634 nos
4046 2588 4199 2633 con-

2266 2651 2747 2719 demnationem
2830 2673 3328 2721 accerseremus.
3452 2653 3903 2719 Nihilominus
3981 2661 4199 2719 tumen

2269 2735 2535 2805 Samuel
2580 2738 2780 2805 illum·
2810 2740 3109 2806 comitari
3155 2738 3393 2804 veluit:
3437 2745 3677 2824 nempe
3719 2738 3911 2823 quod,
3947 2747 4029 2803 ut
4058 2738 4215 2803 heri·

2266 2825 2621 2909 attigimus,
2681 2824 2973 2890 nondum
3047 2823 3335 2891 venisset
3401 2824 3949 2891 exauctorationis
4025 2823 4207 2889 illius

2267 2920 2528 2993 tempus
2577 2919 2646 2976 et
2700 2917 3103 2977 momentum
3162 2910 3519 2994 prophetae
3574 2918 3640 2975 et
3697 2909 4033 2974 hominum
4092 2929 4198 2974 re·

2266 3005 2530 3082 speetu:
2575 2996 2754 3081 qued·
2791 3005 3009 3062 tamen
3054 2995 3220 3080 apud
3270 2996 3485 3061 Deum
3543 3007 3756 3060 ratum
3817 3003 3975 3060 erat.
4063 2993 4199 3060 Sed

2269 3082 2500 3148 nullus·
2521 3080 2677 3148 dum
2714 3082 3092 3167 designatus
3127 3097 3463 3148 successor
3484 3078 3719 3157 fuerat,
3755 3100 3946 3164 quem
3975 3088 4198 3146 tamen

2266 3170 2477 3252 ipsum
2521 3187 2563 3232 a
2603 3167 2757 3233 Deo·
2790 3168 3180 3253 promissum
3226 3163 3567 3251 oportebat
3605 3164 3990 3249 exspectari.
4059 3164 4198 3230 Da-

2267 3251 2374 3318 vid
2409 3252 2703 3319 nondum
2740 3261 2977 3320 unctus
3027 3265 3099 3320 et
3143 3255 3574 3339 inauguratus
3620 3252 3860 3319 fuerat:
3920 3251 4197 3337 ideoque

2265 3337 2528 3406 Samuel
2588 3359 2812 3424 regem
2858 3339 3075 3405 adhuc
3110 3340 3196 3404 ad
3240 3348 3499 3424 tempus
3543 3338 3719 3419 colit,
3777 3336 3932 3404 licet
3974 3347 4199 3404 tamen

2264 3424 2524 3492 decreto
2572 3425 2697 3490 D'ei
2741 3425 3074 3493 reiectum.

2431 3510 2764 3596 Deinceps
2808 3509 3048 3577 dicitur
3079 3509 3241 3578 Saul
3289 3510 3595 3576 adorasse
3615 3508 4010 3575 Dominum:
4053 3507 4197 3592 qui-

2261 3596 2392 3663 bus
2442 3596 2661 3662 verbis
2717 3596 3049 3663 indicatur
3100 3599 3316 3682 ipsum
3372 3595 3640 3662 solenne
3683 3595 3910 3660 fecisse
3952 3595 4200 3659 sacrifi-

2263 3682 2456 3749 cium.
2544 3681 2694 3747 Non
2755 3703 2910 3768 ergo
2969 3684 3310 3749 manifeste
3364 3681 3436 3747 in
3483 3682 3701 3748 Deum
3755 3680 3880 3746 fuit
3935 3679 4198 3764 impius,

2263 3780 2330 3834 et
2393 3766 2652 3833 divinae
2713 3769 3070 3835 maiestatis
3134 3775 3572 3852 contemptor:
3653 3765 3769 3833 sed
3830 3765 3924 3831 ita
3988 3766 4201 3831 solent

2264 3873 2540 3938 quorum
2579 3874 2709 3919 non
2748 3862 2848 3920 est
2880 3874 3067 3922 mens
3102 3862 3283 3920 recta
3313 3873 3572 3938 semper
3615 3852 3897 3937 aliquam
3934 3871 4092 3936 prae
4127 3872 4198 3917 se

2263 3941 2434 4005 ferre
2488 3939 2816 4025 pietatem,
2876 3947 2943 4006 et
2999 3940 3277 4024 aliquem
3335 3937 3765 4023 splendorem,
3820 3937 4007 4022 quasi
4050 3937 4196 4002 Deo

2266 4025 2552 4091 maxime
2594 4024 2822 4093 subiici
2867 4025 3132 4093 vellent.
3223 4023 3356 4091 Sed
3404 4045 3532 4090 non
3577 4023 3847 4089 dubium
3891 4030 3993 4089 est
4036 4023 4195 4107 quin

2266 4109 2429 4177 Saul
2496 4111 2761 4178 fraudes
2825 4112 2894 4177 in
2963 4122 3220 4196 pectore
3284 4110 3582 4195 agitaret,
3650 4119 3712 4176 et
3779 4108 4199 4175 rebellionem

2266 4197 2713 4282 meditaretur,
2774 4205 2841 4264 et
2896 4196 3101 4264 aleret
3154 4196 3477 4263 occultum
3520 4196 3722 4275 virus,
3780 4194 3945 4279 quod
3992 4213 4199 4278 regno

2267 4281 2635 4363 excidisset,
2652 4282 3193 4367 quemadmodum
3220 4282 3285 4347 id
3309 4283 3612 4366 deinceps
3635 4283 3775 4366 ipsa
3797 4278 4203 4363 experientia

2265 4368 2696 4450 confirmabit,
2736 4378 2801 4434 et
2823 4368 3042 4434 Deum
3081 4369 3349 4434 interim·
3380 4368 3621 4434 ad'oret.
3684 4370 3786 4432 An
3825 4385 3984 4430 vero
4019 4364 4195 4429 istud

2266 4462 2518 4520 tantum
2557 4462 2632 4519 ut
2668 4474 2887 4522 coram
2923 4455 3162 4540 populo
3198 4456 3507 4540 pietatem
3554 4450 3861 4521 simulet?
3918 4450 4201 4516 Minime

2266 4540 2562 4623 quidem:
2607 4540 2721 4606 sed
2764 4541 2876 4606 iile
2921 4541 3041 4608 sibi
3089 4541 3229 4625 ipse
3272 4540 3582 4626 imponit:
3625 4547 3693 4604 et
3735 4538 3824 4602 ita
3856 4541 4203 4622 peccatum·

2265 4638 2526 4711 peccato
2586 4626 2897 4693 cumulat.
2999 4626 3172 4692 Nam
3228 4627 3324 4692 ita
3381 4644 3574 4711 saepe
3630 4623 3843 4689 solent
3895 4619 4199 4687 homines

2264 4713 2573 4797 pietatem
2616 4712 2943 4788 simulare,
2989 4733 3187 4796 quum
3234 4719 3452 4778 tamen
3502 4708 3680 4775 nulla
3725 4708 3931 4792 pietas
3974 4707 4053 4771 in‘
4081 4705 4199 4772 illa

2266 4799 2417 4864 fleta
2474 4797 2889 4864 simulatione
2946 4799 3033 4864 sit
3052 4849 3067 4876 ,
3137 4796 3253 4864 sed·
3306 4816 3487 4862 mera
3539 4797 3756 4880 potius
3814 4792 4192 4878 hypocrisis.

2266 4883 2399 4950 Sed
2456 4883 2746 4948 maxima
2804 4903 2956 4967 pars
3012 4882 3350 4949 hominum
3409 4880 3560 4948 dum
3619 4879 3844 4946 multis
3902 4877 4194 4943 externis

2265 4969 2689 5036 caeremoniis
2733 4966 2954 5035 Deum
2999 4970 3241 5047 colunt,
3303 4965 3579 5032 eundem
3639 4965 3761 5032 sibi
3821 4962 4203 5030 devinctum·

2267 5055 2689 5139 arbitrantur,
2748 5056 2935 5139 quasi
2995 5054 3159 5120 bene
3217 5054 3303 5117 de·
3350 5052 3461 5117 isso
3516 5051 3751 5130 meriti,
3809 5058 3875 5117 et

2266 5139 2549 5224 quadam
2587 5141 2831 5207 virtute
2874 5139 3171 5225 praediti,
3217 5158 3379 5223 quae
3423 5137 3670 5205 cultum
3715 5136 3904 5203 illum
3939 5135 4084 5202 Deo
4129 5141 4197 5201 et

2265 5225 2640 5295 bominibus
2697 5234 2958 5313 gratum
3018 5223 3293 5291 reddere
3348 5222 3592 5290 debeat.
3692 5221 3943 5290 Verum
4010 5219 4197 5289 nulla
