5059 6059
258 336 360 403 557

1529 333 1624 399 IN
1666 333 1722 399 1.
1766 334 1948 400 LIB.
1999 333 2403 405 SAMUEL.
2449 335 2650 403 GAP.
2697 337 2892 403 VIII.

4085 339 4214 405 558

256 525 474 594 malitia
505 543 620 591 sua
652 522 895 591 bonum
934 523 1002 587 in
1040 521 1288 589 malu'm
1324 531 1737 591 convertere:
1776 544 1964 608 reges
1988 523 2164 589 enim
2266 525 2530 609 rapinas
2569 546 2644 592 ac
2667 524 3161 609 compilationes
3183 525 3580 592 miserorum
3600 524 4010 593 subditorum
4035 528 4214 595 exei-

255 634 369 680 non
419 617 683 694 possunt
739 610 883 675 sine
926 609 1316 674 consiliariis
1359 608 1650 694 legitime
1696 608 2041 688 dominari,
2097 618 2165 676 et

255 697 481 783 publica
515 697 772 776 negotia
807 694 1300 761 administrare:
1340 716 1542 778 quare
1578 705 1899 779 tyrannus
1934 716 1974 761 a
2008 695 2165 781 legi-

254 788 392 850 timo
433 783 719 866 principe
759 780 1214 865 distinguitur.
1260 782 1608 861 Tyrannus
1645 781 1783 847 sola
1817 781 2163 849 voluntate

252 882 309 936 et
344 869 595 935 libidine
639 888 758 935 sua
794 868 1111 952 imperat:
1156 874 1388 934 contra
1429 867 1760 953 legitimus
1815 870 2161 953 magistra·

251 969 343 1023 tus
392 953 652 1022 consilio
710 961 909 1038 atque
964 953 1239 1032 ratione,
1291 954 1386 1018 ita
1428 965 1503 1019 ut
1545 953 1844 1037 publicae
1888 953 2163 1020 utilitati

249 1055 305 1109 et
340 1038 682 1108 commodis
724 1040 1013 1106 maxime
1046 1038 1325 1106 studeat.
1370 1039 1477 1104 Ita
1509 1039 1822 1106 satellites
1856 1047 1925 1106 et
1959 1040 2164 1105 admi-

248 1128 415 1194 nistri
454 1126 821 1211 principum
866 1127 1160 1210 legitime
1193 1125 1662 1209 rempublicam
1699 1125 2161 1193 administran-

249 1216 391 1280 tium
427 1221 580 1278 sunt
601 1212 892 1297 ipsorum
916 1211 1089 1279 oculi
1125 1220 1190 1276 et
1211 1231 1477 1277 manus:
1523 1232 1600 1278 ac
1624 1232 1856 1279 manus
1884 1212 2158 1296 ,quidem

245 1301 451 1386 quibus
472 1297 683 1364 edicta
705 1306 772 1364 et
815 1297 1075 1364 decreta
1108 1317 1228 1362 sua
1265 1305 1747 1380 exsequantur:
1791 1300 1959 1365 oculi
1997 1319 2156 1366 vero

245 1386 452 1471 quibus
486 1384 646 1467 quid
688 1384 867 1464 utile,
914 1382 1072 1466 quid
1106 1382 1455 1450 honestum
1491 1384 1578 1449 sit
1614 1382 1916 1454 videant:
1960 1394 2154 1468 atque

244 1474 323 1539 ita
340 1472 658 1555 principes
677 1471 896 1555 ipsi·in
920 1469 1137 1535 officio
1169 1470 1597 1550 retineantur,
1642 1481 1716 1535 ut
1749 1492 1902 1538 cum
1934 1472 2156 1555 aequi-

244 1567 358 1624 tate
396 1565 460 1623 et
498 1556 755 1622 iustitia
798 1556 1268 1639 rempublicam
1312 1554 1789 1623 administrent.
1850 1556 2156 1640 Denique

240 1644 522 1728 praedicit
591 1641 860 1709 Samuel
923 1643 1061 1708 fore
1127 1650 1202 1707 ut
1266 1641 1450 1708 bonis
1506 1650 1575 1707 et
1630 1642 2050 1710 facultatibus
2116 1663 2155 1708 a

239 1751 371 1815 rege
419 1729 803 1813 spolientur,
860 1748 1028 1812 quae
1082 1727 1295 1794 servis
1349 1728 1486 1794 suis
1527 1728 1867 1812 largiatur.
1957 1728 2154 1811 Quod

240 1815 591 1899 quotidiana
626 1813 1034 1897 experientia
1069 1814 1281 1898 magis
1314 1834 1391 1879 ac
1425 1814 1636 1899 magis
1672 1814 2151 1900 comprobatur.

238 1903 322 1967 Ac
352 1921 497 1968 sane
529 1901 861 1984 principes
898 1899 1286 1966 satellitibus
1322 1907 1516 1982 atque
1551 1900 1955 1967 administris
1989 1922 2154 1985 opus

237 1986 447 2054 habere
481 1994 737 2053 certum
773 1995 890 2052 est.
939 1984 1119 2069 Quid
1155 1988 1330 2051 enim
1369 1986 1823 2069 potentissimo
1856 1997 1923 2052 et
1957 1987 2153 2072 longe

235 2074 460 2158 lateque
493 2073 878 2140 dominante
914 2093 1068 2157 rege
1106 2073 1310 2149 fieret,
1354 2070 1484 2137 nisi
1518 2071 1903 2155 quibusdam
1943 2073 2150 2138 admi·

231 2160 427 2226 nistris
455 2159 644 2245 regia
681 2158 945 2244 negotia
987 2156 1335 2224 conficiat?
1381 2156 1637 2223 Verum
1676 2167 1893 2226 tamen
1927 2159 2152 2243 quales

231 2245 591 2330 plerumque
646 2265 792 2310 esse
857 2243 1103 2310 aulicos
1182 2243 1330 2309 illos
1394 2243 1730 2310 ministros
1795 2246 2152 2330 contingat,

235 2332 615 2416 experientia
672 2330 877 2398 docet.
965 2330 1139 2396 Nam
1203 2330 1315 2396 ubi
1379 2329 1603 2397 valere
1667 2331 2019 2398 autoritate
2085 2340 2151 2397 et

232 2418 416 2502 gratia
468 2416 825 2500 coeperint,
883 2415 1141 2482 nullum
1181 2417 1379 2481 finem
1424 2416 1803 2499 rapinarum
1868 2417 2150 2484 faciunt:

232 2502 327 2569 scd
379 2513 698 2587 tanquam
753 2502 1087 2568 famelicae
1146 2499 1421 2581 belluae,
1487 2503 1896 2585 privatorum
1963 2503 2151 2570 bonis

228 2589 477 2668 inhiant,
523 2596 602 2656 et
638 2608 980 2671 nunquam
1024 2588 1373 2654 satiantur.
1415 2586 1583 2653 Inde
1620 2589 1695 2652 fit
1730 2598 1803 2654 ut
1847 2589 1962 2671 qui
2003 2588 2149 2656 loco

230 2683 284 2740 et
318 2698 545 2761 genere
600 2675 835 2741 humili
879 2682 1093 2751 natus,
1141 2673 1253 2740 vix
1298 2694 1416 2739 suo
1459 2672 1676 2739 reditu
1720 2695 1790 2739 se
1834 2695 2152 2760 suamque

230 2761 514 2828 familiam
581 2758 795 2826 triduo
854 2759 1286 2839 sustentabat,
1349 2778 1505 2824 mox
1549 2759 1787 2843 amplis
1829 2761 2149 2828 reditibus

230 2867 407 2930 nsque
445 2848 528 2913 ad
577 2846 800 2913 decem
847 2845 1056 2911 millia
1084 2844 1402 2911 librarum
1446 2865 1580 2910 non
1624 2853 1988 2928 contentus,
2034 2846 2146 2913 do-

230 2952 387 2998 mum
420 2940 485 3001 et
521 2932 844 2999 familiam
879 2932 1233 2998 maioribus
1268 2930 1615 2998 nobilitare
1657 2933 1947 2998 studeat:
1989 2931 2147 3001 hinc

232 3018 481 3100 fraudes,
524 3020 686 3087 hinc
717 3019 1011 3103 rapinae,
1055 3018 1212 3084 hinc
1247 3017 1428 3083 mille
1471 3026 1649 3084 artes
1682 3019 1854 3085 bona
1895 3018 2147 3086 civium

231 3104 616 3189 compilandi,
684 3115 758 3170 ut
819 3112 1004 3170 tanto
1070 3106 1208 3172 sint
1272 3103 1648 3172 audaciores
1713 3113 1956 3189 quanto
2019 3105 2148 3173 sibi

231 3191 503 3258 videntur
543 3190 723 3275 apud
769 3189 1130 3275 principem
1187 3192 1432 3257 maiore
1488 3192 1843 3258 autoritate
1886 3200 1955 3258 et
1996 3213 2147 3278 gra-

227 3277 303 3342 tia
340 3279 569 3345 valere.
619 3277 853 3361 Itaque
894 3296 1088 3360 saepe
1133 3276 1363 3343 videas
1400 3297 1527 3355 eos,
1572 3296 1849 3359 quorum
1883 3297 2147 3346 annuus

222 3372 551 3444 proventus
617 3364 738 3429 vix
796 3361 1023 3430 decem
1080 3362 1264 3427 mille
1319 3362 1522 3430 libras
1588 3362 1922 3448 aequabat,
1991 3386 2150 3432 mox

226 3469 394 3531 supra
453 3458 727 3518 centum
793 3448 975 3515 mille
1037 3448 1361 3514 librarum
1431 3448 1717 3514 reditum
1792 3450 2145 3534 possidere.

230 3532 394 3601 Unde
426 3557 587 3604 vero
625 3555 926 3602 corrasae
959 3542 1186 3601 tantae
1219 3555 1377 3619 opes
1407 3542 1543 3600 tam
1566 3536 1808 3621 exiguo
1834 3544 2146 3621 tempore,

230 3619 331 3686 nisi
385 3644 464 3688 ex
522 3620 870 3688 fraudibus
928 3628 994 3686 et
1035 3621 1304 3705 rapinis,
1363 3620 1597 3704 quibus
1642 3624 1882 3689 misera
1971 3623 2148 3690 lebe-

228 3706 351 3772 cnla
403 3707 690 3776 subinde
748 3707 829 3774 ab
874 3707 1018 3774 istis
1060 3706 1483 3774 hirudinibus
1528 3709 1921 3792 opprimitur
2056 3711 2150 3776 Et

227 3799 415 3860 tamen
472 3794 776 3862 certatim
836 3792 999 3859 istos
1058 3794 1281 3860 videas
1337 3794 1419 3861 ad
1480 3793 1730 3860 malum
1772 3805 1841 3863 et
1882 3796 2149 3879 rapinas

225 3898 478 3949 currere.
539 3881 717 3947 Nam
755 3878 867 3963 qui
902 3879 1101 3946 rebus
1139 3879 1390 3947 bellicis
1424 3888 1757 3964 praesunt,
1803 3890 1871 3949 et
1903 3882 2150 3948 maiora

226 3967 421 4032 munia
461 3966 820 4044 sustinent,
865 3967 1192 4034 maximos
1227 3976 1536 4049 quaestus
1567 3974 1634 4032 et
1667 3969 1941 4050 praedas
1987 3968 2148 4036 faci-

224 4059 344 4117 unt.
426 4053 619 4121 Alios
679 4051 906 4118 videas
949 4052 1155 4118 veluti
1200 4061 1578 4136 quaestores
1620 4064 1686 4119 et
1730 4052 1978 4120 similes
2015 4053 2149 4124 illis

223 4136 443 4204 aulicos
500 4137 844 4205 ministros
899 4138 1086 4205 brevi
1132 4148 1422 4223 tempore
1465 4147 1684 4206 tantas
1724 4160 1881 4223 opes
1925 4159 2147 4207 corra-

223 4218 372 4300 dere,
415 4233 490 4291 ut
525 4223 813 4291 ditiones
849 4231 915 4289 et
952 4224 1241 4292 dominia
1274 4226 1400 4292 sibi
1434 4226 1713 4311 pecunia
1746 4235 2148 4312 comparent,

223 4314 276 4371 et
325 4318 501 4376 tanta
559 4309 828 4395 quidem
887 4331 1038 4377 cum
1104 4311 1413 4396 superbia
1476 4321 1543 4378 et
1606 4313 2005 4397 arrogantia,
2073 4325 2150 4379 ut

226 4393 341 4461 suis
372 4396 673 4479 ipsorum
718 4397 1104 4464 necessariis
1146 4408 1213 4464 et
1253 4398 1550 4482 cognatis
1595 4398 1729 4463 sint
1772 4397 2148 4467 intolerabi-

226 4475 334 4546 les:
392 4503 595 4566 quum
657 4493 878 4549 tamen
937 4492 1166 4549 contra
1220 4484 1352 4549 viri
1410 4484 1660 4551 nobiles
1719 4506 1914 4571 aegre
1957 4506 2148 4552 suam

225 4563 512 4634 familiam
548 4590 778 4635 annuo
812 4577 1162 4656 proventu,
1207 4590 1343 4635 non
1379 4570 1519 4637 sine
1553 4571 1829 4638 summis
1867 4571 2147 4638 difficul-

223 4651 442 4720 tatibus
499 4663 566 4720 et
610 4662 796 4722 metu
838 4654 945 4723 vel
999 4655 1393 4722 calamitatis
1435 4657 1539 4723 vel
1586 4656 1857 4724 alterius
1900 4659 2149 4725 incom-

221 4738 379 4803 modi
438 4749 811 4808 sustentare
867 4750 1204 4827 cogantur,
1270 4742 1329 4808 si
1384 4763 1526 4808 rem
1585 4763 1825 4826 augere
1889 4743 2149 4811 volunt.

220 4818 317 4887 Ex
356 4825 592 4909 quibus
637 4836 913 4913 apparet
947 4827 1367 4896 administros
1402 4829 1792 4913 principum,
1836 4850 1876 4895 a
1911 4830 2149 4913 quibus

221 4907 499 4978 adiuvari
539 4914 694 4981 illos
727 4915 798 4979 in
877 4912 1104 4980 ublicis
1139 4914 1445 5000 gerendis
1481 4914 1759 5000 negotiis
1792 4916 2146 4999 oportebat,

221 5012 348 5059 esee
396 5000 613 5081 potius
670 5001 838 5066 flabe
865 4999 931 5065 la
987 5000 1224 5084 quibus
1282 5001 1496 5068 maius
1539 5000 1916 5068 incendium
1969 5002 2146 5069 exci-

220 5086 397 5147 tetur.
482 5085 662 5154 Nam
724 5107 925 5171 quum
984 5086 1272 5153 maxime
1330 5086 1640 5155 deberent
1689 5088 2018 5173 principes
2062 5088 2145 5154 ad

217 5160 676 5239 humanitatem
734 5181 801 5239 et
858 5170 1373 5239 moderationem
1434 5175 1712 5252 flectere,
1771 5171 1855 5239 ad
1898 5174 2147 5241 severi-

222 5256 409 5320 tatem
464 5257 1054 5341 crudelitatemque
1115 5261 1330 5344 potius
1374 5281 1484 5327 eos
1526 5258 1894 5345 impellunt,
1951 5269 2020 5327 et
2061 5260 2145 5326 ad

2266 619 2430 677 tant.
2489 610 2672 694 Quid
2713 610 2850 678 ita?
2918 610 3171 694 Nempe
3215 619 3292 676 ut
3335 613 3460 696 ipsi
3505 614 3573 677 in
3616 619 3871 696 partem
3916 613 4211 691 veniant,

2266 703 2334 763 et
2377 697 2767 764 miserorum
2826 697 3245 764 facultatibus
3289 698 3697 782 expleantur.
3786 699 3997 765 Porro
4040 698 4214 783 quod

2268 781 2538 851 Samuel
2572 784 2863 850 minatur
2896 783 3038 849 fore
3071 790 3148 848 ut
3175 785 3448 869 semina,
3483 784 3728 865 vineas,
3765 785 4007 851 oliveta
4041 788 4214 870 ipso·

2264 890 2412 934 rum
2456 890 2577 936 rex
2623 868 2917 948 decimet,
2960 869 3178 934 locum
3222 870 3396 935 inter
3429 870 3765 937 Israelitas
3799 870 4042 937 habere
4076 892 4211 937 non

2266 957 2496 1038 potuit.
2541 955 2716 1021 Nam
2760 954 2962 1020 tribui
2994 954 3167 1019 Levi
3212 976 3252 1020 a
3285 956 3574 1023 Domino
3620 955 3908 1023 decimae
3950 957 4211 1023 fuerant

2265 1043 2641 1108 attributae.
2686 1041 2942 1107 Verum
2982 1038 3148 1106 illud
3193 1041 3455 1125 quidem
3495 1042 3669 1127 apud
3710 1063 3939 1109 omnes
3982 1051 4212 1128 gentes

2264 1133 2330 1192 et
2388 1129 2469 1194 ab
2525 1128 2707 1194 omni
2766 1147 2927 1194 aevo
2979 1127 3246 1211 regibus
3289 1130 3679 1212 permissum
3721 1129 3924 1195 fuisse
3967 1129 4215 1196 tributa

2262 1221 2330 1279 et
2363 1214 2712 1300 vectigalia
2746 1233 3049 1279 exercere
3083 1220 3279 1297 atque
3300 1215 3569 1299 exigere
3590 1214 3848 1299 populis
3867 1215 3960 1280 im
4050 1215 4208 1281 sita:

2260 1319 2336 1367 ac
2378 1300 2650 1385 proinde
2693 1320 2829 1365 non
2885 1319 3031 1365 esse
3088 1300 3369 1382 amplius
3424 1301 3786 1382 quaestioni
3828 1300 3926 1367 illi
3995 1320 4206 1381 ocum,

2261 1386 2584 1472 quomodo
2628 1386 2882 1469 possint
2922 1404 3112 1470 reges
3153 1386 3432 1451 subditis
3464 1387 3800 1469 imponere
3833 1386 4204 1471 vectigalia,

2260 1484 2328 1539 et
2384 1472 2612 1540 eadem
2672 1490 2981 1538 exercere
3038 1479 3235 1554 atque
3294 1471 3577 1555 exigere.
3687 1471 3920 1556 Neque
3989 1482 4207 1540 exst-at

2260 1560 2459 1625 etiam
2498 1558 2576 1624 in
2619 1557 2824 1626 sacris
2870 1556 3191 1639 quomodo
3235 1577 3275 1622 a
3317 1556 3578 1642 populis
3620 1558 3868 1626 tributa
3902 1566 3970 1624 et
4005 1560 4206 1626 vecti·

2259 1645 2433 1731 galia
2476 1644 2839 1728 exigerent.
2887 1642 3119 1725 Itaque
3164 1640 3453 1710 decimae
3494 1652 3733 1710 natura
3767 1663 3888 1709 sua
3930 1651 4208 1727 possunt

2257 1730 2524 1817 quidem
2590 1749 2733 1796 esse
2797 1748 3029 1811 regum
3092 1734 3160 1793 et
3222 1729 3590 1813 principum
3645 1729 3965 1814 propriae,
4030 1730 4204 1814 quod

2258 1826 2577 1900 tanquam
2654 1816 2757 1881 ius
2837 1834 3180 1881 commune
3245 1823 3312 1882 et
3387 1814 3688 1882 naturale
3752 1815 3966 1882 locum
4029 1814 4205 1900 apud

2256 1923 2488 1970 omnes
2531 1908 2761 1987 gentes
2802 1899 3053 1967 habuit.
3128 1898 3263 1968 Sed
3307 1900 3606 1985 specialis
3649 1900 3822 1985 apud
3865 1901 4204 1968 Israelitas

2254 1988 2399 2069 fuit,
2457 1995 2536 2054 ut
2591 1994 2744 2055 ante
2804 1985 3111 2066 diximus,
3170 1985 3572 2054 decimarum
3628 1985 3818 2069 ratio,
3875 1984 4049 2070 quod
4093 2009 4204 2054 eas

2255 2077 2539 2143 Levitae
2595 2075 2668 2140 in
2721 2072 3089 2158 portionem
3132 2079 3201 2138 et
3242 2080 3486 2139 sortem
3529 2093 3717 2139 suam
3762 2074 4200 2157 accepissent:

2256 2181 2461 2247 quum
2505 2158 2693 2227 Deus
2749 2165 2927 2225 sorte
2970 2157 3438 2225 chananaeam
3497 2166 3743 2225 terram
3800 2158 4202 2226 distribuens

2255 2247 2534 2333 singulis
2594 2243 2895 2312 tribubus
2953 2242 3205 2309 nullam
3268 2244 3465 2311 aliam
3530 2243 3663 2311 illis
3725 2245 4201 2329 possessionem

2256 2331 2664 2401 attribuisset
2707 2349 2903 2414 quam
2949 2328 3235 2396 decimas
3276 2350 3443 2414 quae
3475 2331 3635 2416 ipsis
3678 2330 4018 2412 cedebant,
4060 2353 4203 2399 cum

2254 2419 2516 2506 pascuis
2560 2415 2970 2520 quibusdam,
3026 2423 3103 2481 ut
3154 2436 3228 2482 se
3269 2438 3515 2499 suaque
3572 2422 3873 2482 armenta
3928 2417 4201 2484 alerent.

2257 2505 2540 2589 Quando
2574 2504 2782 2589 igitur
2815 2503 2924 2569 hie
2962 2521 3151 2587 reges
3187 2502 3374 2569 velut
3408 2503 3553 2570 Deo
3586 2503 3713 2587 ipsi
3747 2504 4203 2588 antagonistas

2254 2615 2325 2661 se
2369 2593 2676 2672 offerunt,
2719 2609 2797 2658 ac
2840 2608 3079 2655 novam
3123 2588 3523 2655 decimarum
3567 2587 3889 2654 rationem
3932 2590 4201 2655 institu-

2255 2688 2394 2759 unt,
2436 2698 2657 2743 nonne
2695 2676 2921 2760 legum
2964 2674 3262 2740 omnium
3305 2683 3465 2740 sunt
3507 2674 3892 2741 eversores?
3968 2673 4202 2760 Itaque

2253 2766 2410 2832 hinc
2478 2761 2812 2843 discimus,
2890 2759 3113 2826 Deum
3178 2761 3424 2844 partim
3489 2758 3833 2826 ostendere
3899 2759 4203 2828 homines

2252 2869 2595 2934 nunquam
2638 2848 2770 2914 nisi
2812 2845 2881 2913 vi
2916 2845 3196 2930 quadam
3240 2854 3601 2930 pertractos
3644 2845 3854 2912 officio
3897 2866 4017 2912 suo
4060 2867 4203 2913 esse

2252 2939 2620 3004 functuros:
2680 2941 2749 3001 et
2807 2952 3012 3015 quum
3055 2931 3139 2998 ad
3182 2931 3436 3016 aliquos
3478 2932 3942 2999 eminentiores
4033 2930 4047 2945 '
4151 2933 4166 2948 ⁸

2253 3031 2465 3092 tatum
2510 3020 2757 3107 gradus
2799 3018 3014 3087 evecti
3052 3024 3228 3098 sunt,
3273 3017 3485 3084 instar
3519 3018 3810 3084 ferarum
3844 3037 3922 3085 ac
3959 3016 4040 3084 be
4093 3039 4202 3083 ua-

2251 3131 2403 3178 rum
2446 3128 2612 3187 esse,
2669 3125 2833 3190 quas
2875 3104 3059 3170 nulla
3101 3104 3205 3171 vis
3263 3102 3609 3170 domuerit.
3695 3104 3952 3170 Partim
3997 3104 4198 3170 etiam

2249 3193 2476 3283 populi
2520 3192 2960 3260 temeritatem
3004 3189 3244 3275 arguit,
3306 3210 3436 3274 qua
3480 3197 3740 3256 tantum
3783 3187 3908 3256 sibi
3950 3190 4199 3255 malum

2250 3286 2620 3369 paraverat.
2697 3278 2874 3344 Nam
2916 3276 3180 3361 speciali
3225 3276 3573 3361 privilegio
3617 3283 3811 3341 antea
3853 3273 4199 3360 gaudebat,

2251 3389 2454 3455 quum
2498 3365 2735 3433 solutis
2779 3362 3050 3430 decimis
3091 3362 3195 3430 sui
3253 3370 3615 3446 proventus
3656 3358 3822 3427 liber
3863 3360 3946 3427 ab
3987 3362 4199 3427 omni-

2250 3458 2375 3523 bus
2410 3453 2559 3520 aliis
2599 3448 2907 3528 subsidiis
2949 3455 3122 3515 erat:
3168 3469 3245 3515 ac
3283 3449 3569 3515 decimae
3604 3467 3740 3513 non
3773 3447 4038 3533 regibus
4082 3446 4199 3513 sed

2249 3543 2333 3609 iis
2385 3539 2923 3625 persolverentur
2980 3555 3143 3619 qnos
3201 3535 3385 3601 Deus
3441 3555 3526 3600 ex
3567 3532 3839 3617 reliquis
3897 3530 4200 3600 tribubus

2252 3628 2353 3693 ele
2401 3634 2560 3703 erat,
2599 3624 2714 3708 qui
2747 3622 2952 3689 cultui
2987 3641 3107 3688 suo
3144 3627 3468 3701 vacarent,
3512 3639 3589 3686 ac
3622 3641 3707 3686 ex
3744 3617 4011 3685 decimis
4043 3618 4197 3697 illis,

2253 3735 2346 3780 nu
2399 3734 2505 3780 am
2551 3710 2751 3777 aliam
2794 3707 3010 3774 sortiti
3052 3707 3416 3791 portionem
3458 3726 3610 3772 cum
3653 3702 3969 3771 fratribus
4012 3705 4198 3772 vive-

2252 3808 2420 3867 rent.
2510 3796 2749 3880 Quale,
2795 3794 3079 3873 obsecro,
3121 3790 3584 3877 privilegium?
3660 3790 3830 3856 Nam
3877 3791 3936 3857 si
3974 3791 4199 3874 plures

2253 3886 2326 3950 in
2369 3904 2507 3950 una
2565 3881 2816 3950 familia
2868 3879 3128 3957 fratres,
3182 3880 3299 3944 uni
3357 3900 3440 3944 ex
3493 3877 3653 3961 ipsis
3696 3885 3943 3943 certam
3988 3898 4196 3961 quan·

2253 3970 2405 4038 dam
2464 3992 2550 4035 ex
2607 3967 2843 4034 annuis
2901 3963 3218 4032 reditibus
3277 3975 3344 4029 et
3400 3962 3826 4048 proventibus
3882 3964 4201 4047 pecuniae

2253 4077 2581 4123 summam
2639 4075 2771 4138 qua
2814 4051 3062 4118 victum
3115 4049 3446 4130 toleraret,
3506 4070 3855 4115 numerare
3898 4057 4200 4114 teneren-

2254 4153 2383 4222 tur,
2442 4163 2531 4208 an
2573 4138 2654 4207 de
2696 4139 3100 4206 successione
3143 4137 3384 4202 iustam
3428 4134 3871 4220 conquerendi
3914 4135 4201 4200 occasio-

2254 4249 2406 4295 nem
2431 4222 2795 4293 haberent?
2834 4223 3041 4308 Atqui
3062 4222 3248 4289 Deus
3268 4222 3394 4288 hoc
3419 4221 3755 4305 singulare
3776 4219 4198 4305 privilegium

2252 4314 2578 4381 Israelitis
2621 4309 2908 4393 dederat,
2954 4316 3033 4374 ut
3074 4308 3364 4375 decimae
3405 4308 3476 4374 in
3509 4308 3902 4376 Levitarum
3945 4305 4196 4371 victum

2253 4399 2804 4484 persolverentur.
2892 4396 3039 4462 Iam
3097 4415 3254 4461 vero
3319 4393 3612 4460 minatur
3671 4393 3807 4458 fore
3872 4399 3948 4456 ut
4010 4389 4197 4459 bonis

2254 4486 2391 4553 suis
2455 4483 2844 4569 spolientur.
2946 4481 3121 4547 Nam
3185 4487 3449 4565 praeter
3514 4477 3796 4545 decimas
3859 4476 4027 4574 lege·
4068 4474 4196 4539 Dei

2253 4572 2661 4650 constitutas,
2707 4590 2827 4634 rex
2863 4566 3061 4633 etiam
3097 4568 3457 4634 constituat
3489 4563 3855 4645 tyrannidis
3890 4560 4195 4638 decimas,

2252 4657 2415 4724 adeo
2461 4666 2535 4723 ut
2578 4662 2833 4721 tantam
2878 4653 3325 4738 arrogantiam
3370 4659 3713 4735 tantosque
3755 4648 3882 4715 sibi
3926 4647 4196 4731 spiritus

2252 4754 2564 4823 assumat,
2624 4749 2692 4807 et
2732 4745 2920 4806 tanta
2959 4739 3240 4807 saevitia
3280 4735 3696 4824 tyrannidem
3741 4743 4057 4814 exerceat,
4117 4742 4195 4798 ut

2252 4829 2745 4899 commodorum
2803 4834 2941 4892 tam
2998 4825 3407 4910 privatorum
3506 4841 3660 4886 uam
3714 4819 4074 4919 aulicorum
4095 4904 4110 4918 ·
4128 4829 4198 4883 et

2252 4915 2614 4983 satellitum
2673 4933 2942 4980 suorum
3000 4912 3218 4979 studio
3275 4930 3409 4975 non
3510 4914 3661 4973 ucat
3716 4904 4026 5003 rehgiom·
4089 4925 4196 4971 ius

2251 5003 2467 5088 ipsum
2511 4999 2813 5067 divinum
2855 4998 3133 5065 violare:
3178 5005 3246 5064 et
3290 4992 3465 5079 quod
3507 4992 3632 5059 sibi
3675 4993 3856 5058 Deus
3899 5010 4196 5074 assigna-

2251 5089 2352 5155 vit
2394 5108 2471 5156 ac
2507 5085 2764 5155 Levitis
2808 5084 3022 5164 cessit,
3067 5103 3315 5168 rapere.
3375 5081 3656 5147 Tantam
3700 5077 3922 5161 itaque
3966 5082 4193 5161 tyran-

2250 5173 2472 5241 nidem
2537 5193 2770 5258 regum
2834 5172 3126 5238 futuram
3193 5169 3397 5249 docet,
3483 5174 3562 5232 ut
3639 5164 4053 5231 autoritatem
4120 5183 4197 5230 ac

2250 5267 2639 5345 potestatem
2662 5277 2829 5343 quae
2851 5257 2979 5324 Dei
3014 5256 3278 5342 propria
3311 5261 3454 5320 erat
3487 5251 3609 5318 sibi
3645 5250 3853 5318 velint
3889 5269 4197 5335 arrogare
