5059 6059
809 342 939 411 359

811 556 977 603 vero
1031 542 1253 602 tamen
1308 534 1818 603 existimandum
1877 536 2102 604 fideles
2159 536 2285 603 Dei
2331 535 2577 622 gloriae
2620 544 2761 603 stu·

818 621 1039 689 diosos
1093 645 1134 689 a
1176 621 1407 688 mundi
1450 623 1798 689 calumniis
1843 631 1910 688 et
1950 623 2099 689 odio
2143 625 2280 689 fore
2323 644 2594 708 prorsus
2637 624 2761 688 im-

812 730 1084 774 munes:
1173 708 1366 792 quale
1452 709 1782 774 Dominus
1877 721 2099 774 noster
2187 709 2373 776 Iesus
2455 709 2763 776 Christus

818 796 1153 878 exemplar
1190 794 1491 861 omnibus
1526 794 1916 860 intuendum
1953 797 2362 879 proponitur,
2407 816 2601 879 quem
2637 796 2762 859 im-

811 880 1165 964 proborum
1212 880 1555 945 calumniis
1590 883 1961 965 impetitum
1996 881 2408 964 adspicimus.
2498 882 2589 946 Et
2624 884 2763 966 ipse

817 966 904 1032 D.
950 965 1202 1032 Paulus
1247 967 1554 1032 admonet
1588 966 1688 1054 (2.
1736 967 1886 1034 Cor.
1932 966 1992 1045 6,
2039 965 2116 1053 8)
2151 964 2556 1050 superandas
2593 967 2763 1032 mul·

820 1064 923 1117 tas
979 1051 1399 1119 difficultates
1456 1053 1771 1133 fidelibus,
1830 1063 1897 1117 et
1953 1074 2071 1136 per
2128 1054 2402 1137 gloriam
2457 1073 2534 1118 ac
2576 1053 2761 1138 igno-

817 1137 1117 1216 miniam,
1162 1158 1281 1221 per
1324 1139 1618 1205 convicia
1660 1150 1724 1204 et
1772 1137 1995 1204 laudes
2038 1138 2544 1206 transeundum:
2590 1138 2760 1221 quod

818 1224 978 1307 ipse,
1084 1244 1277 1307 quem
1369 1225 1583 1307 instar
1659 1225 1876 1309 angeli
1961 1233 2180 1289 tamen
2262 1237 2760 1291 conversantem

815 1309 1104 1375 mundus
1195 1309 1511 1395 adspexit,
1603 1319 1824 1376 tamen
1901 1320 2211 1393 expertus
2289 1322 2404 1391 est,
2492 1332 2568 1376 ac
2642 1329 2761 1376 suo

822 1396 1146 1480 exemplo,
1207 1417 1246 1460 a
1290 1395 1552 1462 Iudaeis
1595 1397 1775 1461 omni
1819 1397 2365 1462 contumeliarum
2412 1417 2652 1481 genere
2694 1405 2762 1459 et

820 1484 1260 1548 conviciorum
1307 1482 1594 1561 affectus,
1637 1481 1812 1547 ferre
1856 1503 1974 1547 nos
2016 1481 2255 1549 docuit.
2343 1481 2445 1548 Ac
2489 1481 2762 1566 proinde

817 1566 1122 1633 fidelibus
1165 1567 1333 1633 hano
1362 1567 1743 1634 incumbere
1772 1569 2228 1634 necessitatem
2272 1570 2573 1651 sciamus,
2618 1588 2761 1633 sese

820 1653 905 1720 ad
944 1653 1279 1737 quodlibet
1310 1654 1713 1738 ignominiae
1748 1664 1812 1718 et
1847 1654 2286 1720 conviciorum
2326 1675 2537 1738 genus
2573 1673 2761 1736 prae-

817 1739 1122 1824 parandi,
1186 1740 1571 1823 praesertim
1640 1760 1837 1823 quum
1904 1739 1985 1803 de
2050 1737 2176 1804 Dei
2242 1740 2449 1824 gloria
2503 1759 2761 1822 promo·

823 1826 1056 1904 venda,
1115 1834 1184 1891 et
1241 1828 1440 1890 verbo
1482 1825 1686 1908 ipsius
1728 1824 2204 1909 promulgando
2243 1825 2418 1890 inter
2463 1825 2763 1891 homines

821 1913 1058 1997 agitur.
1145 1909 1254 1976 Ad
1320 1909 1494 1993 quod
1559 1930 1720 1975 sane
1790 1931 2031 1976 munus
2085 1912 2294 1994 inepti
2358 1922 2514 1977 sunt
2571 1931 2761 1994 quos·

815 2018 1077 2080 cunque
1110 2005 1326 2061 metus
1348 2012 1414 2060 et
1436 1995 1726 2061 humana
1761 1996 2080 2080 fragilitas
2113 1998 2471 2080 occupavit.
2517 1995 2766 2077 Quam·

816 2084 1041 2150 obrem
1126 2083 1267 2147 Deo
1332 2084 1584 2147 servire
1657 2080 2038 2147 studentem
2114 2082 2444 2148 hominem
2517 2083 2761 2147 multos

820 2169 1084 2252 quidem
1148 2169 1445 2234 inimicos
1510 2168 1579 2232 in
1644 2189 1717 2233 se
1779 2168 2257 2234 concitaturum
2321 2179 2576 2235 certum
2643 2179 2761 2246 est,

818 2256 892 2320 in
972 2254 1357 2321 deteriorem
1445 2262 1700 2336 partem
1787 2253 1929 2319 eius
1999 2274 2363 2319 sermonem
2439 2255 2760 2337 interpre-

817 2350 1073 2407 tantes:
1153 2348 1222 2404 at
1264 2339 1556 2406 convicia
1611 2338 1984 2404 istiusmodi
2041 2343 2278 2416 omnia,
2341 2338 2759 2424 blasphemae

818 2446 1033 2503 voces,
1092 2426 1636 2492 contumeliarum
1695 2424 1973 2508 denique
2016 2445 2225 2510 genus
2268 2446 2464 2491 omne
2506 2427 2761 2491 fortiter

820 2510 1182 2588 ferendum,
1241 2522 1309 2576 et
1364 2511 1568 2577 animi
1627 2511 1991 2594 praesentia
2034 2512 2524 2595 superandum„
2556 2510 2763 2578 donec

822 2597 1005 2664 vitae
1065 2597 1263 2662 huius
1318 2595 1594 2662 decurso
1643 2597 1855 2662 stadio
1899 2596 2229 2662 felicitatis
2275 2608 2514 2662 metam
2560 2597 2760 2661 attin-

911 2704 1076 2749 mus.
1164 2681 1612 2747 Nihilominus
1657 2692 1877 2747 tamen
1923 2681 2140 2748 Deum
2177 2682 2500 2749 vindicem
2539 2682 2763 2748 fideles

893 2771 952 2834 ei
997 2769 1171 2835 servi
1216 2787 1291 2833 ac
1335 2768 1543 2833 bonae
1586 2789 1742 2833 suae
1786 2787 2020 2835 causae
2055 2767 2466 2833 defensorem
2503 2769 2641 2832 fore
2679 2790 2763 2834 ne

822 2853 1188 2939 diffidunt0,
1246 2855 1369 2919 etsi
1425 2854 1768 2921 calumniis
1826 2866 1891 2919 et
1933 2854 2379 2920 conviciorum
2425 2857 2606 2918 omni
2651 2875 2762 2939 ge-

821 2963 983 3007 nere
1039 2943 1121 3006 ab
1175 2940 1492 3023 improbis
1547 2940 1952 3005 afficiantur:
2010 2959 2085 3004 ae
2130 2939 2397 3005 tandem
2441 2940 2757 3004 iustitiam

817 3027 1111 3111 ipsorum
1157 3036 1466 3108 tanquam
1514 3046 1816 3090 auroram
1852 3046 2273 3092 emersuram.
2361 3025 2761 3090 Patientiam

815 3113 1023 3197 igitur
1082 3134 1123 3177 a
1174 3113 1314 3177 suis
1376 3111 1700 3177 Dominus
1753 3112 1978 3196 exigit,
2035 3119 2110 3176 ut
2164 3111 2222 3176 si
2268 3110 2351 3176 ab
2387 3110 2762 3177 hominibus

818 3199 1151 3265 immerito
1229 3197 1574 3262 calumniis
1654 3207 2036 3280 graventur,
2135 3217 2211 3262 ac
2290 3217 2758 3281 nonnunquam

825 3284 1210 3364 obruantur,
1268 3304 1344 3348 ac
1401 3282 1617 3365 ipsum
1677 3282 1908 3347 mortis
1962 3282 2164 3348 limen
2225 3282 2518 3367 attigisse
2577 3283 2761 3348 vide·

822 3383 1038 3449 antur,
1085 3367 1533 3435 saevientibus
1576 3368 1731 3433 hinc
1772 3367 1927 3433 inde
1971 3369 2467 3452 tempestatibus
2510 3379 2576 3432 et
2611 3388 2762 3451 pro·

828 3457 1043 3534 cellis,
1103 3464 1172 3520 et
1235 3453 1420 3520 nulla
1483 3475 1600 3538 spe
1665 3453 2098 3536 undecunque
2161 3455 2322 3537 ipsis
2382 3454 2761 3538 affulgente,

822 3544 1227 3609 exorituram
1272 3551 1492 3605 tamen
1541 3539 1804 3606 tandem
1850 3559 2175 3615 auroram,
2235 3560 2310 3605 ac
2354 3538 2559 3604 nubes
2603 3541 2763 3604 istas

823 3648 1052 3692 omnes
1122 3627 1614 3711 dissipaturam:
1687 3626 1905 3691 Deum
1963 3646 2198 3709 nempe
2249 3626 2466 3709 ipsum
2526 3626 2760 3690 libera-

818 3721 1028 3779 torem
1101 3721 1416 3795 tanquam
1483 3708 1604 3775 ἀπὸ
1667 3713 1932 3792 μηχανῆς
1991 3712 2369 3789 affuturum,
2448 3731 2763 3793 suamque

820 3797 1012 3864 nobis
1054 3799 1331 3882 gratiam
1369 3809 1436 3862 et
1472 3798 1980 3862 misericordiam
2018 3799 2520 3880 patefacturum,
2568 3796 2762 3862 modo

823 3905 1005 3969 spem
1068 3896 1358 3948 nostram
1418 3904 1676 3947 omnem
1721 3882 1790 3947 in
1835 3882 2023 3948 illum
2064 3882 2446 3967 defigamus,
2503 3891 2571 3947 et
2613 3904 2760 3967 pro-

821 3970 1209 4036 missionum
1253 3990 1570 4033 memores
1614 3971 1941 4051 patienter
1984 3969 2424 4052 impletionem
2470 3979 2763 4051 praesto·

820 4055 1068 4121 lemur:
1150 4075 1225 4119 ac
1283 4053 1799 4120 caecutientibus
1856 4055 2133 4119 caeteris
2190 4054 2492 4120 omnibus
2553 4054 2761 4118 homi·

820 4143 1037 4217 nibus,
1073 4151 1139 4204 et
1172 4141 1244 4205 in
1281 4140 1548 4204 densam
1589 4143 2007 4205 tenebrarum
2044 4140 2390 4223 caliginem
2435 4140 2761 4205 immersis

817 4228 948 4294 Dei
983 4226 1304 4292 iustitiam
1343 4226 1478 4290 suis
1513 4224 1813 4291 fidelibus
1849 4228 2318 4309 apparituram,
2366 4225 2761 4307 tandemque

819 4315 946 4380 Dei
1007 4333 1225 4377 osores
1285 4330 1359 4375 ac
1418 4321 1893 4394 contemptores
1936 4312 2298 4396 ignominia
2341 4323 2407 4376 et
2448 4310 2760 4377 dedecore

816 4401 1087 4465 obrutos
1130 4397 1316 4463 factis
1362 4396 1628 4481 dignam
1673 4399 2034 4463 mercedem
2081 4408 2545 4479 reportaturos.
2633 4396 2761 4461 Ne-

820 4506 950 4570 que
1010 4503 1164 4549 vero
1222 4483 1448 4547 mirari
1507 4502 1628 4547 nos
1685 4495 1941 4565 oportet
1994 4483 2050 4548 si
2110 4482 2235 4548 Dei
2280 4492 2759 4565 contemptores

815 4581 1008 4637 tanta
1072 4569 1489 4651 corruptione
1556 4566 1895 4650 depravati
1955 4580 2143 4633 sunt:
2212 4568 2384 4652 quod
2444 4570 2757 4633 nimirum

818 4656 1211 4730 caecutiunt,
1258 4665 1327 4719 et
1370 4654 1704 4737 perpetuis
1750 4654 2040 4719 tenebris
2085 4674 2161 4720 ac
2203 4665 2392 4720 nocte
2436 4652 2759 4737 profunda

818 4741 1099 4807 demersi
1159 4753 1567 4825 premuntur.
1657 4738 1880 4820 Quare
1925 4740 2076 4805 licet
2126 4762 2244 4806 nos
2287 4762 2508 4806 secum
2558 4740 2762 4804 veluti

821 4828 1150 4892 demersos
1207 4827 1274 4890 in
1338 4827 1753 4891 tenebrarum
1800 4824 2112 4910 abyssum
2156 4826 2336 4890 omni
2379 4825 2760 4891 contumeli-

819 4934 1007 4978 arum
1073 4933 1313 4995 genere
1371 4913 1677 4988 afficiant,
1747 4925 1813 4976 et
1880 4912 2134 4976 miseris
2177 4911 2477 4989 illudant,
2546 4911 2760 4994 adque

821 4999 944 5063 Dei
1026 4997 1520 5080 abnegationem
1591 4996 1966 5076 sollicitent,
2032 5018 2115 5061 ne
2174 4997 2543 5062 dubitemus
2601 4998 2756 5080 quin

819 5083 936 5149 lux
973 5084 1087 5148 illa
1121 5084 1422 5149 coelestis
1452 5083 1720 5149 tandem
1756 5085 1823 5148 in
1863 5082 2171 5149 maximis
2205 5083 2529 5165 angustiis
2564 5084 2756 5147 afful-

819 5181 987 5252 geat,
1046 5190 1120 5234 ao
1165 5168 1541 5234 divinarum
1590 5168 2094 5251 promissionum
2140 5168 2241 5234 vis
2283 5189 2427 5235 sese
2471 5181 2755 5246 exserat,

815 5276 1052 5338 nempe
1093 5253 1311 5320 Deum
1355 5255 1503 5321 illos
1546 5254 2024 5321 honoraturum
2069 5276 2111 5319 a
2143 5255 2378 5338 quibus
2408 5264 2545 5320 toto
2578 5255 2757 5322 vitae

2543 345 2789 414 ΗΟΜῙ
2799 346 2956 415 LIA
3000 346 3129 414 xl.

4643 347 4740 414 360

2863 557 3020 604 suae
3076 536 3398 604 curriculo
3453 537 3705 604 sincere
3759 536 3971 603 cultus
4029 542 4097 601 et
4140 534 4532 620 glorificatus
4568 538 4740 602 fuerit.

2863 624 3097 689 Nonne
3143 644 3297 689 vero
3342 622 3532 689 nobis
3576 624 3737 689 haec
3780 623 4033 688 animos
4069 621 4282 687 facere
4318 621 4564 702 debent,
4599 635 4655 688 et
4680 624 4743 690 ad

2863 710 3298 775 constantiam
3335 710 3670 792 animique
3703 710 4173 793 praestantiam
4210 708 4461 793 erigere
4484 710 4744 775 adversus

2866 794 3093 861 mundi
3161 817 3587 880 quascunque
3652 795 3863 860 minas
3929 805 3998 859 et
4062 815 4293 859 saevas
4358 805 4743 879 tempestates,

2866 903 2946 947 ne
2988 890 3169 947 metu
3214 903 3291 947 ao
3326 881 3627 947 vecordia
3663 880 4059 958 deficiamus,
4102 879 4217 946 sed
4253 879 4562 947 adversus
4593 902 4745 963 quos·

2866 988 3125 1051 cunque
3190 979 3403 1033 motus
3489 968 3935 1052 improborum
4024 967 4448 1050 imperterriti
4532 988 4746 1032 cursum

2865 1067 3159 1121 nostrum
3206 1054 3640 1133 absolvamus,
3682 1054 3741 1117 si
3785 1051 4039 1118 venerit
4081 1053 4152 1117 in
4192 1065 4477 1117 mentem
4522 1054 4634 1117 ista
4667 1073 4747 1119 co·

2865 1141 3111 1222 gitatio,
3169 1140 3389 1205 Deum
3447 1160 3564 1205 suo
3609 1152 3897 1222 tempore
3942 1138 4128 1203 nobis
4170 1138 4542 1217 affuturum,
4591 1160 4747 1220 reque

2864 1228 3008 1311 ipsa
3060 1224 3657 1291 demonstraturum
3702 1246 3831 1289 non
3877 1225 4140 1289 inanem
4185 1224 4381 1289 istam
4425 1245 4560 1289 esse
4596 1245 4748 1289 suam

2864 1311 3382 1396 promissionem,
3448 1333 3517 1376 se
3572 1311 4086 1393 glorificaturum
4143 1331 4252 1374 eos
4309 1330 4351 1375 a
4405 1309 4623 1392 quibus
4661 1312 4748 1374 ho·

2865 1419 3024 1463 nore
3083 1396 3300 1462 debito
3355 1406 3423 1461 et
3478 1397 3847 1462 reverentia
3901 1396 4104 1461 fuerit
4147 1395 4501 1478 acceptus?
4567 1397 4748 1472 Magni

2864 1505 3059 1568 saepe
3145 1482 3422 1548 facimus
3506 1482 3774 1547 collatos
3860 1483 3941 1549 ab
4030 1482 4404 1546 hominibus
4489 1481 4748 1546 honores:

2864 1587 3107 1653 quanto
3163 1570 3375 1652 magis
3435 1588 3590 1652 ergo
3655 1589 3775 1633 nos
3834 1568 4017 1634 decet
4060 1568 4140 1633 ab
4185 1569 4326 1651 ipso
4371 1567 4514 1632 Deo
4557 1567 4749 1633 divinis

2864 1655 3291 1723 cumulandos
3361 1653 3731 1732 honoribus,
3798 1654 4087 1720 eiusdem
4146 1653 4391 1739 gloriae
4441 1664 4509 1718 et
4564 1653 4752 1718 honori

2865 1738 3174 1807 studere?
3260 1738 3501 1805 Annon
3566 1741 3894 1824 pollicenti
3961 1739 4248 1805 Domino
4312 1740 4508 1804 fidem
4570 1738 4751 1804 haberi

2866 1827 3013 1911 plus
3068 1847 3263 1910 quam
3322 1847 3596 1909 aequum
3643 1838 3761 1905 est,
3819 1840 3887 1891 et
3927 1847 4076 1892 oum
4118 1825 4437 1889 modestia
4479 1835 4542 1889 et
4583 1823 4752 1888 humi·

2866 1915 3048 1978 litate
3106 1911 3605 1996 promissionum
3651 1912 3857 1994 ipsius
3897 1911 4342 1995 impletionem
4386 1909 4751 1994 exspectari?

2866 1998 3088 2080 Quare
3148 1998 3201 2063 si
3261 2000 3428 2063 forte
3486 1999 3832 2081 contigerit
3873 2009 3947 2062 ut
3989 1998 4102 2079 qui
4147 2018 4372 2062 auram
4418 1997 4754 2080 popularem

2864 2092 3150 2168 captant,
3196 2094 3262 2149 et
3302 2083 3672 2149 istiusmodi
3719 2083 4069 2149 honoribus
4101 2085 4471 2166 capiuntur,
4512 2082 4589 2146 ad
4622 2103 4756 2146 sum·

2867 2191 3007 2236 mos
3072 2171 3348 2236 honores
3405 2191 3642 2254 magno
3686 2171 3978 2234 omnium
4022 2171 4341 2251 applausu
4385 2168 4756 2244 extollantur,

2867 2258 3191 2340 patienter
3249 2265 3317 2319 et
3374 2277 3522 2321 eum
3582 2255 3843 2321 silentio
3902 2255 4154 2321 animas
4209 2264 4474 2319 nostras
4518 2253 4757 2337 posside·

2867 2363 3074 2420 amus,
3113 2351 3179 2407 et
3213 2341 3295 2407 ab
3330 2341 3461 2406 illis
3497 2341 3849 2407 divortium
3884 2340 4220 2417 facientes,
4268 2339 4453 2405 brevi
4489 2341 4553 2405 in
4585 2340 4756 2404 fumos

2867 2428 3190 2492 abituram
3293 2426 3682 2511 dignitatem
3772 2429 4000 2510 procul
4103 2426 4500 2492 intueamur.
4613 2424 4760 2490 Nihil

2868 2516 3043 2579 enim
3107 2515 3388 2579 Domino
3432 2514 3904 2595 supereminet:
3961 2511 4075 2580 sed
4120 2533 4288 2596 quae
4331 2512 4418 2576 ab
4462 2513 4599 2577 eius
4637 2510 4757 2574 libe·

2866 2600 2988 2664 rali
3040 2618 3237 2664 manu
3297 2600 3676 2683 consequuti
3735 2599 4070 2677 fuerimus,
4128 2619 4462 2664 summum
4507 2609 4758 2662 nostrum

2865 2685 3113 2751 bonum
3157 2705 3300 2751 esse
3343 2685 3657 2750 norimus.
3749 2688 3846 2752 Ac
3913 2683 4182 2769 proinde
4248 2705 4378 2748 non
4456 2704 4494 2747 a
4556 2681 4759 2747 mundo

2867 2770 3269 2854 quaerendos
3312 2770 3627 2835 honores:
3672 2770 3869 2853 plena
3914 2773 4087 2835 enim
4131 2770 4352 2834 omnia
4393 2769 4757 2835 ambitionis:

2866 2877 2993 2940 qua
3035 2859 3093 2921 si
3137 2854 3341 2922 semel
3385 2856 3772 2938 inficiamur,
3808 2877 3936 2921 non
3982 2854 4409 2921 dubitandum
4460 2857 4610 2938 quin
4641 2850 4760 2917 inde

2865 2942 3076 3008 labem
3136 2942 3274 3007 vita
3328 2951 3554 3007 nostra
3611 2942 3958 3007 contrahat
3998 2943 4067 3006 in
4114 2942 4384 3006 Domini
4431 2949 4759 3024 conspectu,

2864 3038 2932 3094 et
2989 3049 3065 3094 eo
3117 3029 3327 3093 maior
3378 3027 3464 3092 sit
3520 3048 3560 3092 a
3612 3027 3798 3094 nobis
3852 3026 4286 3111 exspectanda
4328 3025 4758 3101 condemnatio,

2865 3135 2991 3199 quo
3035 3112 3281 3179 foedior
3325 3114 3454 3178 erit
3498 3115 3672 3179 vitae
3715 3123 3975 3180 nostrae
4018 3113 4322 3181 conditio.
4414 3113 4548 3178 Sed
4590 3110 4756 3176 nomi·

2866 3201 3073 3265 natim
3151 3199 3465 3264 honorem
3534 3200 3827 3282 promitti
3890 3200 4011 3264 Dei
4070 3198 4436 3266 cultoribus
4493 3197 4758 3262 memine-

2866 3287 3073 3351 rimus
3115 3297 3381 3369 propter
3420 3285 3755 3350 hominum
3791 3285 4262 3360 infirmitatem,
4305 3305 4408 3364 ne,
4452 3284 4626 3368 quasi
4658 3285 4758 3346 sint

2865 3372 3233 3448 reiectanei,
3300 3370 3749 3455 despondeant
3791 3372 4105 3450 animum,
4149 3383 4264 3435 aut
4306 3371 4599 3435 nondum
4636 3365 4759 3433 satis

2864 3456 2946 3523 ab
2992 3457 3298 3522 humanis
3332 3457 3674 3522 affectibus
3708 3457 4065 3541 repurgati,
4111 3477 4274 3534 sese,
4320 3457 4429 3521 vel
4467 3468 4758 3522 contume-

2864 3542 3121 3621 liarum,
3182 3542 3289 3608 vel
3345 3543 3734 3608 iniuriarum
3796 3544 3976 3608 omni
4036 3562 4275 3627 genere
4332 3543 4543 3626 premi
4599 3537 4760 3607 senti·

2864 3641 3070 3712 entes,
3127 3628 3487 3694 immeritos
3529 3640 3595 3693 et
3637 3629 4039 3704 innocentes,
4081 3628 4348 3695 moleste
4389 3628 4633 3693 ferant:
4677 3623 4757 3687 fu·

2864 3724 3082 3779 turam
3127 3715 3302 3778 enim
3347 3713 3687 3798 dignitatis
3731 3725 3796 3780 et
3841 3714 4106 3780 honoris
4149 3714 4611 3798 sempiternam
4651 3709 4755 3794 glo-

2863 3801 3025 3864 riam
3074 3800 3419 3881 promittit,
3465 3801 3607 3866 istis
3651 3801 3951 3866 omnibus
3995 3802 4476 3865 momentaneis
4521 3810 4582 3864 et
4613 3794 4758 3861 brevi

2863 3885 3240 3951 transituris
3326 3886 3742 3951 contumeliis
3820 3885 4295 3970 opponendam.
4387 3884 4526 3952 Sed
4587 3893 4647 3949 et
4697 3876 4758 3944 sd

2864 3972 3359 4055 promissionem
3444 3972 3692 4038 accedit
3775 3971 3974 4038 etiam
4056 3973 4494 4052 comminatio,
4580 3971 4756 4035 Deum

2863 4067 3355 4124 contemnentes
3410 4059 3589 4123 omni
3654 4057 3965 4126 dedecore
4023 4067 4090 4124 et
4131 4058 4499 4142 ignominia
4535 4053 4754 4121 tandem

2863 4144 3260 4209 afficiendos.

3035 4228 3243 4294 Cuius
3341 4229 3864 4296 comminationis
3956 4228 4093 4298 vim
4182 4240 4258 4296 ut
4343 4227 4754 4314 percipiamus.

2863 4314 3088 4398 paucis
3150 4314 3307 4398 quid
3364 4316 3450 4380 sit
3494 4314 3714 4380 Deum
3759 4326 4174 4382 contemnere
4217 4316 4405 4382 nobis
4449 4327 4548 4381 est
4588 4310 4754 4394 expli·

2860 4397 3163 4466 candum.
3251 4399 3421 4465 Nam
3504 4401 3786 4484 alioquin
3867 4402 4200 4468 multoties
4279 4419 4672 4486 nequaquam
4725 4413 4754 4455 ⁸

2862 4486 3049 4551 nobis
3093 4484 3172 4551 de
3216 4486 3688 4552 contemnenda
3729 4487 3862 4551 Dei
3907 4488 4241 4553 maiestate
4283 4490 4650 4572 cogitatum,
4698 4499 4754 4546 ao

2861 4570 3056 4636 malle
3135 4581 3376 4637 terram
3462 4574 3645 4638 nobis
3727 4573 4078 4650 dehiscere,
4157 4595 4351 4657 quam
4433 4574 4512 4638 de
4572 4569 4755 4634 divina

2861 4657 3067 4741 gloria
3153 4658 3505 4740 quidquam
3574 4659 3849 4738 detrahi,
3930 4660 4338 4739 testabimur,
4415 4678 4607 4742 quum
4681 4665 4753 4716 tn·

2861 4763 3011 4808 men
3044 4742 3275 4809 ‚divini
3332 4755 3741 4829 contemptus
3788 4745 4073 4810 maxime
4121 4748 4213 4811 rei
4266 4748 4490 4813 simus.
4576 4742 4753 4823 Quare

2860 4828 3216 4893 tenendum
3273 4842 3389 4907 est,
3450 4852 3566 4896 nos
3624 4852 3958 4914 nunquam
4017 4832 4098 4896 ab
4157 4832 4281 4897 hoc
4322 4831 4590 4897 crimine
4629 4826 4751 4892 libe-

2860 4914 3120 4999 randos,
3190 4917 3313 4980 nisi
3362 4936 3589 4981 omnes
3633 4931 3893 4983 nostrae
3937 4918 4224 4982 actiones
4267 4927 4332 4982 et
4373 4915 4751 5000 cogitationes

2861 5000 2926 5064 in
2989 5000 3117 5065 Dei
3162 5001 3435 5084 gloriam
3484 5002 3799 5080 ferantur,
3858 5022 4055 5085 quam
4099 5023 4220 5087 pro
4264 5004 4503 5068 nostris
4547 4998 4751 5066 viribus

2860 5104 3102 5169 augere
3163 5096 3232 5151 et
3288 5086 3685 5170 amplificare
3742 5089 4140 5165 studeamus,
4228 5102 4630 5171 nostramque
4675 5101 4753 5146 sa·

2859 5170 3061 5236 lutem
3130 5193 3655 5256 promoveamus.
3752 5173 3994 5256 Quare,
4082 5176 4365 5259 exempli
4429 5174 4643 5258 gratia,
4706 5163 4750 5229 ui

2859 5257 3204 5325 malefacta
3283 5259 3772 5326 dissimulamus
3839 5282 3914 5327 ac
3980 5261 4350 5342 toleramus,
4429 5271 4540 5325 aut
4588 5256 4636 5322 si
4673 5250 4749 5315 of-
