5059 6059
268 270 388 337 585
1537 267 1635 333 IN
1681 265 1738 333 1.
1787 265 1966 331 hlB.
2015 264 2419 332 SAMUEL.
2465 264 2663 331 OAP.
2709 265 2977 331 XXVI.
4141 268 4271 334 586

268 457 545 523 tionibus
589 465 866 522 tutatus.
913 455 1350 523 Memorabile
1390 477 1591 540 porro
1635 456 1880 521 factum
1927 453 2211 518 Davidis

268 543 385 608 boc
428 543 564 608 loco
608 550 1006 620 recensetur,
1053 542 1168 623 qui
1213 556 1552 624 assumpto
1596 560 1819 607 secum
1863 538 2092 604 Abisai
2137 540 2211 602 in

266 644 473 697 castra
496 627 719 695 Saulis
741 627 1115 693 descendit:
1161 639 1225 691 et
1263 625 1425 692 alios
1459 626 1724 709 quidem
1772 636 1969 689 antea
1992 622 2209 689 David

266 726 542 799 rogarat,
603 713 719 778 sed
779 734 851 778 se
910 713 1218 780 comitem
1265 713 1496 779 Abisai
1553 711 1733 777 solus
1788 709 2028 775 obtulit
2083 728 2211 791 quo

263 809 602 867 contentus
638 799 707 863 in
755 812 972 864 castra
1014 799 1223 863 venit.
1267 795 1402 862 Sed
1450 797 1654 863 nimia
1696 797 1826 861 ista
1869 795 2209 860 temeritas

262 888 535 951 fortasse
593 886 835 950 merito
895 881 1252 963 videbitur,
1305 886 1375 949 in
1430 880 1721 948 medium
1767 881 2054 946 hostium
2102 900 2214 964 ag·-

261 992 409 1036 men
467 970 648 1036 solus
695 990 1146 1053 perrumpere:
1207 970 1380 1052 quod
1426 989 1560 1033 non
1602 989 1793 1051 posse
1836 966 1983 1031 fieri
2026 966 2211 1031 vide·

265 1058 471 1132 batur,
515 1057 672 1139 quin
723 1067 842 1120 aut
887 1064 1120 1120 euntes
1164 1064 1280 1120 aut
1320 1055 1701 1121 recedentes
1745 1074 1784 1118 a
1829 1050 2211 1118 custodibus

261 1143 939 1225 deprehenderentur,
1000 1148 1069 1205 et
1125 1159 1269 1205 sese
1328 1153 1644 1222 tauquam
1688 1159 1847 1221 aper
1889 1139 1960 1202 in
2004 1157 2210 1202 vena-

262 1228 484 1293 bulum
546 1228 936 1311 praecipites
998 1226 1066 1289 in
1112 1224 1397 1291 hostium
1447 1245 1686 1290 manus
1729 1224 1982 1289 darent.
2072 1220 2209 1287 Sed

259 1324 409 1379 aute
466 1315 719 1380 dictum
781 1323 885 1378 est
927 1310 1262 1379 Davidem
1307 1312 1599 1376 exivisse
1642 1312 2089 1392 exploratum:
2135 1327 2212 1373 ac

255 1399 526 1483 proinde
549 1401 824 1463 minime
847 1395 1116 1462 dubium
1164 1407 1266 1461 est
1308 1399 1468 1479 quin
1519 1395 1803 1461 hostium
1843 1394 2207 1460 socordiam

253 1496 317 1550 et
372 1485 791 1551 securitatem
854 1503 1082 1549 secure
1142 1481 1606 1547 dormientium
1667 1481 1856 1562 quasi
1915 1478 2093 1543 domi
2136 1481 2205 1544 in

251 1571 436 1636 lectis
490 1571 783 1636 iacerent
838 1567 1366 1651 deprehenderit.
1457 1566 1685 1648 Quare
1729 1586 1929 1648 quum
1975 1583 2208 1629 somno

250 1657 539 1740 sepultos
563 1655 1052 1737 animadvertit,
1088 1654 1532 1736 praesentiore
1553 1654 1774 1717 animo
1808 1652 1877 1716 in
1914 1651 2206 1733 ipsorum

246 1756 457 1807 castra
496 1741 702 1808 venit.
760 1741 1232 1822 Praeterquam
1269 1739 1440 1822 quod
1479 1739 1751 1808 minime
1788 1735 2060 1801 dubium
2107 1746 2210 1800 est

245 1830 400 1911 quin
461 1826 697 1892 divino
757 1828 1081 1908 impulsus
1152 1827 1243 1890 eit
1300 1825 1567 1907 spiritu:
1652 1819 2203 1905 quemadmodum

243 1915 311 1977 in
381 1912 689 1978 omnibus
755 1912 901 1976 istis
961 1910 1405 1993 peculiaribus
1458 1911 1648 1976 factis
1707 1907 1836 1975 Dei
1896 1907 2205 1989 spiritum

243 2009 582 2081 operatum
632 2000 831 2063 fuisse
875 1995 1273 2062 credendum
1320 2005 1441 2076 est,
1499 2007 1573 2060 ut
1617 2015 1736 2077 per
1777 1991 2005 2059 fideles
2049 2012 2207 2058 suos

243 2104 471 2150 servos
531 2103 612 2148 ea
664 2095 1047 2166 praestaret,
1107 2102 1273 2164 quae
1316 2080 1516 2146 nullis
1559 2080 1904 2145 hominum
1949 2076 2208 2143 viribus

242 2170 470 2252 perfici
536 2171 933 2253 potuissent.
1025 2168 1244 2232 David
1305 2168 1530 2250 igitur,
1589 2165 1715 2230 etsi
1758 2165 1867 2230 vir
1909 2164 2097 2228 fortis
2141 2175 2207 2228 et

241 2256 730 2339 magnamiuus,
790 2273 1131 2335 nunquam
1189 2274 1259 2318 se
1304 2254 1373 2316 in
1419 2269 1554 2317 tam
1599 2265 1897 2333 apertum
1943 2251 2204 2332 pericu·

244 2341 380 2406 lum
428 2342 837 2413 coniecisset,
878 2341 1002 2404 nisi
1040 2337 1170 2403 Dei
1216 2338 1425 2421 ipsius
1468 2337 1673 2404 veluti
1722 2355 1923 2400 mauu
1969 2334 2206 2400 ductus

239 2427 493 2492 fuisset.
591 2423 725 2492 Sed
770 2424 957 2490 Deus
1017 2425 1141 2490 hoc
1201 2424 1536 2508 negotium
1582 2422 1706 2488 hac
1748 2423 2006 2486 ratione
2049 2439 2203 2503 pro-

237 2512 469 2591 movit,
516 2527 595 2578 ut
624 2511 908 2577 Davidis
951 2511 1303 2594 integritas
1347 2524 1415 2574 et
1454 2508 1836 2574 innocentia
1875 2506 2203 2589 insignior

238 2607 433 2670 esset.
496 2606 567 2662 et
626 2597 905 2679 singulis
962 2604 1324 2679 perspecta,
1383 2593 1549 2660 Saul
1609 2604 1828 2659 autem
1888 2592 2202 2657 confusus

234 2683 601 2759 recederet,
646 2694 714 2747 et
758 2681 1002 2746 Davidi
1047 2683 1280 2746 saltem
1326 2680 1408 2745 ad
1453 2690 1716 2762 tempus
1758 2680 2045 2760 quietem
2080 2677 2200 2741 ali-

235 2788 432 2849 quam
482 2770 695 2834 daret.
740 2767 973 2850 Neque
1011 2770 1186 2833 enim
1214 2764 1484 2832 Saulem
1507 2764 1696 2830 Deus
1741 2775 1881 2829 tum
1926 2762 2201 2845 perdere

236 2853 519 2934 volebat,
584 2874 795 2936 neque
856 2853 1102 2918 maiore
1158 2854 1228 2918 vi
1285 2851 1509 2934 aliqua
1562 2850 1817 2933 fugare,
1874 2848 1989 2914 sed
2048 2868 2198 2914 cum

230 2941 452 3024 aliquo
526 2939 848 3006 dedecore
908 2938 1173 3003 domum
1233 2957 1577 3015 revocare:
1647 2934 2197 3018 quemadmodum

230 3026 599 3109 contigisse
622 3026 939 3090 videmus.
986 3022 1210 3089 David
1238 3024 1444 3107 igitur
1480 3021 1704 3088 salvus
1740 3032 1809 3086 et
1843 3019 2199 3087 incolumis

227 3111 459 3186 evasit,
510 3112 672 3176 licet
705 3111 777 3174 in
821 3110 1111 3174 medium
1158 3130 1395 3191 agmen
1445 3108 1732 3172 hostium
1776 3107 2085 3181 venisset,
2130 3113 2199 3171 et

227 3207 557 3279 tanquam
611 3197 902 3279 caligans
962 3199 1033 3260 iu
1087 3214 1420 3260 summum
1466 3192 1818 3259 discrimen
1862 3211 1936 3256 se
1977 3190 2195 3258 conis·-

225 3285 446 3360 cisset,
492 3281 647 3347 Deo
682 3283 898 3364 ipsum
945 3279 1334 3345 admirando
1378 3289 1445 3345 et
1488 3298 1729 3344 arcano
1771 3276 2047 3344 consilio
2090 3298 2196 3342 re·

227 3382 443 3449 gente,
507 3379 587 3433 ut
629 3368 838 3450 ipsius
882 3367 1259 3431 innocentia
1301 3386 1438 3430 non
1484 3365 1700 3430 dubiis
1743 3362 1952 3448 siguis
1992 3362 2199 3428 omni-

230 3454 348 3520 bus
408 3455 879 3536 innotesceret,
937 3460 1006 3517 et
1050 3449 1215 3517 Saul
1281 3450 1435 3517 licet
1491 3452 1716 3515 furore
1774 3458 2086 3515 aestuans
2128 3459 2198 3512 et

226 3541 632 3623 sauguinem
694 3538 959 3609 sitiens,
1025 3536 1295 3602 domum
1352 3536 1565 3601 redire
1622 3556 1772 3601 oum
1834 3534 2197 3617 ignominia

224 3636 618 3709 cogeretur:
683 3623 858 3705 quod
919 3625 1338 3689 innocentem
1400 3622 1736 3687 homiuem
1786 3640 2047 3685 summa
2090 3620 2196 3682 in·

223 3711 396 3776 iuria
447 3722 975 3793 persequeretur,
1029 3710 1197 3790 quod
1259 3709 1475 3789 ipsum
1529 3708 1843 3771 fatentem
1889 3706 2197 3787 deinceps

223 3795 605 3861 audiemus.
652 3795 831 3860 Hinc
851 3795 1058 3877 igitur
1092 3793 1441 3864 discamus.
1486 3791 1706 3857 Deum
1746 3791 2196 3858 laborantibus

220 3883 364 3948 suis
386 3879 744 3948 consilium
767 3882 1206 3962 suppeditare,
1252 3893 1319 3942 et
1358 3881 1555 3943 rebus
1591 3876 2003 3941 difficillimis
2046 3897 2194 3942 suo-

217 3987 520 4045 currere,
580 3965 793 4030 modis
848 3965 1273 4042 admirandis,
1338 3965 1453 4047 qui
1512 3981 1846 4045 nunquam
1892 3962 1963 4025 in
2009 3982 2194 4025 men-

216 4066 354 4117 tem
402 4051 647 4118 venire
689 4053 1094 4134 potuissent:
1140 4049 1315 4115 unde
1360 4049 1572 4115 maius
1616 4047 1927 4132 precandi
1971 4045 2192 4111 Deum

216 4139 522 4203 studium
549 4140 622 4201 in
665 4135 855 4202 nobis
879 4136 1075 4201 debet
1102 4136 1397 4212 excitari,
1424 4153 1543 4200 nos
1565 4150 1642 4199 ut
1663 4148 1852 4217 regat
1873 4147 1940 4196 et
1982 4141 2198 4215 prote-

212 4235 331 4306 gat
376 4221 678 4307 singulis
721 4222 1094 4287 momentis.
1154 4221 1324 4286 Nam
1371 4240 1563 4302 saepe
1605 4220 1684 4284 fit
1727 4229 1801 4282 ut
1844 4218 1998 4284 licet
2039 4238 2192 4283 acu-

212 4321 361 4373 tum
443 4328 726 4374 cernere
784 4320 854 4372 et
909 4307 1268 4390 prudenter
1326 4325 1522 4391 agere
1581 4305 1769 4370 nobis
1826 4303 2192 4381 videamur,

212 4411 447 4461 tamen
508 4396 630 4459 vix
691 4414 859 4476 quae
918 4406 1073 4457 ante
1117 4393 1314 4475 pedes
1358 4403 1512 4457 suut
1569 4389 2065 4473 conspiciamus,
2126 4400 2196 4454 et

209 4500 379 4561 quas
403 4490 641 4545 mente
660 4479 948 4543 rationes
981 4477 1480 4561 providerimus,
1516 4487 1850 4541 momento
1884 4475 2191 4539 effluant:

211 4578 278 4630 et
325 4566 526 4631 Deus
588 4585 710 4629 nos
770 4563 1245 4628 admirabiliter
1303 4583 1387 4628 ex
1434 4563 1649 4627 medio
1691 4581 1912 4626 rerum
1963 4561 2195 4625 discri-

207 4652 399 4717 mine
465 4664 760 4728 revocet,
816 4660 884 4713 et
926 4650 1204 4714 afflictos
1247 4649 1480 4730 erigat.
1566 4646 1676 4711 Ad
1721 4649 1940 4730 ipsum
1983 4645 2193 4729 igitur

208 4738 588 4820 confugere
626 4747 941 4817 perpetuo
988 4736 1498 4812 meminerimus,
1544 4746 1618 4798 ut
1653 4754 1785 4797 nou
1831 4731 2042 4797 solum
2089 4730 2194 4795 iu-

213 4821 475 4889 dicium
530 4821 721 4886 nobis
765 4824 877 4883 det
920 4820 1000 4884 ad
1047 4840 1128 4883 ea
1168 4818 1621 4903 cognoscenda
1663 4836 1831 4900 quae
1875 4816 1958 4881 ad
2001 4836 2190 4882 meu-

205 4929 350 4973 sem
401 4920 534 4973 aut
578 4925 829 4970 anuum
874 4905 1048 4969 facto
1091 4914 1249 4970 sunt
1291 4925 1489 4987 opus:
1550 4904 1663 4968 sed
1712 4916 1909 4986 prout
1954 4902 2036 4966 ad
2082 4922 2186 4966 ar·

202 4991 343 5058 dua
402 4991 689 5076 negotia
724 4990 1093 5056 ‘tractanda
1149 5011 1271 5056 nos
1335 4988 1622 5069 vocabit,
1680 4989 1929 5054 exitum
1988 4989 2187 5052 etiam

201 5080 604 5161 patefaciat,
665 5096 916 5158 suaque
969 5095 1173 5139 mauu
1232 5087 1435 5159 regat,
1489 5084 1559 5140 et
1600 5075 1705 5141 vel
1750 5077 1818 5139 in
1865 5072 2037 5139 hanc
2084 5074 2188 5138 vel

199 5164 276 5229 in
338 5164 546 5230 illam
606 5172 863 5245 partem
917 5160 1132 5237 ducat,
1192 5176 1387 5243 prout
1429 5158 1739 5244 expedire
1782 5159 2186 5242 cognoverit.

2316 452 2538 518 David
2583 474 2744 518 sane
2789 453 3076 519 hostium
3120 462 3338 520 castra
3378 458 3748 540 explorans,
3811 477 3943 523 nou
3989 457 4273 524 habebat

2313 536 2383 601 in
2445 540 2668 603 animo
2722 539 2791 604 in
2853 538 3142 604 medium
3200 543 3492 626 ipsorum
3550 562 3792 626 agmen
3841 545 4095 609 venire:
4154 546 4268 610 sed

2316 623 2499 721 Deus
2538 623 2662 689 hoc
2705 624 2834 709 ipsi
2877 625 3221 691 consilium
3267 628 3628 712 suggessit:
3675 641 3740 692 et
3784 627 4120 695 audaciam
4168 632 4268 694 in-

2315 706 2499 789 didit,
2558 710 2674 775 ubi
2733 710 3017 775 hostium
3077 713 3443 778 socordiam
3503 725 3569 778 et
3613 714 4083 797 negligentiam
4128 717 4269 780 aui·

2313 795 2794 861 madvertisset.
2838 795 3290 881 Repentinum
3314 799 3520 884 igitur
3542 800 3664 864 fuit
3686 799 3862 864 istud
3887 800 4267 866 consilium:

2312 900 2510 979 quam
2569 881 2652 946 ob
2709 901 2869 960 rem,
2921 896 2997 947 ut
3042 896 3198 947 ante
3243 882 3401 961 dixi,
3458 905 3585 949 non
3634 884 4063 950 dubitandum
4106 887 4268 968 quin

2313 985 2370 1064 ‚⁸¹
2428 966 2692 1048 quaudo
2745 968 3100 1067 contigerit
3154 989 3276 1035 nos
3334 971 3405 1034 iu
3450 971 3728 1068 summis
3771 969 4270 1038 difficultatibus

2313 1072 2539 1237 :25:3⁶
2562 1053 3945 1225 ,ἓῖἰῖἓ“ἒζοὲἓέῗὲωέἒέἓηέῃῗῖἶῇρῗαῗῖἒι,
3975 1058 4267 1226 ²3:225:

2313 1222 2472 1287 utile
2515 1224 2604 1288 sit
2648 1224 3085 1290 demonstret:
3146 1225 3310 1290 adeo
3353 1226 3616 1309 quidem
3661 1238 3735 1291 ut
3778 1237 4040 1310 praeter
4083 1249 4268 1311 spem

2312 1295 2380 1372 ei
2432 1309 2806 1407 opinionem
2865 1311 3156 1377 rationes
3214 1325 3544 1396 suggerat,
3604 1310 3839 1394 quibus
3896 1334 3980 1378 ex
4024 1314 4269 1380 nostris

2311 1402 2641 1477 augustus
2683 1415 3117 1479 emergamus.

2315 1564 2327 1578 ·
2483 1479 2697 1545 Porro
2752 1483 3079 1562 sequitur,
3141 1483 3366 1550 Abisai
3426 1483 3628 1550 fuisse
3685 1491 3982 1549 autorem
4041 1482 4267 1551 David

2311 1563 2751 1631 interficiendi
2797 1565 3084 1646 Saulem,
3141 1589 3269 1633 non
3333 1566 3595 1652 quidem
3640 1588 3842 1634 manu
3878 1571 4086 1651 ipsius
4127 1569 4270 1635 Da·

2312 1651 2482 1716 vidis
2539 1651 2656 1716 sed
2716 1671 2835 1716 sua
2887 1673 3089 1735 opera
3144 1675 3338 1735 quam
3397 1654 3591 1721 offert
3644 1653 3752 1719 his
3809 1655 4058 1720 verbis:
4109 1654 4268 1721 Con-

2308 1736 2495 1801 clusit
2514 1733 2696 1801 Deus
2714 1738 3045 1804 inimicum
3078 1744 3256 1804 tuum
3279 1739 3462 1805 hodie
3502 1741 3575 1805 in
3607 1759 3842 1806 manus
3881 1744 4061 1806 tuas.-
4099 1761 4267 1806 nunc

2309 1841 2454 1905 erqo
2481 1822 2847 1904 perfodiam
2889 1844 3030 1888 eum
3073 1823 3290 1891 lancea
3331 1829 3402 1890 in
3445 1832 3613 1892 terra
3653 1827 3861 1904 semel,
3902 1831 3960 1891 et
4000 1828 4265 1892 secundo

2309 1926 2472 1989 opus
2511 1927 2639 1974 non
2683 1908 2831 1974 erit:
2884 1909 3120 1993 quibus
3161 1912 3384 1977 verbis
3428 1910 3673 1976 lethale
3716 1912 3960 1977 vulnus
4003 1933 4075 1979 se
4119 1912 4264 1978 illa-

2309 2003 2532 2058 turum
2558 1992 2921 2074 pollicetur,
2957 2017 3042 2061 ex
3087 2017 3216 2078 quo
3240 1996 3404 2062 Saul
3450 2017 3784 2080 nunquam
3822 1996 4081 2064 evadat.
4126 1996 4264 2064 Sed

2306 2077 2531 2144 David
2591 2077 2824 2144 iisdem
2891 2080 3111 2148 verbis
3154 2082 3387 2148 Abisai
3443 2095 3719 2161 coercet,
3778 2081 4015 2165 quibus
4068 2095 4264 2148 antea

2307 2184 2464 2230 suos
2485 2165 2731 2232 milites
2766 2165 2848 2232 ad
2895 2187 3119 2233 necem
3145 2168 3367 2233 Saulis
3412 2171 3624 2249 ipsum
3667 2167 4015 2233 hortantes
4058 2189 4262 2251 quum

2307 2252 2379 2314 in
2447 2251 2828 2334 speluncam
2899 2253 3190 2317 venisset
3244 2251 3689 2319 deterruerat:
3752 2253 3856 2319 Ne
3913 2253 4263 2336 interficias

2306 2354 2480 2400 eum:
2537 2336 2684 2417 quis
2738 2338 2904 2401 enim
2960 2339 3240 2404 extendet
3288 2358 3551 2404 manum
3592 2358 3780 2404 suam
3819 2338 3894 2403 in
3941 2338 4264 2405 Christum

2310 2420 2605 2497 Domini,
2655 2428 2714 2487 et
2766 2424 3059 2489 innocens
3106 2425 3274 2489 erit?
3370 2424 3630 2491 Deinde
3689 2425 4061 2489 iuramento
4119 2446 4259 2491 rem

2304 2510 2684 2573 confirmat:
2755 2507 2930 2574 Vivit
2969 2508 3309 2587 Dominus,
3366 2511 3519 2594 quia
3574 2512 3710 2576 nisi
3750 2509 4082 2576 Dominus·
4106 2532 4263 2592 per·

2303 2594 2575 2692 suaserit
2630 2613 2793 2674 eum,
2850 2599 2964 2659 ant
3019 2595 3156 2659 dies
3197 2597 3338 2661 eius·
3378 2598 3627 2671 venerit,
3673 2601 3732 2661 et
3770 2595 4102 2679 moriatur,
4147 2600 4262 2661 aut

2303 2698 2375 2742 m
2427 2679 2753 2761 praelium
2809 2679 3176 2745 descendens
3220 2682 3490 2764 perierit
3507 2731 3524 2762 ,
3581 2681 3906 2766 propitius
3956 2682 4046 2746 sit
4098 2682 4260 2746 mihi

2301 2762 2659 2848 Dominus,
2711 2785 2792 2831 ne
2846 2766 3175 2832 extendam
3228 2786 3492 2832 manum
3550 2786 3753 2833 meam
3809 2767 3879 2830 in
3935 2765 4255 2832 christum

2302 2846 2598 2915 Domini.
2688 2850 2970 2917 Davidis
3024 2852 3408 2933 patientiam
3450 2852 3848 2926 intueamur,
3907 2871 4100 2933 quem
4146 2873 4259 2917 ne-

2301 2955 2482 3000 cesse
2504 2950 2606 3000 est
2639 2957 2782 3002 sese
2825 2936 2910 3002 ad
2931 2935 3062 3000 Dei
3104 2936 3488 3019 obsequium
3534 2946 3749 3001 totum
3794 2937 4256 3018 composuisse,

2302 3041 2507 3102 quum
2568 3023 2709 3088 suis
2763 3023 3107 3088 affectibus
3164 3024 3259 3089 ita
3317 3024 3642 3089 dominari
3701 3031 3935 3105 potest.
4023 3020 4257 3104 Neque

2300 3107 2481 3170 enim
2527 3118 2784 3173 tantum
2832 3108 2915 3173 de
2958 3109 3331 3192 praeteritis
3373 3108 3631 3174 iniuriis
3675 3106 4063 3172 ulciscendis
4103 3129 4257 3191 age·-

2301 3191 2510 3274 batur,
2560 3193 2676 3258 sed
2734 3192 2818 3259 de
2873 3195 3206 3276 praesenti
3264 3193 3574 3278 periculo,
3634 3193 3808 3276 quod
3866 3193 4079 3257 instar
4122 3194 4258 3258 avi·

2297 3278 2483 3342 culae
2543 3280 2831 3345 incertus
2888 3287 3257 3362 vagaretur,
3316 3288 3387 3345 et
3442 3279 3510 3344 in
3556 3279 3864 3362 laqueum
3911 3278 4255 3345 conclusus

2297 3362 2657 3430 videretur.
2743 3364 2836 3430 Et
2886 3365 3044 3430 licet
3100 3378 3299 3432 autea
3356 3376 3633 3431 conatus
3690 3378 3863 3429 esset
3918 3383 4035 3429 cor
4076 3364 4255 3430 illius

2294 3449 2581 3531 flectere,
2623 3465 2692 3515 et
2724 3451 3001 3533 ipsemet
3037 3448 3202 3518 Saul
3247 3450 3508 3533 culpam
3552 3450 3946 3534 agnovisset,
3988 3450 4254 3515 flectere

2295 3548 2522 3598 tamen
2578 3556 2714 3602 non
2774 3538 3006 3619 potuit,
3065 3537 3223 3620 quin
3280 3546 3667 3620 perpetuum
3710 3533 3935 3600 odium
3979 3534 4256 3614 foveret,

2297 3634 2365 3683 et
2430 3621 2990 3688 irreconciliabilis
3054 3636 3246 3688 esset.
3342 3621 3649 3704 Denique
3715 3619 3866 3687 licet
3922 3619 4248 3686 Davidem

2296 3717 2525 3772 tantus
2560 3708 2757 3772 timor
2789 3718 2858 3774 et
2900 3707 3272 3773 reverentia
3313 3706 3747 3774 continuisset
3789 3711 3860 3771 in
3901 3705 4139 3786 officio,
4183 3716 4252 3773 et

2297 3813 2337 3856 a
2392 3791 2688 3860 vindicta
2730 3792 3052 3859 sumenda
3094 3793 3178 3858 ds
3222 3803 3322 3859 tot
3364 3792 3624 3858 iniuriis
3664 3792 3908 3875 quibus
3953 3793 4169 3858 fuerat
4209 3813 4252 3859 a

2298 3874 2500 3942 Saule
2544 3880 2876 3944 immerito
2919 3880 3225 3946 affectus:
3284 3888 3509 3944 tamen
3554 3881 3728 3944 iusta
3769 3878 3864 3942 illi
3912 3876 4255 3943 videbatur

2296 3962 2516 4028 oblata
2573 3963 2886 4029 caedendi
2929 3963 3202 4031 Saulem
3259 3965 3545 4040 occasio,
3607 3963 3779 4046 quod
3840 3981 3972 4027 non
4031 3978 4254 4044 posset

2296 4048 2504 4131 ipsius
2527 4053 2707 4115 furor
2745 4050 3012 4134 placari,
3055 4060 3123 4115 et
3154 4049 3405 4115 nullam
3429 4048 3671 4114 Davidi
3716 4048 3999 4132 quietem
4046 4046 4253 4126 daret,

2298 4153 2385 4197 ue
2419 4133 2502 4200 ad
2547 4147 2952 4200 momentum
2998 4137 3283 4218 quidem,
3326 4135 3489 4200 adeo
3536 4148 3611 4200 ut
3652 4136 3888 4199 merito
3930 4131 4054 4198 sibi
4096 4151 4252 4197 cou-

2295 4219 2513 4284 sulere
2549 4229 2763 4286 morte
2786 4220 3008 4287 Saulis
3051 4221 3344 4305 potuisse
3387 4221 3720 4284 videatur:
3766 4228 3834 4281 et
3876 4216 4079 4282 semel
4117 4231 4250 4282 tam

2296 4306 2603 4371 infestum
2666 4304 2920 4371 hostem
2981 4329 3018 4371 e
3061 4306 3277 4372 medio
3321 4307 3554 4372 tollere
3597 4324 3793 4387 quam
3842 4304 4033 4368 toties
4076 4303 4249 4385 peri·

2295 4390 2529 4456 clitari.
2577 4392 2827 4457 Iustam
2851 4394 3068 4473 itaque
3091 4391 3434 4458 hominum
3479 4391 3791 4475 opinione
3826 4407 4088 4455 causam
4131 4386 4250 4469 haq

2296 4475 2490 4541 bebat
2548 4477 2673 4543 sibi
2734 4479 3055 4559 rebusque
3099 4478 3239 4543 suis
3296 4487 3509 4542 morte
3553 4473 3776 4540 Saulis
3831 4472 4250 4559 consulendi:

2294 4572 2363 4627 et
2420 4584 2549 4628 non
2612 4562 2879 4629 dubium
2942 4574 3043 4628 est
3100 4565 3258 4646 quin
3317 4561 3540 4647 gravis
3597 4560 3878 4624 tentatio
3925 4559 4250 4624 Davidem

2294 4646 2626 4714 afflixerit.
2671 4649 2843 4715 Nam
2890 4647 2999 4714 ubi
3045 4650 3372 4730 speciosae
3417 4644 3741 4729 quaedam
3783 4656 4102 4729 apparent
4143 4663 4250 4707 ra-

2295 4735 2526 4814 tiones,
2586 4742 2781 4817 prout
2835 4734 3137 4799 homines
3180 4731 3264 4796 ad
3306 4731 3431 4799 sibi
3473 4729 3877 4798 adulandum
3924 4727 4253 4812 proclives

2293 4830 2470 4895 sunt,
2529 4830 2926 4902 sperautque
2968 4841 3038 4884 se
3080 4838 3293 4883 eoram
3340 4819 3486 4882 Deo
3529 4831 3595 4880 et
3639 4815 4020 4886 hominibus
4062 4814 4255 4878 inno-

2292 4917 2516 4971 centes
2552 4905 2851 4969 habitum
2892 4906 2993 4981 iri,
3037 4923 3408 4986 manusque
3444 4903 3633 4968 facile
3679 4909 4050 4978 abluturus,
4088 4897 4263 4960 nibil

2291 5009 2426 5053 non
2462 4990 2587 5056 sibi
2634 4991 3048 5072 permittunt,
3091 4998 3158 5052 et
3201 4990 3404 5053 animi
3445 4989 3945 5073 cupiditatibus
3985 4980 4275 5043 hssbetfflss

2291 5073 2725 5175 laxant-Sed
2769 5075 3173 5174 contrarium
3219 5077 3291 5137 in
3333 5072 3599 5174 Davide
3648 5093 3880 5176 20550
3921 5061 4290 5153 exemvxssss

2292 5172 2707 5245 proponitur,
2767 5182 2881 5243 qui
2938 5179 3152 5242 neque
3206 5160 3730 5252 tentationibug
3800 5170 3976 5278 &95³⁹
4008 5158 4310 5220 ²⁵qu-

4913 2966 4918 2977 -
4913 2724 4919 2901 .-..—.-—.—
4913 2610 4920 2655 --

4911 3256 4918 3317 ...-

4961 3342 4977 3483 --
4955 2708 4977 3309 J-u-uffaffl-sz·
4953 2588 4966 2649 ’⁶⁶'

4909 3772 4918 3859 -‹·-—
4911 3740 4916 3757 -

4911 3566 4918 3589 -
4911 3436 4918 3523 -u—-n

4937 3814 4954 4057 --—-
4935 3304 4948 3789 -nuffl
4935 3206 4946 3275 -ι
4935 3066 4946 3187 --

4909 4126 4920 4421 -‹=-.--.——-
4907 3884 4918 4085 *munus—-

4949 4770 4960 4811 -Π
4945 4574 4960 4755 ffl-
4939 4256 4956 4563 -—---—·*-

4927 4994 4968 5235 ‘ff-..-
4913 4762 4922 4801 4
4911 4560 4920 4727 ..Ι-ῃ.-

4967 5252 4977 5297 ⁴..
