5059 6059
877 334 1010 402 263
2490 330 2904 399 HOMILIA
2951 329 3197 396 LXVI.

979 537 1087 588 tur
1154 518 1559 609 ingratitudo
1617 521 1745 585 fuit
1800 540 1929 589 non
1989 540 2339 606 agnoscere
2395 518 2801 584 benefactum

956 605 1204 673 avidis?
1271 615 1512 693 quanta
1569 606 1815 673 malitia
1873 615 2008 672 tam
2053 606 2250 670 atroci
2294 603 2439 669 odio
2484 604 2804 671 Davidem

886 692 1186 779 prosequi
1242 702 1306 756 et
1364 712 1480 773 pro
1525 691 1694 758 bono
1739 691 1981 756 malum
2027 689 2425 773 rependere?
2494 688 2632 755 Cur
2675 711 2804 755 non

885 777 1210 864 cogitabat
1270 797 1432 860 opus
1492 775 1787 844 divinum
1849 775 2035 842 esse?
2100 775 2417 841 Davidem
2475 777 2599 842 sibi
2640 775 2804 840 nihil

884 863 1216 950 proprium
1274 859 1664 928 vendicare?
1727 862 1868 927 Deo
1925 861 2086 928 duce
2125 861 2363 925 factum
2409 859 2573 925 illud
2618 859 2801 927 esse?

887 951 1027 1017 Cur
1071 969 1199 1013 non
1246 946 1313 1011 in
1362 949 1736 1014 memoriam
1781 947 2126 1012 revocabat
2169 945 2296 1010 Dei
2332 945 2682 1027 decretum,
2727 945 2805 1011 de

884 1057 1009 1101 sua
1067 1031 1593 1098 exauctoratione
1647 1044 1710 1097 et
1767 1032 2109 1097 reiectione
2154 1053 2193 1095 a
2235 1032 2413 1115 regia
2457 1031 2803 1117 dignitate,

888 1130 956 1185 et
1000 1117 1208 1185 eidem
1254 1137 1395 1183 sese
1437 1116 1901 1183 submittebat?
1950 1117 2173 1197 Quare
2218 1115 2379 1182 Saul
2423 1138 2555 1182 non
2601 1116 2803 1180 Davi·

887 1206 1057 1282 dem,
1125 1201 1237 1268 sed
1303 1201 1522 1267 Deum
1587 1204 1799 1286 ipsum
1863 1202 2322 1277 insectabatur,
2390 1203 2620 1286 stipsi
2663 1201 2805 1267 Deo

889 1289 1145 1356 viventi
1211 1286 1451 1352 bellum
1506 1288 1860 1352 indicebat:
1927 1300 1988 1352 et
2049 1297 2351 1370 tanquam
2409 1292 2687 1353 furiosus
2740 1295 2809 1352 et

892 1375 1241 1442 freneticus
1283 1373 1496 1456 ipsum
1541 1372 1788 1438 coelum
1833 1382 2051 1455 petere
2094 1373 2372 1438 volebat.
2461 1373 2642 1437 Haec
2686 1373 2807 1436 ita-

894 1481 1020 1544 que
1064 1457 1406 1524 manifesta
1450 1455 1670 1523 Saulis
1714 1459 1890 1523 vitia.
1978 1458 2156 1523 Hinc
2194 1459 2515 1524 discamus
2560 1459 2627 1523 in
2673 1458 2806 1540 pri-

894 1547 1020 1611 mis
1082 1564 1312 1610 cavere
1378 1564 1804 1626 summopere,
1870 1565 1953 1607 ne
2019 1543 2163 1608 aliis
2219 1545 2494 1610 virtutes
2552 1565 2712 1625 quas
2769 1564 2808 1607 a

894 1630 1038 1696 Deo
1107 1639 1495 1712 acceperunt
1565 1629 2004 1693 invideamus:
2078 1629 2389 1711 siquidem
2448 1628 2807 1694 alienarum

899 1717 1213 1781 virtutum
1258 1711 1460 1779 invidi
1507 1734 1635 1778 non
1681 1715 1751 1777 in
1792 1712 2089 1778 homines
2133 1726 2403 1792 tantum,
2448 1715 2561 1778 sed
2605 1714 2673 1777 in
2712 1716 2807 1796 ip-

896 1822 1039 1867 sum
1085 1801 1301 1865 Deum
1351 1800 1677 1863 viventem
1723 1812 1988 1882 peccant
2031 1810 2096 1864 et
2137 1811 2288 1864 sunt
2330 1800 2807 1865 contumeliosi:

895 1893 963 1950 et
999 1886 1055 1951 si
1085 1883 1372 1949 divinam
1397 1886 1798 1949 maiestatem
1822 1884 2259 1950 adversariam
2284 1883 2544 1959 habent,
2590 1885 2811 1966 quales

896 1974 1185 2055 ipsorum
1245 1969 1421 2034 vires
1480 1967 1788 2034 adversus
1847 1989 1987 2034 eam
2033 1969 2291 2033 futurae
2348 1969 2548 2035 sunt?
2638 1971 2811 2034 Con·

899 2059 1191 2139 spicuum
1239 2054 1447 2137 igitur
1489 2065 1607 2136 est,
1673 2054 1838 2130 odia,
1905 2067 1970 2118 et
2025 2056 2354 2130 invidiam,
2421 2062 2486 2118 et
2541 2055 2811 2119 livorem

900 2143 1145 2207 alienae
1218 2139 1481 2203 virtutis
1540 2160 1678 2205 esse
1737 2139 2048 2204 adversus
2104 2140 2319 2204 Deum
2377 2140 2811 2205 inimicitiam:

900 2248 976 2293 ac
1018 2224 1286 2308 proinde
1330 2227 1438 2307 qui
1479 2224 1776 2306 proximo
1819 2224 1985 2288 dona
2021 2225 2291 2301 invidet,
2338 2245 2467 2288 non
2506 2225 2816 2289 adversus

903 2311 1262 2388 mortalem,
1323 2308 1433 2374 sed
1481 2309 1794 2376 adversus
1853 2308 2070 2374 Deum
2127 2311 2339 2392 ipsum
2386 2330 2694 2394 pugnare,
2754 2321 2817 2373 et

901 2394 1167 2462 tandem
1225 2393 1685 2460 detrimentum
1748 2416 1822 2461 ac
1881 2415 2197 2459 summam
2257 2398 2693 2460 confusionem
2746 2394 2813 2458 in

902 2504 972 2547 se
1017 2482 1231 2563 ipsum
1307 2501 1651 2545 accersere.
1738 2479 1913 2560 Quin
1969 2481 2099 2544 imo
2142 2479 2300 2545 Saul
2344 2480 2480 2563 ipse
2523 2501 2664 2545 sese
2708 2499 2817 2544 ore

903 2566 1161 2650 proprio
1219 2565 1624 2641 condemnat,
1683 2586 1882 2647 quum
1926 2566 2034 2641 ait,
2092 2566 2244 2646 quid
2285 2566 2342 2630 ei
2374 2570 2650 2646 superest
2688 2566 2817 2630 nisi

904 2653 1105 2717 solum
1146 2650 1455 2733 requam?
1542 2650 1711 2714 Nam
1756 2670 1886 2714 non
1930 2649 2194 2715 dubium
2234 2661 2332 2714 est
2368 2652 2526 2733 quin
2563 2651 2817 2715 venerit

903 2737 1029 2819 ipsi
1086 2736 1157 2799 in
1213 2744 1496 2799 mentem
1554 2733 1876 2802 Samuelis
1920 2735 2030 2800 illa
2073 2736 2501 2813 comminatio,
2557 2737 2660 2801 cui
2703 2756 2818 2818 pro

904 2819 1158 2887 viribus
1202 2820 1499 2885 resistere
1544 2820 1787 2886 nititur.
1876 2818 2006 2886 Sed
2045 2819 2197 2903 quid
2233 2821 2429 2886 miser
2463 2831 2816 2904 promovet,

904 2908 1031 2974 nisi
1069 2905 1235 2989 quod
1272 2903 1579 2971 adversus
1614 2905 1908 2972 stimulos
1942 2905 2274 2972 calcitrat?
2351 2905 2514 2971 Inde
2551 2918 2816 2990 apparet

905 2992 1202 3058 homines
1239 2991 1373 3055 suis
1409 2990 1813 3072 passionibus
1848 2992 2216 3075 implicitos,
2262 3012 2517 3057 omnem
2556 3011 2818 3057 sensum

905 3078 1175 3143 rationis
1219 3075 1534 3153 amittere,
1580 3088 1643 3140 et
1678 3086 1985 3159 tanquam
2011 3079 2177 3140 feras
2199 3077 2443 3142 belluas
2465 3077 2531 3139 in
2558 3078 2820 3142 obvium

906 3182 1224 3247 quemque
1272 3173 1510 3225 temere
1556 3161 1744 3226 ferri:
1790 3182 1865 3225 ac
1908 3162 1962 3226 si
1997 3161 2209 3226 Deum
2232 3164 2443 3244 ipsum
2467 3162 2819 3239 offendant,

903 3250 1100 3315 etiam
1158 3246 1473 3311 adversus
1530 3248 1743 3328 ipsum
1812 3266 2123 3332 pugnare,
2187 3268 2500 3329 suumque
2555 3249 2821 3313 exitium

908 3334 1169 3399 sibimet
1211 3334 1370 3414 ipsis
1410 3330 1681 3396 adferre.
1769 3330 1916 3412 Quo
1960 3353 2181 3397 sumus
2225 3333 2424 3414 igitur
2466 3334 2534 3396 in
2569 3332 2691 3398 hoc
2734 3335 2823 3396 vi-

909 3422 1071 3484 tium
1140 3418 1573 3500 procliviores,
1640 3437 1714 3481 eo
1778 3418 1984 3482 maior
2050 3417 2413 3482 adhibenda
2478 3419 2664 3484 nobis
2727 3427 2826 3482 est

912 3505 1143 3577 cautio,
1193 3511 1263 3566 ut
1307 3503 1547 3567 nostris
1591 3503 1923 3568 affectibus
1967 3501 2388 3576 moderemur,
2455 3525 2539 3567 ne
2584 3514 2823 3567 temere

913 3589 1228 3653 adversus
1274 3588 1487 3651 Deum
1531 3587 1743 3668 ipsum
1790 3588 2202 3672 insurgamus
2245 3599 2311 3652 et
2355 3589 2667 3653 feramur:
2712 3585 2823 3653 sed

916 3687 1145 3756 sponte
1204 3681 1269 3736 et
1327 3672 1572 3753 placide
1625 3671 1791 3738 colla
1831 3673 1952 3755 ipsi
1999 3671 2431 3750 subiiciamus,
2489 3682 2573 3751 et,
2629 3690 2824 3755 quam

916 3778 1192 3841 poenam
1234 3757 1418 3822 nobis
1450 3758 1780 3838 imponere
1816 3756 2128 3840 placuerit
2163 3759 2481 3841 patienter
2519 3760 2822 3823 feramus.

1088 3843 1178 3906 Et
1222 3841 1300 3905 de
1342 3843 1484 3906 istis
1530 3842 1860 3908 hactenus.
1951 3841 2109 3908 Saul
2152 3843 2579 3908 nihilominus
2623 3844 2823 3908 Davi-

919 3927 1066 3992 dem
1122 3927 1293 4008 apud
1346 3947 1415 3990 se
1457 3928 1744 3993 retinuit.
1834 3928 2010 4008 Quid
2053 3929 2147 3992 ita
2187 3928 2388 3992 vero?
2475 3929 2644 3993 Nam
2689 3929 2825 3994 eius

918 4023 1245 4095 aspectum
1284 4013 1395 4076 vix
1430 4014 1596 4076 serre
1636 4025 1902 4095 poterat,
1942 4023 2007 4077 et
2035 4025 2109 4077 ut
2130 4013 2426 4095 deinceps
2451 4014 2825 4094 videbimus,

918 4101 1057 4164 eius
1095 4098 1523 4179 praesentiam
1561 4109 1691 4161 tam
1729 4120 1920 4183 aegre
1950 4099 2117 4176 tulit,
2164 4113 2234 4162 ut
2278 4099 2404 4163 alio
2445 4097 2826 4182 amandarit‚

916 4198 983 4249 et
1028 4183 1182 4248 alibi
1228 4182 1532 4247 mandata
1575 4184 1694 4264 ipsi
1740 4182 2002 4260 dederit,
2048 4205 2130 4248 ne
2176 4185 2452 4266 amplius
2497 4185 2696 4249 oculis
2729 4184 2825 4266 ip-

915 4271 1050 4335 sius
1092 4269 1566 4333 obversaretur.
1653 4267 1792 4332 Iam
1840 4272 2053 4351 itaque
2097 4271 2362 4334 retinuit
2405 4271 2615 4352 ipsum
2655 4269 2824 4352 apud

916 4377 1004 4431 se,
1051 4354 1303 4419 invitus
1347 4366 1411 4417 et
1453 4374 1600 4419 cum
1646 4353 1963 4419 amicitiae
2007 4354 2432 4420 simulatione.
2518 4353 2679 4419 Inde
2715 4376 2826 4437 ap·

917 4452 1102 4524 paret
1173 4439 1468 4503 homines
1530 4438 1678 4503 odia
1734 4460 1851 4504 sua
1905 4449 1972 4504 et
2027 4441 2392 4505 inimicitias
2446 4440 2828 4523 plerumque

918 4540 1137 4610 tegere
1179 4524 1499 4591 amicitiae
1544 4524 1755 4606 pallio,
1802 4533 1868 4588 et
1901 4525 2175 4608 aliquem
2207 4525 2415 4591 odisse
2451 4529 2519 4589 in
2555 4537 2827 4609 pectore,

918 4631 1109 4694 quem
1168 4625 1403 4686 tamen,
1456 4631 1537 4673 ne
1597 4609 1907 4682 malitiam
1964 4632 2149 4675 suam
2204 4624 2267 4675 et
2313 4612 2494 4676 virus
2538 4611 2828 4695 prodant,

918 4716 1138 4763 secum
1197 4693 1473 4759 retinere
1530 4711 1597 4759 et
1654 4694 1891 4761 habere
1949 4695 2174 4771 velint,
2240 4698 2592 4779 multisque
2636 4697 2826 4760 bene-

917 4783 1079 4848 ficiis
1117 4780 1429 4845 demereri
1464 4779 1828 4859 videantur,
1872 4781 1982 4846 sed
2023 4793 2089 4846 ut
2125 4782 2453 4848 incautum
2488 4782 2547 4847 si
2581 4784 2830 4866 possint

918 4867 1308 4950 opprimant.
1399 4863 1577 4930 Sane
1632 4865 1977 4948 primariae
2031 4864 2363 4951 dignitatis
2418 4868 2609 4947 viros,
2673 4880 2829 4950 puta

918 4974 1122 5036 reges,
1208 4950 1486 5034 rincipes
1521 4963 1587 5015 et
1619 4951 1983 5017 istiusmodi
2022 4953 2195 5018 viros
2226 4974 2492 5036 magnos
2513 4952 2828 5033 videmus,

920 5041 976 5104 si
1032 5058 1154 5120 quo
1240 5036 1306 5100 in
1358 5057 1473 5102 ens
1519 5036 1896 5103 beneficium
1941 5040 2304 5119 acceperint
2346 5059 2385 5103 a
2428 5036 2829 5104 subditorum

921 5124 1152 5206 aliquo,
1210 5144 1296 5206 pu
1343 5143 1453 5187 ore
1508 5124 1784 5205 quodam
1830 5123 1997 5190 affici
2039 5122 2210 5205 quod
2253 5124 2407 5206 ipsis
2450 5144 2523 5188 eo
2569 5123 2829 5189 nomine

919 5208 1203 5274 devincti
1267 5206 1434 5274 sint:
1500 5229 1575 5275 ac
1638 5207 1909 5292 proinde
1967 5217 2193 5294 optare
2247 5230 2285 5273 a
2326 5230 2442 5276 suo
2486 5218 2829 5292 conspectu

2904 531 3206 598 remotos,
3252 531 3319 583 et
3362 517 3619 583 illorum
3666 540 3900 584 nomen
3947 539 3985 584 e
4027 519 4181 582 vivic

2906 617 3003 669 est
3061 626 3176 686 pro
3234 605 3512 686 acceptis
3567 605 3897 670 beneficiis
3955 606 4160 686 gratia

2902 691 3202 755 Profecto
3268 691 3324 754 si
3387 689 3541 756 Saul
3601 690 3875 755 candide
3937 700 4002 753 et
4058 691 4209 754 sint·-

2904 776 3159 859 egisset,
3205 796 3353 839 eum
3396 774 3567 839 ultro
3610 775 3780 858 apud
3825 797 3897 841 se
3942 787 4199 856 receptu

2903 860 3182 925 honores
3228 862 3670 943 promovisset,
3714 883 3785 926 re
3829 862 3977 943 ipsa
4013 877 4231 942 exper‘

2905 966 3056 1012 cum
3089 947 3228 1029 ipso
3265 945 3557 1030 populus,
3602 960 3759 1028 quot
3792 946 4189 1029 quantisque
4226 969 4247 990 τ

2905 1042 3076 1097 esset
3141 1042 3509 1096 exornatus.
3601 1029 3733 1097 Sed
3792 1031 4215 1096 nihilominus

2904 1129 2969 1182 et
3011 1136 3290 1198 aequum
3331 1116 3706 1183 inimicitias
3748 1129 4016 1200 pectore
4060 1117 4259 1182 foveb-

2906 1202 3172 1267 homine
3229 1201 3505 1277 mortali,
3573 1203 3688 1267 sed
3747 1223 3903 1267 cum
3962 1201 4106 1267 Deo
4163 1205 4289 1283 ipsv-

2906 1286 3142 1369 piebat,
3189 1285 3298 1352 vel
3341 1287 3618 1351 invitum
3662 1287 3956 1370 oportuit
4000 1287 4172 1371 apud
4216 1309 4277 1350 se

2906 1393 3062 1437 nere
3125 1381 3199 1436 ut
3256 1373 3395 1436 eius
3450 1373 3628 1437 furor
3685 1385 3750 1439 et
3807 1373 4036 1437 odium
4081 1394 4293 1456 auger·

2906 1455 3145 1523 Davidi
3182 1477 3559 1539 prosperum
3597 1478 3814 1522 rerum
3851 1478 4223 1524 successum
4261 1463 4332 1516 d·-

2907 1555 2973 1606 et
3030 1541 3439 1607 autoritatem
3498 1543 3576 1619 ei,
3645 1543 3743 1607 vel
3788 1544 3932 1625 ipso
3978 1543 4180 1608 Saule
4221 1565 4325 1606 mi·

2908 1628 3073 1693 Nam
3135 1638 3292 1710 quot
3350 1626 3445 1691 illi
3504 1627 3811 1692 mandata
3870 1629 4055 1693 dedit
4098 1630 4166 1692 in
4212 1643 4315 1692 tot:

2908 1712 3123 1777 media
3179 1713 3444 1777 fuerunt
3502 1714 3735 1795 quibus
3790 1713 3891 1778 illi
3947 1717 4161 1798 gratia
4202 1728 4267 1778 et
4306 1739 4335 1774 ιι

2911 1798 3216 1881 populum
3252 1809 3482 1880 parata
3516 1798 3665 1862 fuit:
3713 1798 3884 1881 quod
3924 1801 4121 1865 etiam
4163 1822 4349 1864 nomn

2909 1883 3085 1948 Hinc
3130 1891 3399 1966 apparet
3443 1885 3764 1966 principes
3809 1905 4009 1968 saepe
4048 1886 4148 1949 vel
4186 1887 4337 1948 invn

2911 1988 3063 2033 suos
3127 1968 3415 2033 subditos
3474 1970 3538 2032 in
3601 1970 3881 2051 aliquam
3953 1969 4347 2053 dignitatem.

2912 2075 3038 2136 quo
3082 2052 3210 2117 illis
3256 2051 3416 2118 bene
3460 2053 3683 2128 velint,
3741 2055 4049 2136 quoniam
4097 2077 4225 2119 non
4270 2076 4363 2119 sn!

2916 2138 3222 2204 vitiorum
3308 2159 3574 2203 suorum
3653 2140 3848 2203 servi.
3943 2140 4289 2204 Praeterea
4356 2165 4387 2200 (ι

2914 2246 3034 2289 sua
3090 2223 3390 2305 opinione
3433 2223 3697 2289 Saulem
3742 2224 4086 2290 excidisse.
4175 2226 4337 2289 Nam
4378 2257 4389 2276 ι

2916 2308 3061 2373 dem
3119 2308 3288 2391 apud
3346 2329 3415 2373 se
3472 2309 3755 2384 retinuit,
3816 2330 3954 2373 non
4011 2310 4201 2375 modo
4260 2313 4397 2377 vian

2917 2394 3214 2459 omnibus
3270 2395 3407 2458 suis
3463 2396 3683 2476 pravis
3737 2394 4060 2460 adversus
4104 2397 4317 2479 ipsum
4358 2421 4401 2461 οι

2919 2481 3112 2545 etiam
3173 2480 3568 2544 occasionem
3610 2481 3845 2563 populo
3890 2479 4213 2563 praebuit,
4277 2503 4431 2563 quon.

2920 2562 3254 2630 efficiendi.
3342 2565 3510 2630 Nam
3580 2565 3851 2648 populus
3909 2564 4066 2630 inde
4125 2576 4371 2649 poterat

2921 2652 3204 2732 arripere
3247 2651 3425 2733 regia
3465 2650 3782 2733 dignitate
3824 2649 4045 2733 ipsum
4083 2651 4403 2735 spoliandi.

2921 2733 3219 2814 habendi,
3275 2735 3442 2816 quod
3499 2736 3670 2799 malo
3712 2735 3946 2817 spiritu
3990 2737 4245 2820 vexari,
4301 2753 4365 2801 et
4406 2767 4419 2798 ι

2923 2821 3123 2887 vitam
3167 2840 3358 2904 agere
3404 2819 3667 2886 videret.
3755 2820 3998 2901 Nosne,
4059 2835 4358 2905 poterant
4398 2851 4431 2883 u

2920 2907 3145 2970 insano
3179 2916 3243 2969 et
3276 2906 3513 2970 furioso
3551 2905 3954 2971 servituros?
3994 2908 4155 2972 Istis
4191 2921 4259 2972 et
4291 2908 4449 2972 simi.

2923 2991 3109 3056 nibus
3175 2989 3405 3055 adduci
3457 3001 3709 3074 poterat
3769 2992 4051 3074 populus
4097 2993 4177 3057 ad
4227 2991 4469 3059 Saulen·

2922 3075 3215 3152 randum,
3303 3083 3370 3139 et
3449 3077 3518 3139 in
3607 3078 3906 3141 ultimum
3988 3079 4264 3143 exitium
4342 3078 4477 3141 det„

2923 3162 3118 3227 Multi
3186 3171 3485 3243 poterant
3548 3183 3632 3225 ex
3691 3162 3874 3243 plebe
3930 3165 4135 3229 rebus
4194 3164 4372 3229 novis
4422 3191 4489 3226 s.-

2926 3247 3108 3330 pulso
3152 3245 3355 3310 Saule
3398 3245 3721 3311 Davidem
3764 3247 3861 3310 illi
3905 3249 4326 3327 substituere,
4367 3269 4469 3330 qm

2926 3332 3147 3415 pulum
3213 3333 3348 3395 suis
3413 3332 3759 3398 virtutibus
3817 3342 3882 3397 et
3929 3335 4198 3417 egregie
4244 3334 4414 3399 factis
4450 3359 4503 3413 g·

2926 3417 3335 3482 autoritatem
3380 3416 3767 3498 acquirebat.
3855 3416 4023 3482 Saul
4070 3429 4289 3484 autem
4332 3419 4497 3483 illum

2924 3503 3179 3584 retinet,
3224 3515 3295 3564 ut
3340 3512 3638 3582 tanquam
3683 3504 4015 3585 mancipio
4060 3516 4305 3588 utatur,
4347 3517 4408 3569 et
4445 3527 4513 3568 es·

2924 3595 3052 3652 tem
3127 3585 3596 3669 quodammodo
3664 3588 3963 3669 sepeliat:
4044 3589 4161 3655 sed
4222 3591 4503 3673 opinione

2923 3673 3094 3737 Nam
3144 3673 3262 3736 Dei
3305 3668 3633 3736 decretum
3668 3673 4100 3740 irrevocabile
4135 3697 4325 3741 suum
4360 3675 4539 3739 effect-

2926 3757 3120 3822 ducat
3185 3777 3446 3821 necesse
3488 3767 3605 3821 est.
3693 3757 4148 3837 Quamobrem
4192 3761 4416 3825 animis
4457 3782 4549 3822 no·-

2925 3844 3053 3907 tius
3095 3842 3440 3924 infigamus
3476 3863 3616 3905 eam
3653 3846 4070 3920 sententiam,
4118 3868 4284 3930 quae
4318 3849 4380 3910 in
4414 3866 4553 3910 saci.

2924 3929 3235 3994 occurrit:
3281 3927 3476 3991 Nulla
3522 3927 3811 3992 humana
3852 3931 4157 4008 consilia,
4203 3953 4401 4014 neque
4437 3929 4575 3994 ull«,-

2926 4022 3032 4078 tus
3067 4033 3255 4094 posse
3290 4013 3431 4077 Deo
3467 4013 3793 4078 resistere:
3838 4013 3905 4077 id
3943 4028 4067 4092 est,
4117 4038 4301 4099 posse
4333 4014 4583 4098 impetit-

2927 4097 3096 4181 apud
3134 4119 3203 4161 se
3240 4096 3540 4163 decrevit.
3628 4098 3703 4164 Si
3746 4098 3929 4164 Sauli
3958 4101 4095 4166 Dei
4118 4102 4433 4167 sententia
4453 4121 4591 4163 non.
4616 4177 4659 4180 ἡ

2927 4184 3234 4267 abrogata
3277 4183 3457 4266 regia
3500 4183 3799 4266 dignitas,
3860 4195 3927 4248 et
3974 4188 4034 4250 si
4080 4210 4212 4252 non
4256 4186 4569 4269 accepisset
4684 4231 4695 4238 .

2929 4270 3137 4333 muele
3173 4269 3485 4350 propheta
3518 4267 3755 4334 decreti
3798 4269 4011 4335 divini
4039 4273 4530 4348 declarationem,
4561 4291 4601 4347 μ

2929 4355 3214 4419 humana
3271 4353 3542 4435 quadam
3600 4354 3943 4436 prudentia
3988 4357 4316 4423 Davidem
4358 4359 4561 4431 fovere,

2929 4440 3174 4521 aliquos
3224 4437 3499 4504 honores
3556 4460 3955 4524 promovere,
4018 4466 4148 4526 quo
4190 4445 4353 4510 facto
4392 4442 4499 4507 sibi
4534 4459 4625 4521 gt-

2929 4523 3097 4607 apud
3143 4524 3447 4606 populum
3493 4525 3911 4605 conciliasset,
3980 4538 4060 4592 ut
4102 4533 4212 4613 qui
4253 4538 4491 4614 gratum
4526 4544 4627 4588 ant·
4826 4579 4827 4608 f

2928 4612 2987 4674 ei
3051 4608 3402 4688 exhiberet,
3468 4609 3649 4676 cuius
3713 4612 3957 4677 auxilio
4029 4614 4305 4681 victoria
4362 4623 4524 4697 parta
4574 4609 4635 4672 tu
4826 4663 4827 4692 ἶ

2931 4693 3060 4761 Sed
3105 4715 3301 4777 quum
3348 4696 3518 4778 apud
3562 4717 3630 4760 se
3674 4716 3938 4762 manere
3983 4698 4185 4780 iubet,
4227 4700 4318 4766 sic
4358 4706 4427 4764 ut
4456 4717 4523 4762 ne
4550 4713 4647 4788 pry—
4760 4741 4771 4746 -

4724 4769 4827 4780 --.-.-...4

2927 4779 3185 4864 quidem
3230 4781 3370 4845 sine
3412 4781 3713 4845 mandato
3758 4784 3984 4866 possit,
4053 4798 4121 4850 et
4168 4798 4456 4868 tanquam
4493 4791 4671 4861 capm-
4716 4823 4783 4862 ζ,-
4826 4831 4827 4864 3

2928 4867 3182 4946 retinet,
3224 4866 3348 4931 etsi
3383 4887 3571 4931 suum
3607 4868 3946 4933 consilium
3986 4891 4126 4936 non
4165 4873 4387 4954 prodit,
4424 4867 4555 4932 satis
4581 4877 4671 4925 m·
4760 4913 4827 4952 -Ὗ

2929 4960 3194 5035 apparet
3236 4972 3313 5017 ea
3355 4961 3574 5017 mente
3614 4951 3823 5035 ipsum
3867 4955 4104 5034 facere,
4152 4967 4228 5022 ut
4266 4955 4550 5022 Davidem
4583 4965 4675 5012 am
4826 5003 4827 5014 ,

2929 5059 2967 5103 8
3020 5037 3201 5121 regia
3258 5036 3590 5123 dignitate,
3652 5059 3732 5103 ne
3774 5038 3896 5104 sibi
3939 5044 4271 5122 succedat,
4326 5053 4387 5106 et
4423 5039 4567 5104 illam
4600 5030 4677 5094 1⁰12

2930 5123 3132 5188 thano
3169 5121 3306 5188 filio
3348 5143 3466 5188 suo
3509 5124 3879 5207 praeripiat.
3968 5126 4528 5195 Verumenimvero
4561 5119 4693 5184 {ruffi

2931 5208 3181 5275 laborat
3191 5228 3211 5291 ;
3254 5209 3425 5293 quod
3460 5210 3692 5275 metuit
3723 5210 3983 5276 eveniat
4022 5223 4312 5297 oportet:
4353 5230 4458 5278 neo
4483 5209 4592 5292 ipoe
4616 5197 4701 5264 8⁸⁸

4562 5575 4811 5954 *A*
