5059 6059
266 297 377 368 525

266 491 578 576 insequuti
636 490 961 569 dicuntur,
1020 492 1147 557 Dei
1209 491 1505 576 potentia
1570 491 1854 577 insignis
1910 499 2179 557 notatur

265 585 324 649 iii
379 576 738 644 adiuvando
775 577 1034 664 populo,
1084 586 1159 643 ιιι
1192 597 1328 644 non
1366 586 1626 644 tantuin
1662 577 1885 645 hostes
1916 587 2179 645 vertere

265 679 449 750 terga,
492 661 601 729 sed
648 661 847 729 etiam
909 665 1168 764 fugatos
1209 664 1391 730 caedi
1435 663 1746 747 fundique
1790 661 1874 729 ab
1916 661 2178 730 Israeli-

265 753 338 818 tis
378 748 674 830 voluerit,
733 770 939 834 usque
992 770 1062 815 in
1106 749 1320 816 locum
1376 748 1567 815 illum
1602 747 1933 833 Bethcari‚
1994 756 2068 815 ut
2108 771 2179 817 se

264 836 379 903 Dei
436 855 670 901 manus
729 836 1209 902 auxiliatricem
1265 834 1669 920 patefecerit.
1739 833 1974 919 Itaque
2014 834 2178 901 Phi·

264 925 502 988 listaeos
544 919 848 988 videmus
891 921 999 986 hic
1041 943 1176 987 non
1219 921 1412 987 modo
1456 920 1716 986 territos
1753 928 1818 986 et
1850 919 2180 1004 perculsos

262 1010 456 1092 fuisse,
500 1006 614 1071 sed
656 1005 995 1073 Israelitas
1039 1007 1292 1073 animos
1335 1006 1694 1091 sumpsisse
1737 1015 1805 1071 et
1849 1026 1992 1073 sese
2039 1006 2176 1071 for-

263 1094 402 1160 titer
462 1093 767 1177 gessisse:
834 1091 1009 1177 quod
1067 1102 1422 1177 utrumque
1478 1101 1728 1159 certum
1787 1099 1886 1158 est
1951 1112 1990 1157 a
2045 1089 2177 1158 Dei

264 1199 540 1246 manasse
582 1179 797 1263 gratia
840 1189 908 1245 et
952 1178 1214 1265 speciali
1256 1176 1701 1245 beneficentia.
1771 1177 1956 1244 Deus
2000 1178 2174 1243 enim

262 1265 357 1331 ille
415 1270 528 1342 est,
596 1265 712 1347 qui
769 1265 905 1332 suis
965 1266 1217 1331 animos
1269 1264 1424 1330 facit
1479 1264 1550 1329 in
1608 1263 1912 1330 maximis
1977 1262 2177 1331 etiam

264 1348 763 1431 difficultatibus3
823 1358 889 1416 et
931 1360 1158 1416 contra
1201 1349 1306 1417 vel
1348 1348 1920 1416 confidentissimis
1963 1348 2177 1434 eripit,

262 1445 327 1502 ut
366 1434 461 1500 vel
507 1434 588 1501 ad
635 1435 926 1502 cuiusvis
970 1455 1166 1501 aurae
1207 1455 1445 1502 sonum
1489 1442 1736 1500 terrore
1778 1432 2070 1517 palleant
2110 1441 2180 1500 et

263 1527 538 1587 tremant.
627 1521 714 1587 In
771 1519 894 1590 hoc
947 1520 1166 1605 itaque
1210 1521 1335 1587 Dei
1393 1520 1687 1605 potentia
1742 1520 2031 1586 maxime
2076 1527 2179 1586 est

263 1606 530 1691 insignis,
589 1606 764 1691 quod
821 1616 1153 1674 momento
1208 1605 1548 1672 Philistaei
1611 1605 1821 1690 fugati
1877 1606 2177 1690 caesique

265 1694 396 1771 sint,
442 1692 551 1775 qui
594 1693 785 1777 prius
827 1713 1103 1779 magnos
1141 1693 1393 1759 animos
1482 1690 1773 1772 erebant,
1822 1709 1898 1757 ac
1939 1691 2177 1776 populo

265 1776 587 1845 israelitico
672 1779 1017 1864 tyrannice
1095 1785 1162 1845 et
1239 1776 1401 1844 crud
1467 1779 1592 1843 iter
1655 1775 2174 1843 dominabantur.

268 1862 406 1946 Quis
445 1883 601 1949 ergo
648 1886 781 1931 non
827 1871 1153 1949 sperasset
1208 1884 1318 1930 eos
1373 1862 1748 1929 audaciores
1793 1861 1951 1940 fore,
2011 1883 2174 1947 quos

267 1957 350 2015 tot
397 1969 718 2016 annorum
774 1959 909 2016 tam
971 1947 1254 2034 superba
1313 1957 1446 2016 tam
1492 1969 1577 2014 ue
1630 1946 1913 2014 crudelis
1969 1948 2175 2014 domi-

268 2035 417 2100 natio
467 2033 789 2102 reddebat
843 2033 1342 2103 insolentiores?
1506 2032 1887 2099 ihilominus
1954 2041 2174 2100 tamen

270 2129 569 2186 momento
641 2120 1014 2188 concidunt.
1115 2120 1397 2187 Minime
1470 2118 1676 2204 igitur
1743 2117 2175 2186 dubitandum

272 2205 400 2288 quin
432 2206 610 2272 Deus
658 2206 792 2274 illis
834 2205 1089 2272 animos
1126 2206 1462 2291 eripuerit,
1499 2205 1612 2289 qui
1647 2203 1828 2289 prius
1872 2225 2178 2289 arrogan-

271 2291 348 2356 tia
383 2290 836 2373 efferebantur,
890 2303 958 2357 et
998 2300 1228 2358 contra
1267 2290 1498 2358 fecerit
1540 2290 1794 2358 animos
1834 2288 2174 2372 Israelitis,

275 2377 367 2460 qui
409 2378 738 2461 praesenti
783 2378 1066 2461 fortique
1108 2376 1327 2444 animo
1369 2376 1656 2455 fuerunt,
1708 2395 1912 2459 quum
1956 2386 2175 2442 tamen

273 2461 423 2527 velut
459 2461 758 2529 imbelles
800 2463 1094 2531 oviculae
1126 2463 1200 2529 in
1234 2461 1540 2547 luporum
1571 2461 1847 2562 istorum
1882 2461 2175 2529 faucibus

272 2546 1884 2717 mssssffifflttssssmffit.‘zzftwttiffla
1900 2556 2172 2699 ¹32&ss&

273 2717 495 2801 quidem
528 2718 869 2803 auderent,
913 2740 1077 2804 quos
1118 2719 1299 2787 solus
1331 2718 1839 2786 Philistaeorum
1874 2727 2172 2803 aspectus

275 2803 534 2870 terrebat.
621 2803 821 2873 Unde
881 2805 897 2821 ⁶
950 2806 1084 2873 'tur
1141 2812 1277 2872 tam
1314 2804 1658 2889 repentina
1696 2802 1987 2883 mutatio,
2040 2802 2173 2871 nisi

275 2908 305 2953 a
354 2887 482 2955 Deo
545 2901 805 2957 metum
870 2827 1016 2958 :Eis
1089 2897 1532 2974 terroremque
1602 2888 1957 2971 iniiciente,
2023 2888 2171 2957 aliis

279 2994 402 3041 vero
433 2976 685 3044 animos
719 2977 1002 3044 faciente
1017 2976 1051 3041 ?
1095 2976 1273 3043 Hinc
1317 2973 1642 3043 discamus
1674 2974 2173 3075 insurgentibus

279 3058 582 3129 adversum
640 3082 765 3129 nos
818 3061 1114 3131 hostibus
1171 3060 1652 3141 infensissimis,
1710 3068 1778 3128 et
1830 3059 2000 3126 nihil
2045 3061 2172 3127 nisi

280 3165 370 3210 san
453 3147 621 3213 ‘nem
681 3148 1058 3216 sitientibus
1111 3155 1181 3216 et
1221 3147 1596 3247 arrogantia
1639 3146 2064 3231 tumentibus,
2108 3153 2174 3213 et

403 3252 467 3298 es
519 3254 595 3301 ac
639 3233 868 3319 ignem
912 3231 1332 3319 spirantibus,
1389 3253 1459 3298 in
1503 3231 1723 3298 Deum
1775 3230 2173 3311 recumbere,

283 3316 366 3397 qni
411 3329 735 3386 momento
791 3329 1010 3388 tantos
1068 3319 1356 3387 hostium
1414 3318 1687 3402 spiritus
1743 3317 2039 3397 deiicere,
2105 3325 2173 3386 et

284 3400 430 3484 ignes
478 3424 637 3488 quos
695 3425 810 3473 ore
865 3414 1164 3473 vomumt
1220 3405 1593 3490 exstingere
1679 3411 1866 3484 otest,
1931 3411 2008 3469 ut
2049 3423 2173 3488 pro

285 3485 452 3634 gotia
481 3498 544 3555 et
579 3489 933 3576 triumphis
966 3490 1410 3558 confusionem
1445 3497 1512 3556 et
1535 3486 1616 3554 de
1661 3509 1815 3556 ecus
1849 3488 2169 3556 auferant.

334 3592 430 3638 eus
458 3575 629 3642 enim
673 3578 987 3661 utrinque
1020 3597 1172 3644 suos
1214 3577 1444 3644 iuvare
1533 3582 1725 3641 otest.
1810 3574 1983 3640 Nam
2027 3575 2171 3640 hos-

286 3655 415 3723 tium
453 3661 705 3728 animos
750 3662 845 3729 ita
876 3670 1091 3747 potest
1122 3671 1454 3728 momento
1535 3660 1785 3740 eiicere,
1829 3669 1906 3726 ut
1947 3658 2173 3726 decem

287 3760 349 3889 ff
466 3758 711 3814 uantur
752 3759 1035 3830 centum,
1080 3756 1149 3814 et
1189 3756 1456 3814 centum
1499 3746 1929 3830 insequantur
1969 3744 2167 3812 mille.

341 3828 421 3894 eiii
464 3851 498 3897 e
536 3831 692 3899 licet
749 3834 1042 3899 animum
1088 3830 1622 3917 despondeamus,
1683 3838 1748 3896 et
1790 3830 1871 3896 de
1926 3831 2172 3898 nostris

286 3912 489 3983 vii-ibus
538 3916 963 4003 desperemus
1007 3938 1172 4003 quae
1215 3939 1366 3986 cum
1410 3916 1710 3984 hostibus
1752 3923 2167 4000 comparatae

294 3998 467 4068 millae
496 4013 669 4083 sunt,
711 4005 883 4072 vires
916 4006 1215 4072 sufficere
1244 4011 1483 4105 potest,
1525 4010 1872 4087 antequam
1904 4024 2023 4087 pro
2067 4002 2172 4069 ius

294 4080 469 4153 hostes
515 4091 923 4173 acceoeerint,
978 4105 1053 4157 ut
1108 4110 1264 4156 novi
1308 4088 1604 4155 homines
1690 4108 1911 4155 rorsus
1951 4087 2017 4157 vi
2063 4108 2171 4154 ea·

294 4187 426 4235 mur.
498 4171 607 4240 Du
653 4174 766 4242 lex
806 4174 984 4243 istud
1026 4174 1154 4243 Dei
1196 4175 1583 4243 beneficium
1689 4172 1947 4241 avidem
1989 4171 2171 4239 andi·

296 4271 408 4321 mus
472 4258 539 4326 in
593 4197 882 4330 {salmis
946 4258 1449 4346 praedicantem.
1535 4260 1710 4326 Nam
1788 4259 1948 4326 alias
2016 4258 2174 4327 dicit

298 4336 472 4409 Deum
509 4345 584 4412 de
638 4348 821 4414 coelo
878 4348 1256 4429 intonuisse,
1312 4346 1473 4414 adeo
1529 4355 1603 4413 ut
1658 4345 1880 4413 hostes
1938 4346 2170 4412 timore

299 4429 526 4507 perculsi
579 4452 731 4499 cum
784 4454 1043 4501 summo
1105 4432 1417 4499 dedecore
1478 4433 1639 4517 fuga
1708 4429 1833 4499 sibi
1891 4431 2168 4498 salutem

300 4515 701 4592 quaesiverint.
775 4518 964 4587 Alias
1008 4539 1164 4587 vero
1205 4518 1423 4585 Deum
1467 4517 1700 4584 docere
1743 4536 1978 4584 manus
2019 4537 2170 4584 suas

302 4594 364 4661 td
386 4602 711 4749 Braelium,
756 4614 823 4673 et
867 4605 1105 4692 digitos
1138 4624 1291 4672 suos
1327 4603 1411 4671 ad
1444 4602 1725 4670 bellum:
1767 4602 1928 4669 alias
1970 4604 2170 4669 etiam

302 4699 356 4745 ευ
442 4706 506 4752 ec
545 4687 705 4757 duce
750 4712 1010 4759 murum
1053 4688 1311 4772 saltare,
1353 4709 1655 4775 novaque
1702 4690 1953 4755 virtute
1994 4689 2089 4756 sic
2130 4709 2171 4755 a

302 4761 533 4868 Doffnino
586 4778 907 4860 renovari,
964 4785 1043 4843 ut
1085 4776 1421 4845 victoriam
1482 4774 1563 4842 de
1618 4773 1912 4842 hostibus
1953 4795 2171 4858 repor-

214 4887 217 4904 ¹
305 4859 443 4951 βψ,
493 4879 678 4944 quam
742 4870 950 4930 totam
1015 4870 1348 4946 acceptam
1415 4861 1559 4929 Deo
1624 4860 1845 4928 refert.
1933 4860 2026 4926 Et
2090 4859 2170 4927 de

216 4945 217 5032 l
306 4945 424 5006 lette
464 4942 780 5031 hactenus,
835 4947 1280 5035 expendamus
1337 4946 1641 5032 deinceps
1698 4945 1873 5032 quod
1933 4945 2171 5013 dicitur

308 5018 525 5119 §amuel
546 5043 1042 5101 monumentum
1084 5034 1411 5118 statuisse,
1454 5032 1628 5117 quod
1669 5039 1960 5100 exstaret
2000 5031 2169 5099 indi·

309 5123 447 5175 cium
482 5119 711 5200 gratiae
753 5120 901 5202 Dei,
956 5140 1089 5186 non
1147 5127 1405 5186 tantum
1447 5118 1528 5186 ad
1585 5119 1674 5186 ali
1719 5118 1849 5185 uod
1892 5126 2170 5204 tempus,

312 5195 400 5258 sed
435 5200 503 5266 ad
540 5206 989 5291 sempiternam
1036 5205 1436 5272 memoriam.
1524 5206 1701 5291 Misp
1750 5226 1788 5272 a
1830 5204 1954 5271 fuit
1988 5205 2171 5272 locus

1559 300 1658 366 IN
1703 300 1760 366 1.
1805 298 1986 367 LIB.
2032 299 2436 367 SAMUEL.
2484 299 2684 366 CAP.
2731 298 2885 366 VH.

4090 304 4218 370 526

2279 490 2512 569 editus,
2574 491 2749 557 unde
2793 491 2988 557 etiam
3032 511 3151 576 pro
3205 489 3468 575 specula
3525 490 3811 574 ponitur,
3871 491 4044 576 quod
4089 511 4216 559 vox

2278 577 2561 644 hebraea
2616 585 2826 645 sonat.
2914 576 3069 642 Alia
3123 598 3206 643 ex
3263 586 3452 662 parte
3494 576 3617 641 fuit
3667 578 3865 643 etiam
3909 577 4215 663 scopulus

2276 664 2617 748 pertinens
2673 663 2755 729 ad
2801 664 3010 730 locum
3069 662 3315 730 dictum
3358 661 3681 728 Bethcar:
3740 660 3821 728 ad
3867 683 4061 746 quem
4107 685 4214 730 us-

2279 770 2403 833 que
2469 748 2686 816 locum
2744 749 3083 816 Israelitae
3146 748 3525 832 persequuti
3591 753 3746 815 sunt
3803 748 4215 832 Philistaeos,

2279 843 2474 919 atque
2508 833 2665 901 huic
2700 833 2966 919 scopulo
3002 833 3270 903 Samuel
3305 853 3544 901 nomen
3580 833 3733 901 fecit
3766 833 4215 914 Hebenhezer,

2279 922 2467 1004 quasi
2526 921 2704 989 dicas
2757 921 2927 1005 lapis
2983 920 3369 986 adiumenti.
3456 917 3691 1002 Itaque
3751 919 4050 988 videmus
4091 919 4213 988 Sa·

2278 1006 2513 1074 muelis
2559 1006 2759 1073 fuisse
2816 1006 3162 1073 consilium
3219 1027 3350 1071 non
3421 1012 3686 1071 tantum
3740 1025 3858 1070 suo
3923 1015 4217 1092 tempore

2278 1091 2408 1158 Dei
2452 1092 2729 1178 gloriam
2786 1092 3180 1176 praedicare,
3253 1090 3367 1158 sed
3424 1089 3623 1158 etiam
3689 1091 4073 1157 memoriam
4129 1092 4214 1158 ad

2277 1187 2569 1263 posteros
2628 1178 3076 1245 transmittere
3133 1185 3267 1243 tam
3326 1175 3645 1263 gloriosae
3716 1176 4121 1245 liberationis
4175 1199 4214 1244 e

2277 1285 2480 1331 manu
2524 1263 3031 1330 Philistaeorum
3076 1281 3116 1329 a
3143 1262 3377 1348 quibus
3420 1270 3520 1328 tot
3562 1282 3770 1329 annos
3816 1262 3980 1329 dura
4007 1264 4214 1333 servi·

2278 1356 2419 1416 tute
2457 1349 2724 1418 fuerant
2773 1349 3087 1434 oppressi.
3175 1347 3398 1433 Digna
3440 1368 3598 1415 sanc
3638 1348 3956 1432 singulari
3998 1356 4213 1416 atten-

2278 1435 2455 1501 tione
2499 1436 2815 1513 doctrina,
2883 1455 3082 1535 quum
3140 1433 3524 1520 praesertim
3569 1433 3738 1501 hanc
3797 1434 3994 1500 totius
4036 1436 4216 1502 vitae

2276 1529 2540 1589 nostrae
2583 1521 3121 1588 exercitationem
3166 1540 3307 1586 esse
3349 1525 3646 1604 oporteat
3697 1525 3766 1585 et
3806 1519 4097 1587 studium
4139 1521 4211 1587 in

2277 1604 4213 1778 22¹¹3223333233.3.‘25.t03”.?21¹?31&affirm-‘3³3

2277 1775 2407 1844 Dei
2464 1777 2694 1845 laudes
2750 1785 2817 1845 et
2871 1777 3186 1844 beneficia
3240 1796 3432 1862 posse
3486 1775 3879 1861 praedicare.
3967 1777 4213 1863 Ecqms

2276 1884 2432 1931 vei-o
2485 1884 2615 1930 non
2675 1863 2975 1930 certatim
3018 1863 3149 1929 Dei
3203 1862 3430 1929 landes
3488 1860 3862 1948 praedicare
3918 1873 4211 1945 conetur,

2277 1970 2482 2034 quum
2540 1948 2796 2016 nullam
2860 1948 3056 2015 aliam
3111 1947 3299 2016 Deus
3356 1967 3397 2013 a
3453 1946 3640 2017 nobis
3696 1947 4211 2017 satisfactionem

2277 2036 2594 2119 requirat,
2636 2035 2762 2102 nisi
2819 2043 2894 2102 ut
2937 2033 3173 2102 collata
3213 2034 3285 2100 in
3325 2053 3450 2101 nos
3491 2033 3802 2100 beneficia
3843 2054 3884 2100 a
3925 2034 4211 2103 Domino

2277 2142 2425 2188 cum
2471 2121 2830 2207 gratiarum
2875 2120 3131 2188 actione
3174 2119 3622 2188 celebremus?
3667 2119 3890 2204 Atque
3931 2120 4211 2188 Davidis

2278 2206 2651 2290 exemplum
2712 2227 2832 2273 nos
2887 2206 3013 2274 hac
3065 2206 3138 2272 in
3193 2226 3266 2272 re
3308 2205 3492 2273 decet
3532 2205 3795 2284 imitari,
3841 2226 4045 2289 quum
4081 2206 4207 2273 ait:

2282 2292 2450 2375 Quid
2482 2292 2824 2359 retribuam
2865 2290 3147 2358 Domino
3191 2310 3321 2374 pro
3374 2291 3660 2358 omnibus
3713 2310 3873 2374 quae
3927 2290 4214 2359 retribuit

2276 2377 2435 2444 mihi
2449 2378 2486 2444 ,2
2539 2376 2811 2445 Calicem
2859 2377 3169 2446 salutaris
3214 2376 3540 2459 accipiam,
3583 2380 3639 2442 et
3677 2396 3902 2444 nomen
3944 2376 4212 2445 Domini

2275 2463 2589 2531 invocabo.
2691 2462 2845 2531 Vota
2906 2483 3045 2530 mea
3105 2462 3383 2529 Domino
3442 2462 3702 2529 reddam
3765 2482 3981 2531 coram
4043 2463 4212 2530 omni

2323 2549 2506 2631 opulo
2543 2551 2699 2617 eius.
2759 2548 2870 2614 Ita
2902 2555 3199 2615 nostram
3235 2547 3703 2634 gratitudinem
3738 2547 3958 2616 verbis
3991 2550 4212 2616 testati

2263 2569 2421 2702 {Jeo
2463 2635 2926 2703 satisfacimus:
2972 2635 3240 2718 eiusque
3283 2634 3737 2700 liberalitatem
3773 2635 4210 2719 agnoscimus,

2275 2741 2476 2805 quum
2553 2720 2625 2787 in
2701 2720 2908 2804 ipsius
2972 2719 3353 2820 obsequium
3418 2739 3537 2786 nos
3600 2719 4066 2803 componimus,
4143 2729 4212 2789 et

2277 2806 2488 2873 officio
2545 2811 2769 2873 nostro
2811 2805 2883 2871 in
2937 2803 3391 2890 praedicandis
3430 2802 3638 2889 ipsius
3680 2803 3981 2872 laudibus
4022 2807 4209 2894 fungi

2277 2891 2570 2958 nitimur.
2657 2892 2887 2976 Neque
2940 2910 3098 2958 vero
3162 2890 3407 2959 sufficit
3465 2888 3779 2975 quamdiu
3824 2911 3899 2957 su
3948 2892 4206 2959 erstites

2274 2997 2503 3044 sumus
2561 2977 2631 3044 in
2688 2977 2816 3044 hoc
2870 2976 3266 3057 incumbere,
3320 2975 3435 3043 sed
3497 2976 3711 3043 omnis
3753 2973 3883 3041 dan
3930 2998 3969 3042 a
4010 2997 4048 3040 o
4097 2997 4209 3044 era

2276 3070 2396 3144 est,
2438 3070 2514 3130 ut
2555 3083 2825 3147 operum
2866 3069 2934 3128 et
2976 3062 3435 3130 beneficiorum
3471 3061 3599 3129 Dei
3641 3081 3799 3147 erga
3840 3081 3962 3127 nos
3995 3083 4038 3147 g
4067 3063 4206 3129 oria

2276 3148 2475 3214 etiam
2519 3148 2603 3214 ad
2646 3157 2938 3233 posteros
2994 3149 3463 3215 transferatur:
3523 3154 3588 3214 et
3631 3155 4027 3248 cognoscant
4067 3147 4209 3217 eius

2276 3234 2634 3301 bonitatem
2694 3233 2883 3302 cuius
2937 3233 3286 3319 participes
3347 3233 3501 3301 facti
3578 3233 3917 3314 fuerimus,
3986 3239 4063 3299 ut
4132 3254 4208 3303 eo

2273 3319 2530 3386 facilius
2581 3318 2665 3387 ad
2726 3319 3092 3412 gratiarum
3150 3320 3470 3389 actionem
3523 3320 3908 3400 excitentur,
3988 3326 4057 3385 et
4122 3319 4205 3387 ad

2275 3404 2656 3490 obsequium
2715 3405 3077 3472 voluntatis
3132 3404 3337 3490 ipsius
3396 3405 3606 3491 magis
3663 3422 3739 3470 ac
3939 3402 3954 3419 ⁶
4031 3425 4206 3473 eom-

2272 3490 4098 3662 &333¹2¹:223}sstzm⁰ssftxpssfft⁰ss3¹ttf⁸tttsstt
4131 3491 4209 3644 ³3¹}

2273 3661 2757 3730 auxiliatorem:
2811 3671 2888 3729 ut
2930 3662 3437 3747 quotiescunque
3478 3661 3548 3727 in
3595 3659 3974 3728 difficillima
4010 3683 4207 3747 quae·

2271 3767 2398 3831 que
2444 3755 2757 3833 tempora,
2802 3756 2917 3815 aut
2957 3749 3027 3815 in
3070 3768 3401 3815 summum
3441 3746 3792 3815 discrimen
3836 3746 4206 3836 inciderint,

2272 3831 2355 3899 ad
2399 3854 2551 3900 eum
2610 3834 2994 3918 confugiant
3035 3842 3101 3902 et
3156 3833 3478 3899 auxilium
3535 3839 3934 3917 exspectent.
4021 3834 4206 3902 Bene

2272 3919 2479 4003 igitur
2522 3919 2855 3986 Samuelis
2922 3920 3296 4004 exemplum
3339 3919 3763 4000 imitabimur,
3818 3917 3876 3985 si
3916 3928 4207 4004 posteros

2271 4003 2340 4069 in
2379 4005 2522 4072 Deo
2557 4004 2867 4072 fiduciam
2900 4025 3164 4071 omnem
3197 4025 3381 4072 suam
3417 4003 3730 4072 collocare
3766 4003 4203 4072 docuerimus:

2274 4095 2340 4154 et
2405 4110 2556 4156 enm
2627 4091 3010 4158 invocantes
3059 4092 3257 4157 etiam
3313 4089 3550 4158 debitis
3613 4088 3916 4157 laudibus
3973 4091 4207 4157 efferre

2273 4183 2339 4241 et
2397 4175 2791 4259 praedicare.
2879 4174 3072 4259 Quod
3129 4197 3287 4243 sane
3328 4177 3472 4243 fieri
3530 4176 3774 4261 nequit,
3819 4175 3946 4242 nisi
3989 4175 4208 4260 cogni·

2272 4269 2409 4327 tam
2468 4260 2753 4328 habeant
2806 4263 3086 4348 gratiam
3143 4271 3211 4329 et
3254 4262 3564 4331 virtutem
3606 4261 3830 4347 ipsius,
3889 4281 4086 4345 quam
4128 4260 4198 4326 in

2270 4347 2467 4413 rebus
2511 4347 2908 4414 difficillimis
2950 4348 3358 4432 experientia
3393 4354 3694 4415 testatam
3738 4346 3908 4414 fecit.
3951 4345 4202 4412 Idcirco

2271 4431 2493 4499 David
2545 4432 2700 4499 olim
2759 4433 3016 4501 dicebat
3056 4456 3126 4502 se
3169 4434 3242 4500 in
3285 4431 3743 4502 afflictionibus
3794 4431 3936 4498 suis
3977 4450 4199 4498 merno-

2269 4537 2400 4584 νοω
2437 4518 2645 4600 fuisse
2675 4519 2921 4585 dierum
2961 4542 3003 4587 a
3084 4521 3097 4534 ‘
3363 4568 3380 4606 ,
3437 4520 3921 4600 meditatumpue
3960 4535 4092 4584 csse
4131 4517 4202 4582 in

2271 4604 2562 4672 omnibus
2614 4605 2900 4688 operibus
2953 4604 3101 4686 Dei,
3158 4612 3214 4674 et
3263 4607 3334 4672 iii
3387 4604 3578 4689 factis
3631 4622 3931 4669 manuum
3970 4601 4202 4685 ipsius.

2270 4689 2488 4773 Atque
2530 4690 2716 4757 Deus
2777 4690 2948 4759 hanc
2990 4691 3075 4759 ob
3117 4711 3380 4759 causam
3425 4691 3633 4758 voluit
3675 4689 3815 4755 eius
3855 4686 4196 4754 historiam

2268 4775 2694 4843 monimentis
2764 4775 3221 4859 commendari,
3283 4785 3360 4844 ut
3427 4785 3735 4861 tanquam
3798 4772 3870 4837 in
3935 4771 4199 4857 speculo

2264 4859 2392 4927 Dei
2438 4862 2792 4946 potentiam
2834 4870 2903 4930 et
2943 4862 3453 4932 misericordiam
3484 4861 3558 4928 in
3599 4856 4018 4926 sublevandis
4054 4859 4193 4926 suis

2267 4948 2877 5031 contemplaremur,
2956 4956 3023 5016 et
3089 4948 3470 5016 doceremur
3535 4946 3619 5012 iis
3673 4943 3801 5011 Dei
3876 4943 4196 5010 auxilium

2270 5053 2609 5118 nunquam
2652 5031 2949 5117 defuisse,
2995 5035 3107 5120 qui
3143 5034 3227 5102 ad
3259 5032 3469 5117 ipsius
3501 5028 4011 5097 misericordiam
4045 5049 4196 5096 con·

2270 5116 2603 5205 fugerunt,
2660 5126 2729 5186 et
2769 5121 3050 5187 salutem
3106 5120 3188 5187 ab
3243 5119 3385 5202 ipso
3427 5123 3904 5202 exspectarunt.
3992 5114 4196 5184 Dein-

2272 5224 2423 5290 ceps
2488 5204 2795 5273 dicuntur
2865 5205 3201 5273 Philistaei
3278 5201 3441 5272 adeo
3497 5201 3687 5270 fracti
3755 5197 4197 5288 debilitatique
