5059 6059
817 315 941 380 175

822 504 908 569 iis
951 524 1115 587 quos
1174 504 1255 568 ad
1314 504 1475 568 haec
1535 504 1812 570 vocavit.
1902 504 1999 569 Er
2128 504 2368 586 David,
2423 506 2579 573 licet
2632 508 2765 572 iam

822 601 975 656 ante
1021 589 1243 655 multis
1270 588 1392 654 Dei
1440 589 1627 655 donis
1672 590 1951 674 insignis
2026 592 2245 668 uisset,
2294 602 2510 658 tamen
2561 593 2764 657 veluti

821 689 1176 741 renovatus
1234 676 1373 752 fuit,
1432 692 1496 738 et
1553 697 1795 742 novum
1852 677 2127 759 spiritus
2184 678 2430 743 donum
2496 680 2765 760 accepit,

829 782 956 843 quo
1023 762 1273 844 regiam
1342 761 1727 845 dignitatem
1784 779 1997 844 posset
2064 765 2407 829 sustinere.
2513 763 2765 830 Idcirco

824 846 1077 912 Paulus
1099 847 1521 912 Timotheum
1564 847 1974 925 admonebat,
2020 850 2238 932 ipsum
2283 850 2608 933 accepisse
2636 848 2766 914 Dei

821 934 1125 1015 spiritum
1172 954 1287 1015 per
1333 954 1643 997 manuum
1686 954 1954 1002 suarum
1993 935 2496 1018 impositionem,
2535 948 2602 999 et
2636 935 2764 999 alio

821 1019 977 1096 loco,
1024 1039 1141 1101 per
1187 1017 1662 1100 impositionem
1699 1040 2018 1084 manuum
2055 1022 2464 1105 presbyterii.
2559 1021 2760 1102 Atqui

819 1120 1071 1172 certum
1127 1119 1229 1168 est
1266 1104 1685 1170 Timotheum
1744 1127 1945 1187 quum
1998 1107 2079 1171 ad
2138 1105 2463 1190 evangelii
2510 1106 2765 1189 praedi-

822 1191 1149 1256 cationem
1202 1201 1561 1264 vocaretur,
1606 1212 1740 1254 non
1783 1191 1985 1257 fuisse
2023 1213 2271 1257 novum
2320 1193 2648 1258 hominem
2696 1207 2763 1258 et

822 1273 1151 1361 ignarum,
1217 1275 1335 1342 sed
1393 1276 1654 1340 eximiis
1710 1276 1896 1342 donis
1961 1279 2315 1361 insignem,
2381 1300 2463 1344 ex
2528 1276 2763 1361 quibus

822 1373 1170 1446 appareret
1213 1361 1575 1428 Dominum
1644 1362 1814 1427 velle
1879 1363 2083 1445 ipsius
2142 1364 2501 1429 ministerio
2567 1385 2758 1429 suum

827 1468 990 1531 opus
1036 1468 1443 1530 promovere:
1505 1468 1580 1514 ac
1632 1447 1907 1532 proinde
1954 1470 2270 1514 manuum
2317 1449 2508 1515 Pauli
2553 1450 2758 1532 impo-

825 1533 1060 1599 sitione
1125 1533 1324 1598 suisse
1388 1535 1867 1615 confirmatum,
1934 1544 2002 1599 et
2064 1533 2146 1598 ad
2206 1546 2463 1600 tantum
2521 1556 2761 1601 munus

823 1618 1144 1699 evangelii
1204 1618 1623 1702 praedicandi
1680 1642 1719 1684 a
1776 1630 2000 1686 sancto
2058 1621 2291 1702 spiritu
2351 1619 2759 1702 dispositum.

823 1704 1240 1789 Quapropter
1288 1726 1369 1770 ne
1413 1704 1782 1770 dubitemus
1826 1707 1982 1789 quin
2022 1707 2203 1771 Deus
2248 1721 2632 1789 operaturus
2678 1707 2764 1770 sit

825 1789 899 1856 in
959 1791 1145 1856 nobis
1204 1791 1373 1873 quod
1436 1790 1594 1856 utile
1652 1813 1792 1858 esse
1846 1793 2240 1877 cognoverit,
2299 1812 2498 1873 quum
2564 1810 2763 1856 vacua

825 1899 988 1943 vasa
1031 1878 1369 1954 fuerimus,
1436 1892 1501 1940 et
1547 1879 1703 1960 quin
1750 1879 1931 1941 omni
1981 1878 2221 1942 virtute
2266 1889 2334 1941 et
2376 1879 2764 1942 necessariis

824 1963 1012 2029 donis
1069 1963 1157 2027 sit
1213 1959 1585 2041 ornaturus,
1646 1984 1845 2045 quum
1906 1963 2130 2028 eadem
2191 1965 2271 2028 ab
2315 1964 2455 2047 ipso
2500 1963 2760 2046 petieri-

823 2071 992 2116 mus.
1082 2047 1258 2130 Quid
1317 2049 1492 2113 enim
1553 2049 1733 2113 aliud
1792 2047 2151 2133 praecludit
2205 2048 2455 2114 aditum
2515 2050 2760 2127 gratiae

823 2135 1115 2213 Domini,
1161 2154 1356 2217 quam
1400 2135 1736 2200 hominum
1782 2134 2174 2219 arrogantia,
2236 2156 2365 2217 qua
2422 2134 2542 2199 sibi
2588 2134 2756 2216 quod

822 2242 955 2287 non
1000 2221 1244 2286 habent
1286 2220 1529 2286 audent
1567 2220 1904 2287 tribuere?
1997 2221 2197 2303 Atqui
2253 2241 2369 2285 nos
2425 2219 2758 2285 mendicos

818 2329 962 2373 esse
1029 2317 1312 2390 oportet,
1379 2308 1435 2370 si
1507 2307 1721 2371 Deum
1788 2307 2084 2388 cupimus
2150 2306 2425 2390 egestati
2495 2321 2759 2371 nostrae

818 2413 1216 2458 succurrere.
1306 2391 1530 2472 Quare
1589 2393 1647 2457 si
1706 2414 1862 2457 vera
1916 2391 2044 2457 fide
2103 2393 2317 2474 ipsum
2361 2392 2756 2469 invocemus,

819 2490 890 2543 et
931 2493 1005 2543 ut
1047 2479 1252 2543 nostri
1296 2478 1702 2555 misereatur,
1747 2491 1814 2543 et
1855 2478 1925 2542 in
1971 2477 2177 2560 ipsius
2212 2477 2462 2556 cultum
2501 2477 2754 2560 dirigat,

820 2585 1200 2651 precemur,
1265 2584 1598 2646 nunquam
1666 2561 2042 2629 defuturum
2110 2566 2321 2646 ipsum
2390 2564 2583 2629 nobis
2662 2574 2760 2628 est

822 2649 1280 2718 certissimum.
1369 2650 1577 2716 Porro
1635 2648 1895 2714 divinae
1956 2647 2427 2715 maledictionis
2491 2649 2758 2733 signum

827 2735 1155 2819 quoddam
1217 2746 1337 2818 est,
1404 2757 1602 2819 quum
1662 2735 1743 2799 ad
1802 2733 2057 2816 aliquod
2107 2756 2343 2800 munus
2392 2736 2599 2801 vocati
2647 2735 2761 2799 ho-

822 2823 1051 2900 mines,
1095 2841 1230 2886 non
1275 2820 1671 2905 respondent
1730 2821 2082 2888 vocationi:
2149 2819 2261 2886 sed
2321 2829 2438 2885 aut
2495 2821 2758 2885 attoniti

829 2921 986 2974 sunt
1029 2918 1098 2972 et
1156 2905 1418 2989 stupidi,
1478 2919 1591 2972 aut
1646 2906 1873 2972 molles
1916 2922 1983 2972 et
2026 2907 2403 2986 effeminati,
2459 2921 2574 2971 aut
2632 2927 2759 2971 888

824 3016 904 3060 88
947 3005 1102 3060 sunt
1147 2993 1524 3077 integritate
1568 3014 1695 3076 qua
1738 3014 1857 3075 par
1899 3004 2027 3057 est:
2074 2991 2189 3057 sed
2226 2990 2542 3058 adversus
2587 2991 2759 3057 ordi-

825 3101 978 3146 nem
1038 3098 1301 3144 omnem
1361 3079 1768 3161 conspirasse
1838 3077 2160 3143 videntur.
2252 3076 2433 3144 Sane
2489 3079 2560 3142 in
2619 3077 2763 3143 istis

825 3165 1085 3233 divinae
1145 3163 1470 3232 vindictae
1529 3164 1792 3248 signum
1857 3171 2152 3247 apparet:
2213 3162 2382 3247 quod
2448 3163 2560 3228 alii
2627 3163 2765 3229 sola

825 3251 1178 3317 ambitione
1223 3249 1412 3317 malis
1457 3251 1706 3316 artibus
1765 3250 2045 3315 honores
2103 3259 2172 3314 et
2231 3248 2584 3332 dignitates
2628 3269 2764 3313 am-

826 3338 1037 3415 biant,
1095 3336 1207 3401 alii
1266 3338 1335 3401 vi
1392 3334 1738 3413 invadant,
1807 3334 1920 3399 alii
1985 3356 2139 3399 vero
2207 3336 2405 3400 etiam
2472 3335 2765 3418 pecuniis

826 3422 1171 3489 redimant.
1260 3420 1447 3504 Quae
1491 3435 1592 3486 est
1634 3422 1836 3504 igitur
1880 3433 2023 3485 tum
2067 3420 2204 3486 illic
2245 3420 2452 3487 sancti
2496 3421 2767 3504 spiritus

829 3510 930 3574 vis
973 3524 1041 3574 et
1083 3507 1418 3574 efficacia?
1471 3507 1612 3573 Nae
1656 3505 2022 3572 horrendas
2065 3506 2307 3571 ibidem
2352 3506 2769 3573 confusiones

829 3595 990 3659 oriri
1033 3614 1296 3659 necesse
1341 3607 1468 3659 est:
1514 3615 1589 3660 ac
1634 3591 1906 3676 proinde
1951 3593 2189 3658 iustam
2239 3593 2364 3659 Dei
2408 3592 2766 3658 vindictam

834 3681 1104 3765 agnosci
1146 3692 1415 3763 oportet,
1476 3678 1645 3763 quod
1698 3680 2005 3762 ignorent
2048 3677 2150 3743 illi
2190 3679 2459 3761 quaevis
2503 3677 2770 3761 publica

832 3786 1110 3832 munera
1154 3765 1225 3827 in
1258 3763 1386 3829 Dei
1432 3764 1676 3830 cultum
1723 3766 1880 3829 ferri
1923 3782 2240 3847 oportere,
2285 3775 2354 3830 et
2398 3786 2527 3829 888
2572 3763 2768 3830 licere

831 3851 951 3918 ulli
1010 3871 1152 3916 sese
1211 3851 1278 3914 in
1340 3849 1596 3933 publica
1652 3871 1924 3915 munera
1988 3850 2232 3915 inferre
2290 3860 2356 3914 et
2413 3848 2768 3915 intrudere.

832 3938 1006 4003 Nam
1065 3948 1318 4019 oportet
1373 3958 1483 4001 eos
1541 3936 1654 4018 qui
1722 3935 1804 4000 ad
1863 3957 2080 4002 rerum
2149 3935 2596 4020 gubernacula
2655 3957 2767 4001 vo-

828 4035 1086 4098 cantur,
1148 4040 1494 4105 agnoscere
1540 4043 1607 4086 se
1652 4043 1692 4086 a
1736 4020 1880 4087 Deo
1923 4021 2314 4088 constitutos
2370 4042 2512 4087 esse
2561 4021 2770 4086 veluti

832 4131 987 4175 suos
1029 4108 1359 4173 ministros
1402 4118 1467 4172 et
1511 4108 1777 4190 legatos,
1823 4108 1925 4173 cui
1971 4128 2128 4172 suae
2181 4107 2770 4172 administrationis

832 4196 998 4261 ratio
1057 4195 1142 4259 sit
1200 4194 1353 4256 olim
1412 4191 1757 4258 reddenda.
1855 4193 2113 4258 Deinde
2177 4191 2560 4276 plerumque
2627 4193 2771 4256 fieri

834 4280 1139 4348 videmus
1184 4298 1259 4343 ut
1303 4280 1524 4361 populi
1569 4277 1871 4364 indignos
1904 4300 1975 4343 se
2001 4279 2124 4343 Dei
2161 4279 2375 4362 gratia
2418 4277 2773 4361 praebeant

833 4385 903 4434 et
946 4367 1131 4432 bonis
1174 4364 1735 4449 gubernatoribus,
1793 4385 1833 4430 a
1875 4366 2109 4447 quibus
2153 4379 2463 4446 tanquam
2509 4365 2634 4428 Dei
2680 4363 2768 4428 le-

836 4454 1008 4540 gatis
1066 4463 1134 4516 et
1188 4451 1712 4534 procuratoribus
1770 4464 2117 4534 regantur:
2175 4463 2239 4514 et
2298 4471 2498 4533 quum
2560 4451 2772 4531 potius

838 4538 1090 4605 diabolo
1135 4538 1486 4621 mancipati
1530 4537 1681 4613 sint,
1729 4535 1922 4601 etiam
1971 4535 2190 4601 Deum
2233 4537 2611 4618 permittere
2651 4537 2771 4599 im-

839 4626 1058 4709 probis
1116 4623 1481 4704 imperium.
1573 4623 1661 4686 Et
1711 4621 1975 4703 quidem
2037 4642 2227 4703 saepe
2284 4621 2455 4686 iusto
2499 4618 2630 4685 Dei
2674 4623 2771 4686 iu-

837 4711 1004 4777 dicio
1063 4708 1206 4774 fleri
1263 4707 1557 4773 videmus
1617 4723 1689 4772 ut
1745 4707 2027 4790 improbi
2090 4707 2387 4771 homines
2442 4707 2513 4770 in
2570 4705 2772 4772 bonos

837 4796 1238 4862 dominatum
1285 4795 1639 4870 obtineant,
1700 4805 1766 4857 et
1823 4803 2091 4877 propter
2137 4793 2480 4875 impiorum
2534 4793 2771 4875 iniqui-

842 4895 1044 4948 tatem
1088 4880 1242 4947 boni
1287 4882 1366 4946 ab
1413 4880 1570 4963 ipsis
1608 4880 2003 4964 affligantur.
2094 4876 2299 4944 Cuius
2358 4879 2449 4943 rei
2506 4899 2770 4962 exemp-

840 4970 983 5033 lum
1024 4969 1091 5032 in
1141 4967 1299 5032 Iobo
1345 4981 1445 5031 est
1496 4966 1936 5047 conspicuum,
1993 4977 2059 5029 et
2106 4976 2258 5030 nota
2301 4963 2581 5029 Davidis
2625 4987 2773 5048 prc-

842 5055 1078 5135 phetae
1113 5052 1372 5136 querela
1395 5052 1567 5117 Psal.
1597 5050 1696 5130 12,
1733 5051 1844 5116 ubi
1887 5050 2282 5114 horrendam
2325 5049 2769 5115 confusionem

839 5142 914 5204 in
958 5139 1291 5205 ecclesiam
1338 5139 1659 5204 invectam
1702 5137 2145 5219 conqueritur,
2203 5146 2268 5200 et
2318 5135 2513 5218 plena
2554 5136 2775 5201 omnia

840 5246 985 5291 8888
1030 5224 1341 5307 improbis
1397 5224 1506 5307 qui
1551 5222 1995 5297 dominantur,
2054 5235 2122 5286 et
2179 5221 2345 5286 laxis
2387 5220 2658 5288 habenis
2705 5224 2770 5287 in

2505 317 2916 385 HOMILIA
2957 318 3147 386 LIX.
4662 323 4748 391 116

2870 508 3016 590 pios
3061 507 3466 585 desaeviunt,
3512 519 3586 572 ut
3627 508 3735 573 ius
3777 524 3844 572 et
3888 527 4165 590 aequum
4211 527 4412 571 omno
4449 508 4755 580 subvertere

2872 592 3234 659 videantur.
3309 593 3484 677 Ergo
3522 594 3784 658 divinae
3822 592 4294 658 benedictionis
4332 595 4754 665 evidentissima

2868 678 3045 743 inter
3088 678 3389 743 homines
3431 680 3620 762 signa
3663 679 3906 763 lucent,
3952 699 4154 761 quum
4200 681 4246 743 ii
4291 680 4403 761 qui
4442 679 4522 744 ad
4555 681 4753 762 publio

2871 786 3143 829 munera
3188 776 3526 842 vocantur,
3571 780 3730 829 sunt
3764 765 3981 830 idonei
4015 775 4082 829 et
4116 783 4309 846 pares
4344 764 4477 829 illis
4510 766 4752 847 ferendis,

2877 861 2943 913 et
3002 850 3455 933 intelligentia,
3509 851 3797 928 consilio,
3857 850 4110 916 viribus
4165 862 4236 914 et
4281 851 4608 917 voluntate
4645 875 4752 937 per-

2870 937 3241 1012 severandi,
3300 951 3364 999 et
3423 935 3636 1001 cordis
3693 936 4066 1002 sinceritate
4124 946 4187 1000 et
4251 936 4619 1019 integritate
4671 939 4751 1005 do-

2873 1037 3135 1086 nantur.
3224 1020 3476 1087 Contra
3537 1042 3690 1088 vero
3757 1021 4019 1089 divinae
4082 1020 4369 1096 ultionis,
4438 1044 4622 1104 quum
4672 1029 4754 1109 qui

2874 1107 3005 1170 iuri
3072 1105 3350 1171 dicundo
3419 1107 3905 1189 praeficiuntur,
3972 1107 4432 1191 magistratus,
4500 1129 4664 1191 reges
4707 1123 4755 1175 et

2867 1193 3195 1274 principes
3222 1193 3575 1258 virtutibus
3599 1192 3981 1260 necessariis
4017 1193 4485 1270 destituuntur,
4518 1209 4582 1258 et
4599 1197 4757 1263 instar

2875 1278 3216 1343 brutorum
3265 1298 3381 1359 pro
3427 1278 3695 1344 libidine
3729 1279 4052 1344 feruntur.

3040 1362 3370 1446 Sequitur,
3412 1365 3685 1446 spiritus
3717 1369 3926 1430 anatem
3947 1365 4213 1431 Domini
4245 1368 4497 1431 recessit
4528 1365 4756 1448 2sz2,

2866 1454 2920 1513 d
2981 1448 3335 1532 exayitabat
3397 1470 3538 1514 eum
3594 1450 3862 1532 spiritus
3926 1470 4193 1532 nequam
4242 1449 4612 1517 aDomino.
4695 1453 4754 1517 In

2866 1535 3102 1617 quibus
3147 1536 3363 1599 verbis
3406 1534 3886 1601 observandum
3923 1535 4097 1619 quod
4135 1549 4287 1600 ante
4321 1536 4536 1620 attigi,
4568 1559 4756 1620 nempe

2864 1618 3409 1702 quemadmodum
3456 1619 3640 1685 Deus
3698 1621 3868 1687 dona
3924 1643 4044 1687 sua
4100 1622 4392 1687 cumulat
4452 1624 4518 1687 in
4563 1624 4634 1687 iis
4673 1625 4756 1707 qui

2866 1704 3145 1770 fideliter
3187 1706 3313 1788 ipsi
3357 1706 3746 1785 inserviunt,
3814 1709 3906 1773 ita
3961 1707 4246 1773 vicissim
4290 1706 4516 1771 eadem
4560 1708 4636 1773 iis
4672 1731 4756 1773 an

2867 1792 3040 1856 ferre
3083 1792 3193 1874 qui
3240 1792 3309 1856 in
3357 1791 3569 1857 officio
3617 1806 4043 1877 segnescunt:
4091 1814 4175 1857 88
4208 1792 4398 1857 nobis
4422 1794 4757 1860 Deumesss

2866 1876 3237 1943 devinctum
3286 1876 3694 1943 arbitremur.
3762 1878 3947 1944 Deus
3989 1877 4251 1960 quidem
4295 1897 4455 1944 sane
4500 1880 4755 1945 munifice

2864 1974 2929 2026 et
2984 1963 3167 2047 large
3226 1984 3345 2028 sua
3399 1962 3571 2027 dona
3629 1965 3935 2048 largitur:
3993 1963 4109 2030 sed
4168 1963 4457 2030 vicissim
4516 1986 4558 2030 a
4611 1967 4759 2031 nobis

2865 2058 3114 2114 rectum
3160 2048 3418 2114 illorum
3467 2069 3658 2114 usum
3719 2050 4021 2134 postulat,
4074 2062 4150 2115 ut
4207 2048 4289 2114 ad
4346 2070 4543 2115 suum
4600 2053 4758 2116 finus

2864 2135 3256 2200 referantur.
3345 2134 3573 2217 Neque
3638 2137 3812 2200 enim
3868 2136 4078 2203 saneti
4140 2135 4240 2201 sui
4296 2136 4576 2219 spiritus
4614 2138 4762 2202 donis

2863 2241 2981 2285 nos
3018 2219 3306 2297 instruit,
3352 2231 3430 2284 ut
3470 2243 3551 2285 ex
3596 2220 3679 2285 iis
3723 2226 4003 2305 gratiam
4046 2232 4114 2288 et
4156 2221 4579 2287 autoritatem
4619 2221 4757 2305 apud

2861 2305 3159 2371 homines
3201 2326 3608 2389 quaeramus,
3662 2321 3776 2371 aut
3826 2307 4096 2390 privatis
4135 2307 4499 2373 commodis
4541 2309 4758 2373 studea

2863 2413 3030 2468 mus,
3078 2391 3179 2456 vel
3226 2391 3567 2458 affectibus
3610 2393 3832 2474 pravis
3871 2390 4362 2477 indulgeamus:
4411 2392 4531 2459 sed
4572 2409 4761 2459 centn

2864 2477 3076 2559 potius
3120 2488 3192 2543 ut
3234 2499 3316 2541 ex
3350 2478 3435 2542 iis
3457 2477 3585 2543 Dei
3620 2497 3861 2544 nomen
3906 2478 4323 2563 glorificetur.
4366 2496 4441 2545 et
4485 2483 4555 2545 in
4595 2481 4763 2543 totius

2863 2562 3083 2645 populi
3163 2561 3570 2628 commodum
3653 2578 3720 2627 et
3786 2564 4134 2629 utilitatem
4202 2564 4463 2632 cedant.
4574 2564 4765 2647 Neque

2864 2650 3038 2712 enim
3080 2649 3261 2714 nobis
3299 2650 3436 2713 nati
3471 2670 3697 2716 sumus
3731 2648 3844 2714 sed
3880 2649 4197 2733 proximis
4238 2651 4306 2715 in
4342 2672 4425 2715 ea
4462 2653 4763 2716 vocatione

2864 2733 2946 2798 ad
3006 2756 3201 2817 quam
3262 2733 3404 2798 Deo
3471 2755 3593 2800 nos
3662 2756 3889 2801 vocare
3944 2737 4278 2819 placuerit.
4383 2735 4766 2821 Quapropter

2863 2819 3145 2885 fideliter
3189 2820 3474 2885 officium
3530 2821 3855 2897 facientes,
3923 2822 4173 2905 Deique
4232 2823 4408 2887 dona
4468 2821 4554 2887 ad
4596 2823 4766 2906 legiti-

2865 2926 3045 2969 mum
3103 2905 3303 2971 finem
3364 2905 3737 2984 referentes,
3806 2907 3936 2973 Dei
3995 2908 4308 2973 nimirum
4376 2907 4655 2991 gloriam
4719 2921 4769 2972 et

2866 2992 3310 3073 proximorum
3371 2992 3742 3071 utilitatem,
3807 3006 4061 3060 certum
4119 3006 4219 3060 est
4274 2995 4343 3058 in
4390 3015 4470 3059 se
4513 2993 4674 3078 quod
4707 2991 4767 3056 do

2868 3075 3123 3142 Davide
3181 3076 3483 3155 diximus,
3551 3077 3868 3144 donorum
3926 3079 4056 3144 Dei
4115 3080 4674 3146 continuationem
4718 3089 4767 3144 et

2867 3163 3461 3246 amplificationem,
3515 3185 3649 3229 non
3707 3164 3790 3229 ad
3847 3165 4019 3230 diem
4078 3187 4283 3231 unum
4340 3177 4466 3230 aut
4507 3166 4766 3244 alterum,

2867 3248 2981 3312 sed
3025 3249 3251 3333 longos
3295 3268 3502 3316 annos
3540 3259 3607 3314 et
3641 3251 3724 3314 ad
3761 3250 4065 3316 ultimum
4100 3272 4305 3333 usque
4338 3250 4526 3317 vitae
4547 3265 4767 3317 nostrae

2868 3335 3173 3417 spiritum
3218 3345 3622 3418 experturos.
3690 3335 3936 3402 Oontra
3978 3357 4137 3402 vero
4180 3337 4291 3419 qui
4338 3334 4616 3403 Saulem
4656 3337 4767 3400 imi

2869 3431 3116 3503 tantur,
3160 3432 3230 3485 et
3271 3441 3471 3504 quum
3514 3421 3702 3486 initio
3748 3442 4058 3506 magnum
4103 3422 4263 3505 quid
4306 3421 4390 3486 de
4438 3444 4514 3488 se
4550 3422 4765 3506 pollice

2870 3516 3119 3589 rentur,
3177 3518 3245 3572 et
3298 3507 3560 3572 virtutis
3615 3506 3933 3589 quaedam
3993 3509 4180 3591 signa
4232 3508 4533 3586 ederent,
4576 3505 4768 3573 deinde

2871 3589 3203 3669 deficiunt,
3245 3603 3312 3657 et
3355 3594 3622 3676 segnius
3663 3594 3948 3659 officium
3993 3595 4255 3671 faciunt,
4299 3604 4366 3660 et
4406 3592 4767 3681 pedetentim

2872 3697 2911 3741 a
2954 3687 3131 3743 recto
3191 3678 3592 3763 degenerant
3646 3690 3715 3744 et
3768 3677 4139 3761 deflectunt,
4197 3679 4327 3745 illis
4369 3681 4576 3746 etiam
4620 3677 4771 3743 donis

2870 3784 3036 3845 quae
3094 3764 3273 3844 prius
3333 3778 3717 3846 acceperant
3762 3785 3801 3829 a
3842 3764 3988 3831 Deo
4046 3766 4424 3848 spoliandos
4488 3786 4631 3832 8888
4666 3784 4768 3829 non

2871 3859 2973 3913 est
3030 3848 3320 3914 dubium.
3405 3849 3632 3932 Neque
3693 3850 3869 3916 enim
3925 3871 4093 3933 quae
4151 3873 4193 3917 a
4238 3852 4382 3917 Deo
4446 3852 4769 3935 accepimus

2872 3934 3042 3999 dona
3099 3947 3411 4017 perpetua
3469 3948 3621 4000 sunt
3691 3937 3942 4015 futura,
4007 3937 4135 4002 nisi
4189 3951 4461 4021 accepta
4502 3938 4599 4002 illi
4639 3937 4767 4001 fera

2872 4041 3035 4100 mus,
3080 4032 3146 4084 et
3189 4031 3322 4086 tam
3366 4019 3559 4090 corde
3601 4043 3797 4106 quam
3841 4043 3953 4087 ore
3995 4023 4479 4105 praedicemus:
4526 4045 4634 4089 ore
4662 4020 4768 4105 qui

2874 4105 3021 4169 dem
3074 4108 3457 4172 confitentes
3502 4128 3621 4173 nos
3662 4106 3977 4191 quidquid
4034 4107 4358 4174 habemus
4403 4111 4489 4175 ab
4531 4112 4658 4192 ipse
4689 4128 4769 4170 ao

2871 4193 3148 4274 cepisse:
3214 4192 3408 4258 corde
3472 4215 3623 4259 vero
3686 4215 3923 4258 nomen
3982 4194 4191 4277 ipsius
4233 4193 4685 4278 glorificantoe,
4720 4201 4767 4255 et

2873 4299 2948 4340 ea
3025 4278 3092 4341 in
3171 4279 3617 4360 proximorum
3693 4301 3877 4345 usum
3944 4279 4117 4363 quod
4176 4281 4389 4346 nostri
4448 4296 4550 4345 est
4614 4275 4767 4344 officii

2872 4373 3340 4429 convertentes.
3406 4363 3628 4446 Quare
3671 4366 3799 4430 nisi
3845 4387 4269 4449 quaecunque
4314 4365 4629 4431 babemus
4658 4363 4765 4428 Deo

2874 4465 3136 4531 accepta
3179 4448 3351 4514 dona
3393 4451 3677 4515 feramus
3734 4461 3807 4516 ut
3851 4471 3968 4535 par
4025 4466 4144 4528 est,
4203 4465 4460 4518 certum
4522 4465 4621 4517 est
4666 4448 4764 4514 inn

2873 4555 2994 4600 nos
3065 4534 3162 4598 vel
3232 4545 3558 4600 momento
3624 4535 3997 4619 privandos.
4101 4539 4348 4620 Ecquis
4418 4539 4617 4623 igitur
4664 4553 4762 4599 non

2876 4621 3109 4685 metuit
3151 4619 3293 4700 sibi,
3351 4622 3498 4703 quis
3544 4642 3673 4687 non
3721 4623 4007 4688 horrebit
4049 4623 4479 4689 considerans
4521 4645 4673 4707 quae
4707 4618 4763 4683 de

2875 4706 3078 4771 Saule
3123 4705 3459 4783 dicuntur,
3496 4728 3750 4791 nempe,
3810 4709 4155 4774 recessisse
4198 4710 4279 4775 ab
4323 4711 4473 4794 ipso
4514 4709 4634 4774 Dei
4672 4707 4761 4789 spi

2873 4792 3095 4857 ritum.
3197 4792 3444 4857 Verum
3514 4794 3778 4876 quidem
3844 4793 4017 4860 istud
4084 4808 4219 4872 est,
4284 4795 4425 4861 Dei
4490 4797 4762 4879 spiritum.

2872 4891 3195 4960 quatenus
3239 4890 3337 4943 est
3383 4879 3568 4943 nobis
3613 4879 3894 4945 arrhabo
3939 4880 4117 4946 vitae
4159 4881 4466 4948 coelestis
4501 4877 4758 4965 quamdiu

2874 4964 3046 5028 hanc
3092 4964 3296 5029 vitam
3339 4964 3650 5030 caducam
3696 4966 4002 5046 vivimus,
4060 4967 4256 5033 modo
4315 4990 4479 5035 vere
4532 4967 4608 5031 ab
4654 4966 4760 5046 ipso

2873 5050 3152 5133 regeniti
3188 5051 3408 5129 simus,
3446 5071 3779 5134 nunquam
3819 5052 4004 5118 nobis
4043 5053 4509 5119 auferendum:
4554 5067 4760 5116 verum

2874 5149 3094 5200 tamen
3140 5135 3210 5200 in
3254 5135 3690 5202 sollicitudine
3732 5150 3799 5203 et
3841 5138 4073 5204 timore
4107 5138 4447 5204 ambulare
4480 5159 4595 5204 nos
4624 5133 4760 5200 iubet

2875 5221 3225 5303 apostolus,
3282 5243 3366 5288 ne
3410 5242 3865 5307 segnescamus
3912 5224 4251 5308 Deumque
4296 5239 4755 5292 contemnamus
