5059 6059
858 284 986 348 379

862 470 1119 539 Deinde
1162 468 1286 533 hac
1330 466 1580 530 ratione
1625 474 1937 549 tanquam
1988 466 2212 531 fraeno
2249 466 2528 549 quodam
2570 469 2801 531 retine·

864 558 1097 635 bimur,
1160 573 1246 619 ne
1310 551 1421 618 alii
1481 550 1626 617 aliis
1679 551 2072 618 irascamur:
2140 563 2206 616 et
2247 556 2465 637 potius
2510 551 2797 617 studium

864 662 1056 709 omne
1112 640 1534 716 conferemus,
1594 646 1663 701 et
1704 644 1966 703 mutuas
2008 657 2238 723 operas
2280 637 2350 702 in
2396 637 2581 702 nobis
2626 637 2799 701 invi-

865 749 1004 794 cem
1040 722 1454 790 adiuvandis:
1491 743 1693 806 quum
1729 731 1946 789 tamen
1986 734 2210 788 contra
2245 723 2453 788 simus
2489 746 2528 788 a
2567 732 2801 788 natura

864 823 1232 879 nostrorum
1291 810 1773 874 commodorum
1831 819 1964 874 tam
2025 820 2316 874 amantes
2377 822 2449 873 ut
2505 809 2609 874 vel
2678 810 2800 891 ipsi

865 901 1007 966 Deo
1052 898 1375 975 resistere,
1419 893 1869 976 voluntatique
1910 895 2114 976 ipsius
2156 893 2463 960 reluctari
2510 914 2642 958 non
2690 915 2799 959 ve·

865 1004 1147 1061 reamur,
1216 993 1434 1047 utrum
1484 1001 1566 1044 ue
1622 980 1699 1045 fit
1756 980 1881 1045 hoc
1934 980 2072 1046 loco
2131 980 2315 1046 nobis
2359 983 2798 1062 conspicuum.

863 1071 1036 1137 Nam
1081 1090 1163 1134 ex
1208 1073 1396 1150 parte
1496 1065 1603 1130 aul
1648 1065 1742 1132 sic
1786 1066 2101 1131 adversus
2144 1064 2467 1131 Davidem
2506 1067 2681 1139 furit,
2730 1075 2803 1129 ut

862 1158 1067 1223 ieram
1127 1155 1340 1237 potius
1386 1172 1579 1234 quam
1626 1150 1954 1216 hominem
2002 1150 2194 1217 dicas.
2283 1150 2449 1231 Quis
2493 1173 2641 1215 eum
2688 1171 2802 1215 au-

864 1254 997 1307 tem
1065 1240 1144 1305 ad
1214 1228 1474 1303 tantum
1539 1237 1821 1301 furorem
1893 1235 2216 1318 impellit?
2304 1236 2555 1319 Nempe
2619 1237 2803 1319 cupit

863 1329 1071 1394 invito
1130 1323 1273 1389 Deo
1331 1342 1609 1406 regnare
1665 1343 1782 1406 pro
1840 1342 1914 1386 eo
1972 1321 2140 1404 quod
2184 1321 2308 1405 ipsi
2353 1343 2421 1387 se
2466 1322 2800 1399 subiicere,

866 1425 931 1478 et
974 1412 1183 1497 magis
1227 1431 1301 1475 ac
1336 1410 1549 1492 magis
1585 1408 1962 1473 submittere
2000 1406 2289 1483 debebat,
2336 1420 2802 1490 acceptumque

865 1499 1122 1583 regium
1160 1494 1455 1560 diadema
1477 1505 1707 1577 sponte
1734 1491 1973 1559 Davidi
1997 1492 2242 1570 cedere,
2281 1493 2800 1575 quandoquidem

866 1585 994 1668 ipsi
1036 1581 1209 1648 male
1252 1601 1323 1645 se
1364 1580 1435 1644 in
1471 1580 1601 1659 ,hoc
1647 1598 1915 1644 munere
1959 1593 2252 1662 gesserat
2287 1578 2557 1662 Deoque
2595 1578 2802 1643 rebel-

863 1670 1054 1735 larat.
1143 1666 1585 1748 Quamobrem
1662 1665 1929 1731 decebat
1985 1663 2170 1728 illum
2252 1685 2392 1728 sese
2456 1665 2801 1729 autoritate

864 1755 1039 1841 regis
1104 1752 1422 1830 abdicare,
1495 1757 1561 1815 et
1614 1772 1757 1815 eam
1816 1747 2250 1816 obedientiam
2309 1751 2453 1814 Deo
2515 1750 2803 1825 reddere,

865 1853 940 1907 ut
973 1839 1300 1926 privatam
1340 1838 1542 1900 vitam
1581 1838 1798 1919 regiae
1833 1846 2276 1920 anteponeret.
2333 1836 2804 1900 Verumtamen

862 1928 977 1994 ille
1021 1947 1092 1992 se
1136 1944 1448 2005 suamque
1483 1921 1865 2006 dignitatem
1900 1921 2068 1986 tueri
2099 1936 2163 1986 et
2192 1941 2578 1986 conservare
2603 1941 2805 2003 posse,

745 2060 754 2067 -
867 2014 971 2078 vel
1028 2011 1244 2075 invito
1307 2009 1468 2083 Deo,
1528 2016 1765 2089 sperat.
1852 2006 2021 2073 Inde
2063 2007 2305 2073 factum
2351 2007 2671 2086 videmus,
2732 2014 2807 2071 ut

865 2098 1112 2165 rabiem
1171 2116 1356 2160 suam
1416 2091 1738 2158 Davidem
1797 2092 1943 2157 odio
2004 2101 2432 2175 persequutus
2492 2091 2804 2157 diabolico

868 2182 1290 2267 despumarit.
1380 2178 1515 2244 Sed
1557 2180 1821 2244 obsecro
1867 2199 2057 2261 quem
2101 2177 2216 2242 ille
2250 2176 2804 2261 persequebatur?

866 2271 1008 2337 Nae
1052 2289 1185 2334 non
1221 2264 1567 2345 Davidem,
1611 2264 1722 2329 sed
1760 2266 1974 2347 ipsum
2011 2264 2227 2327 Deum
2265 2263 2448 2329 cuius
2485 2262 2808 2329 voluntati

867 2377 1002 2421 non
1055 2352 1206 2420 vult
1248 2351 1725 2432 obtemperare:
1793 2350 1976 2415 hunc
2011 2349 2247 2413 furoris
2293 2351 2509 2431 ignem
2556 2347 2809 2414 invidia

867 2442 1049 2506 intus
1108 2437 1454 2518 excitabat,
1514 2444 1580 2500 et
1636 2434 1829 2500 modo
1886 2435 1965 2500 de
2023 2434 2210 2500 hoste
2252 2435 2595 2499 victoriam
2640 2433 2807 2499 obti-

869 2537 1022 2593 neat
1063 2521 1313 2590 coelum
1357 2531 1570 2586 terrae
1611 2519 1870 2586 misceri
1914 2541 2044 2585 non
2088 2518 2449 2600 verebatur,
2492 2521 2805 2586 eximium

870 2631 1028 2680 sane
1085 2608 1424 2693 speculum
1484 2607 1554 2670 in
1609 2626 1737 2690 quo
1793 2626 1863 2672 se
1923 2606 2166 2672 intueri
2221 2606 2411 2671 debet
2467 2607 2578 2689 qui
2625 2626 2807 2671 arro·

870 2697 1095 2785 gantia
1153 2705 1218 2760 et
1276 2692 1627 2758 insolentia
1691 2713 1766 2757 ao
1807 2691 2235 2759 contumacia·
2259 2691 2433 2775 pleni
2478 2692 2807 2774 proximos

870 2783 1060 2869 parvi
1103 2780 1314 2846 facere
1358 2790 1853 2844 consueverunt.

1040 2866 1185 2935 Iam
1243 2886 1402 2932 vero
1462 2863 1544 2929 ab
1585 2862 1792 2929 altera
1835 2872 2021 2947 parte
2062 2862 2503 2929 Ionathanum
2552 2863 2807 2928 intuea-

869 2977 1038 3035 mur,
1079 2951 1193 3037 qui
1235 2948 1559 3019 Davidem
1605 2950 2034 3033 cognoscebat
2077 2950 2142 3013 in
2179 2949 2300 3015 sibi
2339 2947 2623 3015 debitam
2661 2970 2805 3015 suc-

869 3042 1155 3108 cessione
1209 3046 1451 3103 sortem
1496 3035 1930 3101 evehendum.
2019 3034 2229 3100 Filius
2273 3045 2415 3101 erat
2458 3037 2663 3119 regis:
2724 3033 2805 3099 ad

869 3130 1079 3211 ipsum
1123 3144 1280 3208 ergo
1326 3122 1507 3205 regia
1550 3120 1834 3204 dignitas
1878 3121 2260 3205 pertinebat,
2306 3131 2375 3185 et
2402 3120 2807 3185 haereditate

870 3211 1299 3279 deferebatur.
1346 3207 1594 3292 Sponte
1634 3217 1854 3272 tamen
1891 3206 2081 3290 cedit,
2118 3213 2521 3290 compertum
2556 3205 2806 3270 habens

868 3301 994 3365 Dei
1040 3297 1370 3362 decretum
1417 3292 1498 3358 de
1519 3292 1782 3358 Davide
1802 3291 1887 3357 ad
1904 3293 2159 3376 regium
2182 3292 2420 3357 solium
2445 3290 2805 3358 evehendo.

871 3383 1106 3450 Procul
1171 3379 1368 3446 dubio
1432 3398 1566 3443 non
1632 3386 1905 3444 exuerat
1966 3377 2376 3444 Ionathanus
2440 3377 2806 3442 humanum

871 3490 1155 3545 sensum,
1199 3465 1310 3532 sed
1357 3473 1617 3530 tantum
1659 3464 1933 3549 profecit
1975 3466 2045 3529 in
2090 3462 2220 3529 Dei
2262 3463 2513 3540 timore,
2557 3472 2632 3528 ut
2673 3463 2809 3530 suis

873 3554 1206 3621 affectibus
1265 3550 1648 3636 praetulerit
1704 3550 1875 3636 quod
1933 3550 2176 3616 bonum
2233 3558 2301 3616 et
2343 3570 2625 3632 aequum
2668 3570 2810 3615 esse

872 3642 1001 3706 Dei
1057 3638 1292 3704 iudicio
1357 3638 1682 3720 cognovit.
1770 3635 1885 3703 Sic
1941 3636 2055 3702 ille
2118 3635 2335 3701 tenuit
2377 3656 2612 3701 sensus
2654 3655 2810 3701 suos

874 3726 1193 3808 captivos:
1261 3723 1509 3806 sibique
1567 3723 1691 3806 ipsi
1737 3724 1871 3787 vim
1918 3721 2071 3789 fecit
2113 3732 2179 3787 et
2220 3720 2366 3786 Deo
2407 3741 2655 3786 morem
2695 3741 2808 3804 ge·

875 3833 1027 3877 rens
1087 3810 1345 3874 exuerit
1398 3828 1670 3893 magnos
1713 3808 1860 3875 illos
1904 3808 2174 3884 animos,
2235 3808 2349 3891 qui
2395 3816 2629 3872 natura
2671 3806 2807 3889 ple-

876 3915 1148 3979 rumque
1213 3902 1371 3960 sunt
1433 3895 1497 3958 in
1565 3896 1859 3960 omnium
1927 3893 2267 3959 hominum
2328 3893 2566 3958 animis
2608 3892 2806 3956 insiti.

875 3982 979 4048 Ad
1026 3981 1198 4046 hanc
1240 3979 1668 4045 obedientiam
1712 3979 1896 4045 illum
1941 3978 2292 4062 plurimum
2337 3979 2542 4044 etiam
2583 3998 2809 4043 move-

877 4076 1033 4134 runt
1089 4066 1218 4132 Dei
1277 4064 1451 4130 dona
1506 4068 1575 4130 in
1633 4065 1894 4131 Davide
1944 4066 2311 4148 conspicua,
2371 4085 2539 4147 quae
2581 4066 2648 4129 in
2694 4064 2809 4129 illo

877 4157 1170 4220 honorat.
1258 4150 1401 4216 Illis
1472 4160 1723 4235 poterat
1795 4170 1876 4215 ex
1942 4151 2230 4216 humana
2287 4150 2540 4215 malitia
2597 4150 2808 4233 magis

873 4240 1137 4315 irritari,
1183 4235 1299 4302 sed
1332 4257 1407 4302 eo
1441 4238 1649 4319 magis
1684 4236 1900 4302 Deum
1936 4235 2180 4312 adorat,
2224 4238 2408 4303 cuius
2441 4236 2513 4300 in
2549 4235 2808 4299 Davide

873 4325 1147 4410 gloriam
1220 4334 1287 4388 et
1346 4323 1657 4386 virtutem
1714 4323 2022 4388 intuetur.
2109 4323 2217 4388 En
2274 4332 2345 4386 ut
2399 4321 2807 4388 Ionathanus

874 4413 1179 4495 cognovit
1232 4407 1557 4474 laudanda
1605 4407 1676 4471 in
1733 4405 1989 4474 Davide
2033 4407 2205 4473 dona
2250 4409 2394 4491 Dei,
2454 4427 2619 4490 quae
2665 4418 2808 4472 tan-

877 4510 1015 4562 tum
1060 4496 1243 4560 abest
1284 4507 1358 4559 ut·
1402 4514 1483 4560 ex
1529 4491 1881 4559 ambitione
1923 4506 1989 4560 et
2031 4492 2278 4558 invidia
2322 4493 2538 4557 doleat
2572 4494 2638 4556 in
2678 4494 2810 4558 Da·

879 4581 1093 4648 videm
1159 4578 1415 4657 collata,
1480 4590 1557 4644 ut
1622 4590 1847 4644 contra
1912 4600 2030 4663 pro
2097 4578 2373 4644 Davidis
2433 4577 2809 4643 defensione

876 4690 1007 4734 non
1059 4665 1250 4732 modo
1304 4686 1608 4731 coronam
1667 4664 1914 4748 regiam
1959 4663 2344 4747 relinquere,
2425 4663 2538 4730 sed
2606 4665 2806 4728 vitam

877 4755 1072 4818 etiam
1131 4749 1522 4836 profundere
1579 4763 1844 4834 paratus
1899 4751 2015 4814 sit:
2084 4750 2303 4816 Saulis
2361 4749 2565 4833 igitur
2609 4751 2809 4814 verba

876 4839 1022 4904 illa:
1086 4835 1387 4904 Omnibus
1428 4834 1645 4902 diebus
1687 4835 1910 4918 quibus
1948 4835 2123 4917 filius
2164 4834 2309 4901 Isai
2350 4836 2579 4900 vixerit
2618 4856 2810 4917 super

875 4929 1127 5006 terram,
1184 4943 1307 4987 non
1360 4920 1700 4988 stabaieris
1752 4927 1838 4999 tu,
1894 4942 2086 5004 neque
2126 4942 2382 5006 requam
2424 4926 2618 5001 tuum,
2680 4943 2807 4986 non

880 5007 1067 5075 modo
1111 5017 1395 5074 mentem
1440 5008 1645 5093 ipsius
1690 5029 1816 5072 non
1863 5008 2356 5085 labefactarunt,
2399 5006 2510 5072 sed
2556 5009 2626 5071 in
2666 5028 2811 5090 pro·

879 5096 1087 5160 dosito
1161 5096 1371 5178 magis
1452 5114 1527 5158 ac
1597 5094 1804 5176 magis
1868 5094 2355 5159 confirmarunt.
2443 5093 2614 5159 Nam
2682 5096 2806 5157 ait:

885 5182 1092 5263 Quare
1136 5179 1487 5246 morietur?
1544 5181 1726 5262 quasi
1767 5179 1957 5257 dieat,
2016 5177 2336 5262 quomodo
2381 5197 2642 5260 possum
2688 5199 2805 5261 ego

2471 276 2881 344 HOMILIA
2918 277 3243 344 LXXVI.
3984 222 3993 237 ι
4668 291 4760 355 330

2904 487 3218 551 regnare,
3340 489 3497 533 uum
3564 468 3709 533 Deo
3786 468 4005 533 visum
4085 471 4171 534 sit·
4236 471 4549 537 Davidem

2903 553 3332 619 constituere.
3385 553 3560 634 Quid
3605 554 3663 619 si
3708 551 3791 618 ad
3835 554 4044 636 patris
4065 553 4372 621 delictum
4417 577 4532 642 ego
4568 496 4761 627 ciffi

2903 639 3100 704 etiam
3168 636 3546 717 adiicerem,
3625 638 3780 722 quid
3858 658 3966 703 me
4041 641 4279 706 misero
4358 643 4575 708 fieret?
4642 646 4767 713 Hine

2901 734 3175 807 apparet
3195 725 3636 806 arrogantiam
3659 745 3806 790 cum
3830 722 4084 791 invidia
4104 728 4517 793 coniunctam
4539 730 4765 798 homines

2903 810 2972 874 in
3026 809 3198 875 feras
3257 820 3657 891 permutare;
3728 810 3809 874 ad
3885 830 4076 893 quem
4156 813 4439 879 furorem
4504 813 4768 883 devenisse

2902 894 3202 960 videmus
3239 895 3526 969 Saulem,
3569 916 3770 979 quum
3804 895 4245 962 Ionathanum
4269 897 4446 979 dicit,
4488 900 4767 984 adregim

2903 980 3290 1064 dignitatem
3338 1002 3670 1063 nunquam
3694 981 3823 1046 nisi
3856 1002 4045 1047 caeso
4072 981 4329 1048 Davide
4356 999 4769 1066 perventurum.

2904 1065 3080 1132 Hinc
3124 1067 3550 1132 admonemur
3593 1078 3669 1131 ut
3712 1069 3854 1131 sine
3897 1068 4413 1134 contradictione
4450 1070 4572 1136 Dei
4609 1072 4772 1137 volun-

2906 1153 3023 1216 tati
3087 1152 3270 1217 nobis
3328 1155 3687 1234 patefactae
3747 1174 3869 1218 nos
3921 1153 4099 1236 ipsos
4166 1155 4340 1220 ultro
4408 1156 4772 1223 subiiciamus

2905 1237 3074 1302 Nam
3120 1248 3187 1302 et
3229 1239 3516 1320 profecto
3559 1258 3677 1321 per
3720 1257 4150 1323 quaecunque
4195 1240 4386 1305 devia
4439 1242 4771 1307 aberraveri-

2905 1344 3051 1388 mus
3111 1334 3362 1388 certum
3432 1334 3533 1389 est
3608 1343 3728 1389 nos
3784 1323 3866 1390 ab
3932 1326 4073 1407 ipso
4131 1325 4212 1390 ad
4271 1345 4432 1392 suae
4490 1327 4773 1393 voluntatis

2905 1409 3347 1491 impletionem
3373 1408 3800 1486 reducendos,
3844 1422 3912 1474 et
3952 1410 4010 1473 si
4052 1412 4301 1476 centies
4330 1433 4593 1477 manum
4632 1415 4778 1497 ipsius

2906 1516 3025 1560 nos
3068 1515 3378 1561 evasuros
3421 1496 3923 1576 speraverimus,
3985 1507 4205 1562 tamen
4250 1497 4648 1564 cohibendos.
4701 1497 4778 1564 sio

2905 1579 3233 1662 improbos
3276 1594 3341 1645 et
3398 1594 3814 1647 contumaces
3870 1580 4169 1647 homines
4228 1583 4529 1648 videmus
4577 1586 4781 1666 quaevis

2907 1667 3150 1750 effugia
3204 1686 3547 1748 quaerere,
3620 1674 3697 1731 ut
3766 1687 3838 1732 se
3888 1669 4220 1750 potentiae
4277 1666 4406 1734 Dei
4466 1671 4780 1745 subducant,

2907 1773 3111 1835 eoque
3155 1772 3276 1817 sua
3319 1753 3538 1816 omnia
3595 1751 3867 1818 consilia
3923 1762 3992 1816 et
4046 1763 4316 1819 conatus
4375 1752 4663 1839 dirigere,
4706 1755 4785 1821 sed

2909 1846 3286 1903 excaecatos
3332 1838 3549 1903 furore
3590 1858 3724 1902 non
3762 1838 3986 1903 videre
4030 1859 4215 1903 suam
4264 1840 4711 1923 turpitudinem
4742 1856 4785 1905 et

2906 1932 3156 1988 temere
3200 1922 3460 2005 quidvis
3504 1942 3624 2007 pro
3668 1923 3938 1990 arbitrio
3981 1925 4326 2007 suscipere,
4372 1924 4620 2010 sibique
4656 1946 4786 2009 pros·

2909 2030 3139 2092 perum
3197 2030 3566 2075 successum
3622 2010 4024 2093 promittere.
4126 2011 4305 2076 Sane
4368 2010 4522 2076 illos
4588 2011 4787 2095 quidem

2909 2095 3094 2171 Deus
3137 2095 3218 2160 ad
3265 2104 3522 2177 tempus
3566 2094 3969 2177 triumphare
4012 2094 4189 2174 sinit,
4233 2095 4348 2162 sed
4384 2097 4484 2163 ita
4518 2104 4709 2162 tamen
4740 2110 4788 2160 ut

2911 2203 2981 2246 se
3026 2180 3236 2264 magis
3279 2181 3347 2244 in
3393 2181 3661 2263 laqueos
3706 2179 4086 2264 perditionis
4127 2179 4435 2261 induant,
4493 2191 4560 2249 et
4598 2203 4790 2247 summ

2911 2266 3291 2333 confusione
3334 2266 3711 2332 obruantur.
3802 2264 3951 2346 Quo
3997 2267 4198 2346 igitur
4240 2267 4596 2350 proclivior
4631 2280 4715 2332 est
4744 2268 4790 2330 in

2912 2352 3035 2417 hoc
3060 2354 3294 2416 vitium
3323 2351 3562 2434 lapsus,
3607 2371 3684 2414 eo
3723 2350 4116 2433 deligentius
4160 2352 4346 2419 nobis
4368 2353 4541 2419 haec
4562 2352 4794 2419 doctrina

2913 2436 3287 2503 meditanda
3359 2448 3490 2516 est,
3554 2447 3623 2502 et
3685 2438 3755 2501 in
3814 2458 4005 2503 usum
4065 2438 4471 2504 revocanda:
4540 2461 4612 2505 ae
4666 2450 4792 2503 certo
4908 2514 4909 2519 γ

2912 2523 3250 2591 sciendum
3299 2523 3420 2588 Dei
3467 2522 3764 2602 decretis,
3823 2522 3904 2588 de
3947 2524 4180 2604 quibus
4227 2524 4419 2589 nobis
4475 2523 4795 2601 constiterit,

2912 2621 3144 2693 sponte
3187 2607 3803 2690 obtemperandum:
3863 2608 4387 2691 quandoquidem
4440 2610 4607 2674 nihil
4645 2610 4794 2676 reluc-

2915 2694 3112 2760 tando
3176 2695 3641 2778 profecerimus
3715 2704 3782 2759 et
3852 2694 4075 2759 inania
4153 2694 4287 2758 sint
4352 2696 4581 2761 futura
4637 2694 4798 2760 omna
4912 2732 4913 2767 ;

2913 2780 3176 2866 effugia,
3222 2799 3611 2862 summaque
3653 2778 3785 2846 illis
3827 2780 4116 2845 confusio
4183 2781 4532 2846 immineat
4586 2782 4689 2863 qni
4718 2778 4796 2843 sd·

2916 2887 3143 2933 versus
3182 2865 3611 2932 irrevocabile
3634 2863 3905 2930 Domini
3926 2863 4261 2931 decretum
4284 2865 4538 2949 aliquid
4560 2885 4797 2949 suscepe-

2912 2953 3068 3019 rint.
3172 2951 3525 3021 Caeterum
3597 2959 3666 3016 et
3733 2951 3856 3018 hoc
3929 2950 4276 3036 diligenter
4340 2953 4699 3018 cavendum
4746 2971 4799 3015 ne

2912 3038 3101 3103 nobis
3158 3035 3651 3121 indignantibus
3706 3035 3836 3102 Dei
3899 3038 4202 3103 voluntas
4262 3040 4676 3121 perficiatur:
4722 3034 4799 3101 sed

2911 3122 3125 3188 danda
3166 3143 3364 3205 opera
3410 3136 3479 3189 ut
3523 3123 3699 3189 ultro
3756 3144 3876 3189 nos
3917 3123 4042 3206 ipsi
4084 3121 4230 3187 Deo
4288 3123 4718 3201 subiiciamus,
4758 3132 4802 3186 et

2908 3209 3115 3291 ipsius
3156 3207 3394 3275 iudicia
3438 3221 3618 3275 recta
3671 3221 3738 3275 et
3779 3209 3955 3275 iusta
3995 3228 4140 3274 esse
4194 3230 4464 3294 semper
4520 3210 4799 3283 fateamur,

2909 3295 3161 3360 etiamsi
3206 3314 3327 3361 nos
3372 3296 3513 3377 ipse
3554 3295 3774 3377 aliqua
3816 3294 4181 3378 ignominia
4222 3303 4291 3358 et
4334 3294 4651 3362 dedecore
4689 3292 4803 3359 affe-

2907 3383 3085 3448 cerit.
3151 3380 3254 3446 Ne
3298 3391 3642 3464 propterea
3685 3380 3955 3463 inquam
3982 3380 4107 3444 Dei
4152 3380 4521 3447 bonitatem
4565 3392 4629 3446 et
4663 3378 4801 3445 iusti·

2909 3467 3067 3531 tiam
3122 3465 3313 3531 fateri
3349 3464 3741 3543 desinamus,
3796 3466 3854 3531 si
3890 3465 3970 3531 ab
4006 3465 4148 3547 ipso
4176 3466 4489 3549 castigati
4526 3466 4803 3532 fuerimus,

2909 3551 3021 3617 sed
3067 3552 3283 3635 potius
3327 3573 3444 3618 nos
3487 3551 3567 3617 ad
3608 3551 3812 3634 ipsius
3847 3550 4255 3616 voluntatem
4290 3560 4479 3619 totos
4514 3570 4803 3634 compona-

2909 3659 3078 3702 mus.
3182 3636 3533 3703 Caeterum
3588 3639 3731 3703 Deo
3806 3636 4004 3703 talem
4074 3656 4114 3702 a
4172 3636 4360 3704 nobis
4421 3637 4803 3704 obedientiam

2911 3722 3282 3806 postulante
3337 3725 3656 3803 sciamus,
3727 3731 3953 3790 nostro
4023 3721 4091 3787 id
4151 3723 4321 3789 bono
4401 3734 4474 3789 et
4526 3719 4805 3789 commodo

2912 3809 3070 3875 fieri.
3158 3808 3329 3874 Nam
3389 3809 3447 3875 si
3506 3808 3589 3874 ad
3647 3821 3905 3892 tempus
3964 3808 4200 3887 deiicit,
4256 3810 4315 3874 si
4370 3808 4803 3875 calamitatibus

2910 3902 3191 3972 exercet,
3236 3904 3455 3959 tamen
3500 3895 3566 3958 in
3604 3904 3895 3959 nostram
3933 3894 4233 3971 salutem,
4273 3916 4699 3978 quaeeunque
4732 3912 4804 3957 ro·

2910 4000 3203 4065 pugnare
3239 3978 3645 4056 videbantur,
3690 4000 4168 4065 conversurum
4211 3979 4403 4046 illum
4452 3991 4691 4048 certum
4718 3990 4801 4042 est
4914 4030 4915 4067 ᾗ

2910 4062 3454 4149 Quandoquidem
3511 4065 3718 4150 igitur
3775 4067 3998 4131 variae
4056 4065 4205 4130 illae
4262 4067 4717 4151 castigationes
4758 4078 4803 4125 et
4914 4120 4915 4147 ¹

2910 4151 3300 4218 afflictiones
3363 4151 3434 4215 in
3497 4164 3788 4217 nostram
3850 4150 4198 4216 utilitatem
4277 4166 4344 4217 et
4422 4152 4801 4220 commodum
4914 4150 4915 4157 ’

2911 4238 3036 4302 Dei
3080 4237 3351 4304 consilio
3397 4236 3722 4315 feruntur,
3781 4258 3857 4302 eo
3920 4258 4037 4302 nos
4095 4237 4525 4318 procliviores
4583 4259 4705 4304 esse
4748 4230 4802 4297 sd

2914 4324 3036 4387 Dei
3097 4323 3561 4389 subiectionem
3623 4335 3690 4387 et
3743 4321 4175 4387 obedientiam
4234 4343 4355 4404 par
4417 4334 4544 4389 est.
4637 4322 4803 4402 Atque

2911 4409 3071 4474 haee
3129 4407 3424 4473 doctrina
3481 4429 3563 4473 ex
3623 4408 3838 4474 verbis
3892 4408 4024 4473 illis
4080 4408 4369 4473 eruenda
4428 4420 4566 4486 est,
4623 4407 4803 4491 quibu»

2911 4493 3315 4559 Ionathanus
3360 4492 3713 4577 agnovisse
3754 4492 3998 4559 dicitur
4016 4492 4363 4571 Davidem,
4411 4494 4573 4562 licet
4612 4491 4803 4560 oenum
4914 4492 4915 4495 ’

2910 4580 3361 4662 interfectum,
3422 4579 3849 4645 nihilominus
3908 4587 4128 4644 tamen
4186 4601 4391 4661 quum
4455 4600 4497 4644 a
4554 4579 4685 4644 Deo
4718 4594 4800 4640 rex

2911 4675 3084 4731 esset
3125 4664 3503 4750 designatus
3545 4664 3627 4730 ad
3671 4686 3995 4731 summam
4037 4665 4219 4729 illam
4265 4665 4661 4749 dignitatem
4695 4681 4800 4745 per·

2909 4760 3282 4830 venturum,
3326 4759 3394 4817 et
3436 4759 3773 4835 praeterea
3816 4771 4013 4833 quum
4060 4752 4198 4816 vita
4238 4751 4452 4834 ipsius
4500 4753 4569 4816 in
4590 4746 4797 4817 Domini

2910 4845 3084 4904 esset
3126 4838 3350 4914 tutela,
3393 4848 3459 4903 et
3482 4836 3664 4902 velut
3702 4838 3956 4902 alarum
3990 4837 4195 4918 ipsius
4229 4837 4469 4902 umbra
4508 4844 4798 4921 tegeretur.

2910 4924 3044 4989 fore
3088 4923 3379 4988 omnium
3403 4922 3740 4987 hominum
3765 4921 4078 4988 adversus
4120 4923 4338 5005 ipsum
4360 4920 4797 5008 insurgentium

2911 5008 3134 5074 irritos
3177 5018 3473 5075 conatus.

3083 5095 3397 5177 Sequitur
3472 5093 3915 5159 Ionathanum
3997 5093 4255 5160 venisse
4340 5095 4410 5159 in
4496 5090 4795 5178 periculum
4914 5156 4915 5161 ,

2912 5181 3159 5259 mortis,
3176 5180 3352 5263 quod
3366 5179 3528 5247 Saul
3551 5180 3844 5246 lanceam
3867 5178 4218 5262 arripuerit
4240 5200 4390 5245 eum
4406 5196 4795 5262 percussum
