5059 6059
318 320 434 389 249

322 510 480 577 nullo
520 505 702 572 modo
740 513 971 589 potest.
1058 505 1231 572 Nam
1266 508 1389 573 etsi
1424 507 1744 592 quaedam
1781 508 2219 574 excusationis

322 596 541 680 species
590 592 985 657 consuetudo
1042 604 1161 671 est,
1238 604 1456 660 tamen
1517 593 1761 659 malum
1827 615 1944 659 suo
2011 594 2218 678 gradu

323 700 551 763 semper
606 677 995 744 habendum.
1099 680 1277 760 Quid
1345 683 1555 758 enim,
1622 700 1896 762 quaeso,
1962 680 2219 745 causari

322 777 511 852 potest
532 764 791 840 Elcana,
839 766 1004 848 quin
1035 784 1191 830 suae
1235 766 1604 843 functionis,
1650 777 1811 849 puta
1850 765 2217 845 sacerdotii,

321 855 634 917 immemor
674 851 1136 916 sanctimoniae
1195 853 1511 916 terminos
1567 871 1867 935 egressus
1912 851 2180 918 dicatur.

308 989 313 996 .
467 935 786 1018 Sequitur,
845 941 1091 1002 venisse
1168 937 1354 1003 illum
1409 938 1663 1002 statutis
1717 936 1938 1003 diebus
1994 938 2220 1003 adora-

320 1026 524 1086 turum.
608 1022 767 1085 Dies
800 1021 1062 1104 quidam
1098 1043 1217 1106 pro
1254 1025 1443 1088 annis
1465 1023 1808 1104 accipiunt.
1898 1021 2032 1088 Sed
2057 1022 2217 1087 mihi

318 1126 437 1169 non
488 1108 558 1171 fit
613 1107 988 1184 verisimile,
1048 1108 1469 1174 sacerdotalis
1508 1107 1756 1174 ordinis
1800 1108 1974 1173 viros
2019 1108 2216 1173 semel

317 1193 377 1255 in
413 1212 574 1257 anno
614 1200 871 1258 tantum
916 1194 985 1257 in
1026 1195 1396 1261 sanctuario
1428 1194 1882 1278 comparuisse,
1929 1192 2218 1276 quando-

316 1277 553 1360 quidem
601 1277 729 1341 tria
785 1279 1100 1344 solemnia
1144 1281 1308 1346 festa
1351 1280 1629 1365 legimus
1671 1279 2008 1344 annuatim
2054 1280 2219 1346 cele-

318 1362 534 1428 branda
586 1363 791 1430 fuisse
842 1387 881 1430 a
941 1366 1221 1432 Domino
1282 1368 1654 1433 constituta.
1744 1369 1838 1429 At
1895 1365 1953 1430 si
2011 1365 2218 1432 tribus

314 1450 577 1533 singulas
617 1452 909 1533 oportuit
948 1451 1079 1515 illis
1124 1452 1304 1516 festis
1349 1474 1491 1519 sese
1535 1471 1750 1517 coram
1789 1449 1932 1515 Deo
1970 1451 2217 1532 sistere,

313 1554 381 1599 ac
427 1537 628 1601 Deum
692 1535 894 1601 veluti
954 1537 1400 1602 lustrationem
1455 1537 1560 1603 sui
1619 1536 1838 1620 populi
1896 1537 2215 1616 venerari,

302 1620 627 1704 *palamque
716 1622 965 1687 cultum
1031 1622 1206 1690 illius
1270 1632 1342 1688 et
1406 1623 1841 1688 obedientiam
1906 1623 2215 1705 profiteri,

311 1725 527 1789 suaque
580 1720 848 1789 peecata
896 1710 1283 1774 confitentes
1337 1710 1844 1775 misericordiam
1896 1708 2035 1774 eius
2104 1707 2215 1773 de-

310 1792 558 1874 precari:
603 1793 764 1875 quid
801 1793 1167 1860 sacerdotes
1204 1795 1434 1872 decuit,
1472 1815 1631 1879 quos
1666 1815 1807 1859 esse
1845 1813 2213 1876 praecones,

313 1878 589 1959 populum
664 1877 751 1943 ad
821 1878 1256 1946 obedientiam
1330 1882 1470 1946 Deo
1534 1879 1932 1945 reddendam
1989 1880 2212 1945 cohor·

309 1973 496 2028 tantos
551 1974 617 2030 et
675 1986 797 2030 suo
856 1967 1154 2048 exemplo
1209 1968 1576 2042 incitantes,
1647 1964 1976 2050 oportuit?
2039 1963 2215 2046 Qua-

307 2059 538 2130 propter
591 2071 726 2114 non
791 2060 891 2116 est
949 2052 1302 2117 verisimile
1359 2053 1557 2118 semel
1614 2053 1684 2117 in
1742 2071 1912 2116 anno
1957 2059 2213 2117 tantum

308 2132 585 2200 Elcanam
644 2137 719 2200 in
766 2134 905 2202 Silo
949 2138 1371 2204 adoraturum
1415 2138 1634 2203 Deum
1680 2137 1957 2217 venisse,
2017 2157 2215 2219 quum

306 2222 651 2301 praesertim
704 2243 835 2286 non
925 2224 1104 2289 rocul
1149 2224 1420 2304 abesset,
1466 2233 1541 2289 ut
1581 2224 1691 2307 qui
1734 2243 1775 2288 a
1819 2222 2216 2288 Levi=duce-

304 2313 395 2369 ret
445 2306 784 2391 originem.
938 2308 1154 2374 uidam
1208 2331 1363 2395 ergo
1422 2319 1656 2394 putant
1698 2308 1886 2373 illum
1929 2316 2216 2373 extraor-

304 2390 596 2457 dinarium
678 2394 1068 2460 sacrificium
1145 2406 1406 2478 praeter
1477 2416 1553 2460 ea
1610 2416 1777 2478 quae
1829 2414 1868 2458 a
1925 2394 2214 2459 Domino

300 2476 847 2561 praecipiebantur
904 2482 1163 2547 venisse
1218 2482 1555 2547 annuatim
1599 2481 1989 2545 oblaturum.
2078 2477 2213 2544 Sed

301 2562 434 2644 quid
478 2563 751 2645 impedit
793 2567 1140 2648 quominus
1182 2589 1298 2652 per
1343 2568 1502 2633 haec
1541 2566 1742 2634 verba
1775 2574 2055 2631 statutos
2076 2564 2212 2631 dies

300 2646 427 2713 illos
478 2649 926 2734 intelligamus
1030 2674 1143 2718 uos
1198 2652 1384 2720 Deus
1437 2673 1477 2718 a
1532 2652 1769 2736 populo
1813 2651 2096 2716 iusserat
2139 2650 2211 2714 in

302 2731 425 2817 lege
460 2734 799 2802 observari
844 2737 926 2802 ad
1017 2737 1262 2804 ebitum
1311 2737 1436 2822 ipsi
1472 2739 1721 2806 cultum
1755 2735 2210 2803 reddendum?

298 2818 447 2883 Nam
503 2821 693 2887 nobis
738 2821 848 2888 hic
888 2823 1152 2906 quidem
1193 2824 1442 2892 Elcana
1482 2824 1893 2909 proponitur,
1950 2842 2085 2889 non
2130 2822 2213 2889 ab

298 2906 455 2969 omni
510 2907 710 2990 culpa
762 2905 1031 2993 alienus,
1109 2909 1284 2993 quod
1341 2911 1614 2977 alteram
1672 2929 1944 2975 uxorem
2009 2907 2211 2991 priori

295 2991 861 3075 superinduxisset,
884 3016 1115 3060 verum
1140 3007 1359 3062 tamen
1383 3018 1516 3062 non
1541 3003 1616 3061 ιιι
1636 2995 1765 3061 Dei
1786 3002 2213 3077 contemptor,

296 3077 392 3157 qui
447 3079 800 3161 superfluis
858 3082 1191 3148 sacrificiis
1247 3083 1460 3148 Deum
1522 3082 1763 3149 coleret
1814 3088 1882 3146 et
1934 3099 2210 3145 venera-

294 3172 472 3228 retur.
559 3164 773 3230 Porro
838 3164 1127 3234 adoratio
1198 3167 1313 3233 illa
1375 3169 1501 3234 fuit
1568 3168 1828 3252 publica
1896 3165 2212 3251 professio

292 3247 509 3329 populi,
575 3270 648 3316 se
708 3271 826 3316 sua
880 3253 1100 3318 omnia
1155 3254 1299 3319 Deo
1359 3254 1474 3319 uni
1533 3253 1767 3321 debere
1823 3250 2211 3329 confitentis,

290 3335 510 3414 gratias
573 3335 787 3401 eidem
846 3336 926 3402 de
969 3345 1070 3403 tot
1110 3337 1439 3407 beneflciis
1480 3340 1756 3424 agentis,
1826 3337 2212 3419 veniamque

291 3430 683 3500 peccatorum
750 3420 1179 3510 deprecantis,
1247 3435 1314 3490 et
1369 3445 1441 3491 se
1496 3425 1579 3491 ad
1640 3426 1764 3491 Dei
1807 3424 2212 3490 voluntatem

292 3504 472 3571 vitam
563 3510 1080 3589 compositurum
1160 3511 1545 3594 pollicentis.
1636 3511 1874 3577 Posset
1950 3508 2211 3592 quidem

293 3587 436 3657 haec
511 3592 917 3660 adorationis
982 3596 1258 3662 materia
1320 3596 1621 3681 pluribus
1684 3595 2018 3679 explicari,
2097 3593 2209 3659 sed

290 3676 552 3743 multum
593 3679 1063 3763 profecerimus
1098 3681 1157 3748 si
1192 3682 1353 3750 haec
1386 3682 1631 3749 nostris
1656 3683 1859 3748 infixa
1881 3680 2213 3746 mentibus

294 3758 563 3830 doctrina
606 3765 874 3849 penitus
913 3765 1217 3847 haeserit,
1262 3788 1461 3852 quam
1507 3767 1589 3834 ad
1634 3768 1795 3835 haec
1838 3766 1966 3832 tria
1999 3766 2212 3849 capita

291 3847 714 3917 sublevandae
797 3853 1146 3919 memoriae
1227 3863 1487 3921 nostrae
1566 3873 1764 3920 causa
1833 3853 2209 3919 referamus.

296 3929 591 4019 Primum,
653 3946 730 4002 ut
776 3935 995 4003 Deum
1042 3939 1374 4006 adoraturi
1418 3960 1538 4007 nos
1582 3939 1675 4005 illi
1720 3949 1948 4004 nostra
1991 3937 2213 4004 omnia

295 4015 507 4116 debere
540 4043 995 4107 agnoscamus,
1042 4034 1108 4090 et
1143 4026 1388 4110 gratias
1424 4025 1505 4092 de
1537 4025 1907 4110 praeteritis
1942 4031 2213 4108 agentes

291 4124 353 4167 ιιι
404 4117 735 4188 posterum
798 4108 1117 4175 donorum
1173 4112 1314 4178 eius
1368 4112 1774 4179 incrementa
1817 4110 2086 4185 maiora,
2145 4117 2213 4174 et

290 4186 353 4252 in
388 4195 705 4278 angustiis
750 4216 823 4262 ac
869 4193 1358 4263 difficultatibus
1401 4197 1717 4264 auxilium
1767 4195 2209 4281 imploremus.

288 4275 593 4360 Alterum,
650 4288 729 4345 ut
771 4280 1095 4366 supplices
1138 4291 1208 4348 et
1251 4291 1562 4367 tanquam
1607 4284 1702 4349 rei
1746 4289 2011 4366 peccata
2055 4301 2208 4347 con-

288 4360 533 4430 fitentes
570 4386 933 4450 precemur,
979 4376 1055 4433 ut
1098 4389 1322 4434 veram
1360 4377 1772 4452 peccatorum
1809 4367 2209 4452 agnitionem

286 4455 345 4510 et
382 4450 901 4534 resipiscentiam
948 4453 1134 4520 nobis
1179 4454 1515 4541 largiatur,
1575 4475 1650 4520 ac
1692 4453 1908 4520 nostri
1949 4453 2209 4519 veniam

287 4530 765 4616 deprecantium
810 4538 1217 4606 misereatur.
1306 4541 1604 4606 Tertium
1653 4540 1932 4624 denique
1974 4547 2051 4604 ut
2094 4558 2210 4603 nos

282 4617 611 4716 abnegatis
658 4624 842 4690 nobis
884 4624 1063 4707 ipsis,
1126 4632 1195 4690 et
1234 4626 1446 4709 ipsius
1491 4628 1559 4692 in
1604 4625 1912 4692 humeros
1954 4634 2210 4707 recepto

287 4724 453 4791 iugo,
530 4710 817 4774 debitam
861 4709 1293 4777 obedientiam
1338 4711 1432 4778 illi
1491 4711 1780 4789 reddere,
1847 4720 1912 4777 et
1954 4717 2211 4776 nostras

284 4793 700 4875 cogitationes
760 4804 827 4860 et
881 4796 1153 4863 affectus
1212 4797 1292 4862 ad
1338 4797 1504 4882 legis
1547 4799 1753 4881 ipsius
1797 4815 2095 4861 normam
2144 4802 2212 4860 et

287 4878 679 4946 voluntatem
723 4881 981 4947 unicam
1033 4904 1422 4966 componere
1463 4893 1724 4969 paratos
1769 4884 2210 4967 profiteamur.

285 4959 532 5042 Quibus
588 4976 656 5032 et
696 4967 876 5033 istud
920 4967 1355 5035 adiiciendum
1397 4981 1518 5048 est,
1584 4990 1770 5036 veros
1814 4969 1942 5035 Dei
1986 4966 2210 5031 adora·

284 5055 446 5115 tores
505 5063 806 5135 oportere
862 5075 1104 5121 vacuos
1162 5075 1202 5120 a
1254 5057 1474 5138 pravis
1535 5055 1834 5121 omnibus
1878 5051 2210 5138 cogitatio·

288 5132 469 5201 nibus
510 5146 580 5202 et
623 5139 789 5206 odiis
833 5161 994 5220 esse,
1040 5140 1096 5206 si
1137 5140 1308 5206 ritus
1351 5162 1427 5207 ac
1471 5142 1913 5208 caeremonias
1953 5136 2209 5223 quasin

288 5222 648 5289 venerando
703 5225 847 5292 Deo
900 5226 1271 5306 observant,
1330 5247 1449 5311 pro
1504 5227 1679 5294 veris
1722 5237 1786 5292 et
1829 5244 1962 5292 non
2007 5224 2210 5291 simu-

1644 319 1745 385 m
1788 319 1845 385 1.
1890 319 2071 386 ms.
2112 317 2515 387 sanum..
2564 319 2763 386 oAP.
2808 319 2866 385 ι.

4121 321 4258 387 250

2321 508 2472 574 latis
2509 508 2735 574 haberi
2772 508 3020 592 volunt,
3055 508 3415 576 cuiusmodi
3449 517 3624 588 sunt,
3661 531 3946 595 genuum
3970 511 4257 592 inflexio,

2321 615 2637 660 manuum
2677 604 2790 660 aut
2824 593 3161 660 oculoru-m
3197 597 3268 661 in
3312 597 3523 662 coelos
3555 596 3853 675 clevatio,
3909 609 3975 662 et
4024 598 4261 664 similia

2321 700 2487 762 quae
2524 678 2606 745 ad
2646 701 2875 745 verum
2912 683 3106 745 finem
3146 683 3302 747 ferri
3338 681 3594 748 debent.
3682 681 3852 748 Nam
3891 685 4261 766 hypocritas

2319 777 2574 832 certum
2654 781 2754 830 est
2830 766 3148 849 plurimas
3225 767 3592 833 istiusmodi
3668 771 4107 834 caeremonias
4192 780 4259 836 et

2318 861 2544 935 gestus
2588 850 2896 917 adhibere
2939 852 3007 916 in
3052 852 3386 918 adorando
3430 856 3861 932 consuevisse,
3907 855 4256 938 multisque

2319 937 2670 1002 eiulatibus
2714 936 2928 1002 Deum
2976 938 3056 1002 ad
3095 959 3166 1004 se
3201 939 3672 1022 quodammodo
3701 940 4004 1022 pellicere
4027 940 4254 1022 videri,

2317 1024 2500 1104 quasi
2560 1036 2747 1088 extra
2803 1043 2874 1087 se
2934 1024 3192 1106 positos,
3251 1045 3452 1108 quum
3506 1035 3725 1091 tamen
3769 1026 4048 1090 internis
4091 1026 4257 1094 odiis

2318 1129 2395 1174 ac
2477 1108 2918 1174 simultatibus
2998 1108 3327 1194 laborent,
3426 1131 3502 1176 ac
3589 1110 3924 1195 religionis
3995 1121 4255 1178 tantum

2320 1194 2581 1258 nomine
2646 1215 2833 1259 suam
2893 1194 3267 1276 hypocrisin
3307 1206 3554 1280 tegant.
3646 1194 3865 1277 Quare
3910 1196 4257 1282 diligenter

2320 1279 2495 1344 istud
2543 1278 3017 1345 observandum
3067 1289 3196 1346 est:
3240 1282 3455 1347 Deum
3502 1303 3633 1347 non
3679 1292 3933 1348 tantum
3981 1283 4150 1350 velle
4185 1305 4256 1350 se

2320 1365 2612 1432 invocari
2670 1376 2783 1430 aut
2841 1365 3118 1445 adorari,
3176 1366 3288 1431 sed
3331 1367 3626 1432 maxime
3660 1368 4141 1451 simplieitatem
4190 1377 4257 1436 et

2316 1452 2761 1536 integritatem
2819 1452 2886 1515 in
2934 1450 3309 1517 adoratione
3353 1453 3700 1538 requirere.
3788 1454 4032 1519 Fateor
4074 1457 4256 1538 equi·

2318 1536 2463 1601 dem
2526 1559 2652 1602 non
2714 1553 2956 1620 paucos
2999 1536 3221 1602 Deum
3267 1542 3580 1604 bonorum
3625 1542 3917 1604 omnium
3963 1539 4254 1606 datorem

2316 1643 2393 1688 ao
2439 1622 2814 1706 largitorem
2863 1643 3232 1707 agnoscere,
3292 1643 3367 1690 ac
3412 1643 3482 1689 se
3527 1635 3838 1708 tanquam
3882 1638 4256 1709 peccatores

2317 1710 2456 1774 eius
2514 1707 2771 1786 iudicio,
2833 1709 3109 1792 gratiam
3171 1728 3247 1775 ac
3289 1709 3798 1776 misericordiam
3864 1732 3981 1792 per
4025 1713 4254 1777 Domi-

2314 1811 2472 1859 num
2531 1802 2831 1858 nostrum
2890 1794 3108 1858 Iesum
3155 1794 3494 1860 Ohristum
3541 1797 3935 1879 flagitantes,
3985 1797 4252 1863 sistere:

2315 1889 2512 1962 atque
2573 1900 2643 1945 se
2701 1879 2834 1945 illis
2894 1879 3216 1963 regendos
3288 1881 3491 1947 verbo
3571 1881 3861 1960 tradere,
3930 1903 4252 1948 summam

2317 1965 2752 2034 humilitatem
2824 1963 3098 2048 denique
3170 1987 3328 2050 prae
3392 1988 3461 2032 se
3517 1968 3721 2033 ferre:
3803 1977 4253 2034 verumtamen

2315 2051 2646 2135 ingratum
2701 2050 2889 2115 illum
2934 2049 3080 2116 Deo
3126 2053 3374 2119 cultum
3418 2073 3558 2118 esse
3602 2052 3765 2137 dico,
3823 2053 3994 2137 quod
4040 2053 4254 2121 verbis

2315 2146 2381 2200 et
2455 2137 2748 2201 externis
2817 2135 2948 2202 illis
3023 2137 3254 2203 ritibus
3324 2155 3435 2204 cor
3506 2138 3776 2204 minime
3845 2139 4251 2223 respondeat.

2315 2221 2494 2287 'Palis
2540 2221 2668 2286 fuit
2719 2221 3062 2289 Peninnae
3121 2222 3443 2290 secundae
3488 2223 3776 2291 Elcanae
3835 2226 4060 2291 uxoris
4102 2225 4253 2291 reli·

2316 2307 2442 2391 gio.
2532 2306 2758 2388 Quare
2799 2307 2987 2374 nobis
3021 2309 3089 2374 in
3137 2309 3260 2375 hoc
3303 2308 3733 2375 laborandum
3779 2331 3862 2375 ne
3906 2310 3989 2375 ad
4032 2310 4252 2376 Deum

2314 2391 2661 2458 colendum
2705 2392 3089 2460 accedamus
3132 2415 3282 2461 cum
3327 2395 3652 2479 hypocrisi
3697 2405 3765 2461 et
3805 2396 4255 2463 simulatione:

2314 2488 2514 2562 atque
2593 2477 2754 2543 adeo
2820 2481 3009 2546 nobis
3078 2480 3417 2547 ecclesiam
3489 2481 4044 2565 ingredientibus,
4125 2483 4255 2550 Dei

2314 2565 2595 2630 verbum
2652 2563 2971 2631 audituris
3028 2574 3097 2631 et
3159 2585 3385 2648 preces
3426 2569 3857 2651 concepturis,
3924 2568 4051 2633 tria
4093 2567 4256 2634 haec

2316 2649 2686 2715 necessaria
2720 2651 3110 2733 cogitemus:
3156 2651 3474 2730 Primum,
3511 2653 4000 2737 agnoscendum
4033 2652 4254 2719 Deum
4349 2695 4352 2698 Δ

2314 2735 2633 2801 bonorum
2680 2737 2970 2801 omnium
3023 2738 3286 2803 unicum
3326 2747 3676 2816 auctorem,
3719 2749 3796 2803 ut
3830 2759 4254 2824 quaecunque

2316 2821 2686 2905 accepimus
2753 2820 2924 2887 bona
3000 2823 3115 2887 uni
3179 2822 3279 2887 illi
3346 2833 3608 2906 accepta
3672 2823 3983 2908 feramus,
4055 2845 4131 2891 ac
4183 2826 4254 2890 in

2314 2915 2650 2989 posterum
2695 2905 2779 2971 ab
2821 2927 2898 2973 eo
2953 2927 3072 2974 nos
3137 2908 3279 2990 regi
3352 2920 3653 2991 petamus
3674 2957 3689 2987 ,
3770 2918 3849 2974 ut
3916 2931 4254 2993 nunquam

2314 2991 2501 3059 nobis
2553 2991 2715 3076 ipsis
2761 2994 3237 3076 permittamur.
3327 2993 3659 3075 Alterum,
3716 2995 3812 3061 sic
3845 2997 4254 3080 agnoscenda

2314 3098 2536 3144 coram
2611 3079 2752 3145 eius
2824 3081 3163 3145 maiestate
3217 3088 3500 3164 peccata,
3573 3091 3649 3145 ut
3702 3080 3761 3146 si
3817 3080 4252 3148 conscientiae

2314 3164 2635 3236 morsibus
2674 3186 2985 3249 urgemur
3029 3165 3237 3250 magis
3284 3185 3362 3232 ac
3403 3166 3614 3247 magis
3656 3165 4056 3245 deiiciamur,
4100 3187 4250 3232 nos·

2315 3259 2612 3332 tramque
2669 3252 3010 3333 penuriam
3029 3299 3044 3329 ,
3123 3259 3495 3333 egestatem,
3575 3251 3905 3317 miseriam
3949 3250 4251 3335 denique,

2313 3335 2370 3400 si
2439 3355 2561 3400 sua
2633 3334 3076 3403 misericordia
3132 3357 3265 3402 non
3327 3338 3528 3422 iuvet,
3603 3339 3935 3404 intuentes
3989 3338 4252 3405 veniam

2314 3419 2755 3503 deprecemur.
2858 3422 3163 3505 Denique
3241 3422 3413 3506 quod
3457 3443 3497 3488 a
3537 3435 3776 3489 natura
3834 3431 4019 3489 tanta
4076 3423 4252 3490 labo-

2313 3525 2539 3574 ramus
2584 3505 2964 3586 diffidentia,
3010 3519 3083 3574 nt
3125 3509 3350 3591 potius
3391 3508 3467 3573 in
3507 3529 3628 3574 nos
3670 3510 3834 3574 iram
3880 3508 4024 3574 eius
4056 3527 4252 3592 quam

2310 3591 2608 3658 favorem
2667 3613 3124 3676 provocemus,
3198 3593 3369 3659 hanc
3440 3594 3890 3660 infirmitatem
3950 3594 4252 3677 corrigat,

2312 3696 2565 3759 suaque
2631 3679 2878 3745 virtute
2935 3678 3031 3746 sic
3085 3677 3474 3761 corroboret,
3547 3689 3620 3746 ut
3677 3682 3818 3747 eius
3872 3682 4030 3766 iugo
4085 3680 4257 3746 colla

2311 3760 2729 3831 subiicientes
2782 3774 2848 3830 et
2919 3763 3003 3829 ad
3074 3764 3505 3830 obedientiam
3579 3787 3699 3832 nos
3770 3776 4253 3851 componentes,

2313 3849 2597 3933 gratiam
2641 3870 2717 3916 ac
2760 3851 3021 3917 veniam
3074 3851 3318 3916 maiore
3362 3850 3599 3917 fiducia
3635 3872 3757 3918 nos
3791 3851 4254 3936 impetraturos

2311 3954 2671 4018 speremus.
2780 3935 3131 4002 Caeterum
3204 3935 3602 4003 solemnibus
3677 3937 3980 4021 precibus
4058 3938 4254 4004 etiam

2312 4020 2629 4086 sacrificia
2664 4020 2771 4087 hic
2806 4021 3269 4105 adiunguntur,
3322 4030 3397 4086 ut
3432 4022 3744 4089 Elcanam
3781 4023 4025 4107 populo
4070 4044 4254 4107 prae·

2312 4106 2627 4190 scriptum
2675 4128 2716 4172 a
2739 4108 2881 4173 Deo
2924 4107 3173 4173 cultum
3220 4108 3345 4172 rite
3389 4116 3456 4172 et
3491 4106 3842 4192 diligenter
3875 4109 4255 4175 observasse

2312 4210 2798 4275 cognoscamus.
2887 4194 3100 4259 Porro
3154 4193 3361 4259 fateor
3420 4215 3554 4258 non
3610 4215 3728 4278 per
3781 4215 3852 4261 se
3895 4195 4101 4261 fuisse
4143 4194 4255 4259 illa

2312 4278 2695 4358 necessaria,
2754 4277 2867 4344 sed
2928 4280 3110 4344 Dens
3163 4278 3278 4344 illa
3320 4277 3762 4347 sublevandae
3805 4280 4030 4365 populi
4074 4278 4251 4345 rudi-

2312 4363 2433 4427 tati
2506 4371 2575 4427 et
2644 4364 3010 4430 infirmitati
3069 4366 3595 4448 praescripserat.
3686 4363 3911 4446 Quare
3969 4365 4254 4448 oportuit

2313 4449 2630 4515 Ellcanam
2689 4449 3008 4517 sacrificia
3065 4451 3208 4516 Deo
3249 4451 3628 4517 offerentem
3672 4452 3744 4516 in
3787 4450 3866 4516 id
3908 4451 4074 4535 quod
4112 4460 4255 4515 erat

2313 4536 2378 4599 in
2427 4535 2764 4601 sacrificiis
2811 4536 3007 4621 longe
3047 4536 3467 4620 praecipuum
3513 4537 3778 4617 intueri,
3821 4548 3983 4620 puta
4025 4555 4253 4602 veram

2312 4631 2380 4685 et
2458 4639 2692 4703 puram
2772 4622 2915 4688 sine
2989 4621 3318 4706 hypocrisi
3390 4622 3851 4688 adorationem.
3952 4621 4253 4704 Namque

2313 4707 2497 4771 Deus
2529 4716 2608 4771 ut
2663 4707 2874 4791 legem
2928 4728 3136 4785 suam,
3188 4717 3256 4775 et
3312 4708 3624 4792 populum
3679 4707 3749 4773 in
3795 4708 3956 4772 inito
3996 4705 4254 4773 foedere

2313 4791 2525 4876 magis
2568 4811 2645 4858 ac
2690 4794 2901 4878 magis
2945 4795 3379 4874 confirmaret,
3424 4794 3739 4859 sacrificia
3774 4792 4075 4876 precibus
4109 4812 4257 4857 con·

2311 4876 2640 4957 iunxerat,
2676 4886 2752 4943 ut
2784 4886 3199 4963 peccatorum
3229 4880 3465 4945 seriam
3491 4879 3946 4944 contritionem
3970 4878 4257 4961 gratuita

2313 4961 2607 5028 remissio
2651 4973 3053 5047 sequeretur,
3114 4985 3311 5049 quam
3357 4965 3672 5030 sacrificia
3716 4963 4252 5029 testificabantur.

2314 5046 2539 5129 Quare
2573 5048 2655 5113 ad
2691 5051 3095 5134 spiritualem
3136 5050 3578 5117 adorationem
3618 5070 3878 5116 necesse
3901 5049 4031 5114 fuit
4053 5049 4254 5115 etiam

2312 5135 2782 5201 confessionem
2904 5135 3180 5203 ublicam
3240 5144 3652 5220 peccatorum
3714 5134 4039 5201 accedere.
4141 5132 4255 5202 Sic

2315 5219 2510 5285 hodie
2555 5240 2673 5287 nos
2718 5222 2801 5287 ad
2915 5222 2975 5288 ei
3020 5223 3266 5288 cultum
3313 5230 3382 5286 et
3415 5221 3718 5287 timorem
3753 5221 4010 5288 incitari
4046 5240 4258 5288 sacra·
