5059 6059
285 339 398 404 421

793 522 1292 607 HOMILIA
1338 521 1676 605 LXXX.

1563 331 1659 397 IN
1703 333 1760 399 I.
1807 332 1986 400 LIB.
2031 331 2437 401 SAMUEL.
2485 333 2686 400 CAP.
2732 334 2964 400 XXII.

4140 338 4271 404 422

2314 520 2489 605 apud
2535 519 2808 589 Saulem
2869 543 2909 587 a
2950 522 3182 607 Doego
3237 522 3503 604 sciebat,
3563 533 3968 609 mortemque
4027 526 4152 592 sibi
4197 527 4270 594 in

2312 608 2530 691 specie
2572 610 3029 674 imminentem
3065 607 3366 674 videbat:
3412 619 3633 675 tamen
3670 611 3753 675 ad
3789 611 4008 677 Deum
4044 631 4270 680 assur-

438 697 498 762 6.
542 695 632 761 Et
687 694 934 762 audivit
994 692 1160 760 Saul
1214 693 1384 775 quod
1438 693 1845 775 apparuisset
1893 694 2114 760 David
2157 699 2212 762 et
2313 713 2484 776 gere,
2529 703 2600 759 et
2640 695 2712 760 in
2756 694 2900 779 ipso
2942 693 3252 761 fiduciam
3295 715 3486 760 suam
3528 696 3844 763 collocare
3888 717 4019 763 non
4064 698 4269 766 desti-

278 784 398 852 oiri
436 783 547 865 qui
588 786 766 848 eraut
805 800 947 846 cum
988 800 1076 846 eo.
1137 778 1297 845 Saul
1339 783 1546 845 autem
1587 799 1784 862 quum
1823 785 2100 846 maneret
2140 781 2211 846 iu
2314 780 2430 845 tit:
2487 779 2663 864 quod
2712 801 2798 845 ex
2851 780 3044 845 initio
3087 779 3345 846 Psalmi
3383 779 3473 846 52
3532 784 3698 850 satis
3742 792 4017 882 apparet
4058 805 4267 868 quum

283 868 517 947 sabaa,
560 874 615 933 et
656 867 922 933 essetin
963 866 1542 947 morequodest
1583 865 1919 946 inRama,
1961 865 2213 933 hastam

277 975 463 1021 manu
503 961 734 1034 tenens,
788 953 1110 1035 cunctique
1150 953 1319 1018 servi
1360 952 1499 1017 eius
1539 952 2008 1019 circaemtstarmt
2050 973 2211 1035 etun,

275 1040 1080 1121 aitadservossuosqui
1134 1036 1512 1103 assistebant
1560 1038 1654 1104 ei.-
1735 1038 1794 1104 7.
1839 1038 2214 1105 Auditeme

273 1147 427 1193 mc
457 1126 587 1208 filii
625 1125 895 1192 Iemini.-
937 1123 1246 1207 numquid
1286 1122 1573 1189 omibus
1611 1124 1785 1190 vobis
1824 1125 1996 1190 dabit
2032 1124 2212 1207 filius

275 1214 412 1279 Bai
452 1232 642 1297 ayros
682 1217 740 1277 et
779 1212 1018 1291 vineas,
1061 1215 1120 1276 et
1163 1210 1491 1276 universos
1524 1229 1635 1276 vos
1671 1211 1865 1292 faciet
1905 1210 2210 1292 tribunos,

272 1303 326 1365 et
361 1297 790 1365 centuriones?
855 1297 915 1363 8.
968 1296 1281 1379 Quoniam
1321 1295 1705 1362 contiwrastis
1744 1316 1954 1362 munes
1989 1298 2213 1363 adver·

268 1404 402 1451 sum
461 1404 581 1463 me,
646 1389 705 1450 et
765 1404 890 1449 nou
945 1387 1035 1449 eat
1076 1384 1188 1464 qui
1230 1381 1391 1447 mihi
1431 1384 1771 1462 renunciet,
1835 1384 2114 1449 maxime
2155 1388 2213 1450 et

265 1470 436 1552 filius
474 1490 655 1536 meus
693 1470 919 1553 foedus
960 1468 1176 1534 inierit
1214 1488 1355 1534 cum
1393 1466 1530 1547 filio
1553 1467 1748 1533 Isai?
1793 1468 1945 1535 Nou
1977 1474 2069 1535 est
2099 1470 2213 1553 qui

266 1555 448 1623 vicem
489 1576 698 1621 meam
738 1555 941 1621 doleat
981 1552 1250 1620 exoobis
1284 1554 1396 1635 qui
1424 1554 1916 1620 anuntietmihi:
1956 1554 2213 1638 eoquod

265 1642 654 1709 mussitaverit
691 1641 875 1723 silius
916 1661 1094 1707 meus
1135 1660 1385 1706 servum
1425 1659 1632 1704 meum
1671 1641 2004 1706 adversum
2047 1642 2212 1707 iusi·

264 1729 534 1794 diantem
567 1727 1009 1830 uosque-hodie.
1069 1726 1131 1792 9.
1180 1725 1590 1807 Respondeas
1620 1726 2032 1826 atatemDoeq
2055 1728 2212 1794 Idu·

261 1834 471 1981 ss?
505 1813 1013 1984 ww.
1051 1817 1576 1964 sumt?
1590 1818 1769 1980 (τῖε
1800 1812 2214 1965 wama·

257 1985 464 2067 filium
504 1986 793 2052 Achitob.
886 1985 985 2050 10.
1042 1984 1167 2066 Qui
1216 1982 1529 2051 consumit
1573 2005 1699 2067 pro
1749 2004 1821 2050 eo
1863 1985 2213 2053 Dominum

258 2072 605 2226 am&
646 2072 819 2138 dedit
860 2072 956 2138 ei.-
993 2071 1106 2138 sed
1147 2074 1204 2136 et
1238 2069 1532 2155 alodium
1579 2069 1839 2137 Goliath
1873 2071 2214 2139 Philistaei

423 2329 622 2412 Quae
701 2337 1068 2414 sequuntur
1130 2328 1322 2394 nobis
1399 2327 1792 2412 explicanda
1867 2328 2211 2395 continent

257 2435 480 2481 eorum
524 2423 844 2483 eventum
887 2436 1054 2499 quae
1097 2413 1321 2480 David
1362 2413 1715 2490 formidare
1754 2422 2078 2498 potuerat,
2134 2423 2208 2481 ut

252 2500 457 2585 ipsius
501 2503 903 2568 tentationes
939 2501 1367 2569 vehementer
1400 2509 1633 2567 auctae
1675 2500 1841 2567 sint:
1886 2521 2044 2566 nam
2077 2521 2207 2585 quo

253 2597 544 2672 tempore
605 2588 927 2672 propheta
989 2588 1183 2654 iussit
1244 2586 1574 2652 Davidem
1630 2587 1699 2651 in
1750 2595 1998 2651 terram
2040 2586 2208 2653 Iuda

253 2675 499 2754 venire,
559 2694 711 2758 spes
767 2674 986 2758 aliqua
1043 2674 1311 2740 suberat
1367 2672 1658 2758 mitigari
1721 2693 1912 2756 posse
1969 2693 2009 2737 a
2065 2673 2207 2740 Deo

253 2757 474 2826 Saulis
511 2761 827 2839 furorem,
893 2774 959 2825 et
1007 2759 1301 2842 aliquam
1335 2758 1623 2824 inveniri
1658 2778 1846 2842 posse
1883 2759 2207 2826 rationem

249 2865 379 2928 qua
420 2845 653 2913 David
697 2845 888 2913 Sauli
930 2845 1409 2924 conciliaretur,
1453 2853 1524 2910 et
1566 2864 1716 2910 cum
1758 2845 1898 2927 ipso
1943 2844 2013 2910 in
2057 2866 2206 2929 gra·

247 2931 405 2997 tiam
449 2931 723 3012 rediret,
776 2931 1191 3016 prioremque
1247 2931 1466 2996 locum
1524 2950 1602 2998 ac
1660 2929 2048 3016 dignitatem
2096 2932 2206 2998 ob-

247 3017 508 3098 tineret,
558 3038 730 3101 quae
771 3019 1046 3084 mutatio
1090 3037 1220 3082 non
1264 3026 1407 3083 erat
1448 3017 1737 3083 Domino
1783 3015 2086 3097 difficilis,
2141 3026 2208 3084 et

244 3101 490 3171 idcirco
555 3103 776 3171 David
836 3101 1145 3170 omnibus
1186 3102 1682 3169 difficultatibus
1730 3123 1960 3169 ansam
2018 3123 2207 3187 prae·

249 3188 479 3271 scidit,
555 3191 796 3273 quibus
870 3197 1133 3274 poterat
1191 3187 1274 3253 ab
1336 3189 1644 3273 obsequio
1708 3198 1774 3254 et
1837 3188 2209 3256 obedientia

246 3275 723 3344 mandatorum
767 3276 900 3341 Dei
941 3275 1284 3342 dimoveri.
1352 3274 1608 3341 Verum
1653 3295 1854 3359 quum
1890 3272 2054 3342 Saul
2088 3296 2207 3341 au·

246 3359 381 3426 dito
427 3362 679 3427 nuntio
723 3361 804 3428 de
851 3361 1132 3429 Davidis
1175 3362 1246 3426 in
1304 3361 1618 3426 Iudaeam
1662 3360 1952 3427 adventu
1995 3363 2207 3446 magis

239 3465 442 3529 quam
480 3453 645 3514 ante
677 3448 874 3525 furat,
918 3459 986 3513 et
1020 3446 1195 3532 apud
1232 3468 1458 3514 servos
1492 3447 1575 3512 de
1607 3447 1882 3530 perfidia
1912 3448 2206 3532 ipsorum

244 3532 687 3600 vehementer
729 3545 1185 3617 conqueratur,
1245 3541 1500 3600 eertum
1545 3542 1649 3598 est
1689 3553 1960 3617 gravem
2004 3534 2207 3601 fuisse

245 3619 713 3700 tentationem,
768 3618 947 3702 quod
1003 3629 1143 3686 tam
1208 3619 1400 3685 facile
1464 3618 1784 3704 simplicis
1847 3620 2207 3704 prophetae

240 3703 445 3772 verbo
492 3704 901 3784 credidisset,
946 3714 1014 3772 et
1055 3727 1130 3772 se
1170 3705 1258 3771 in
1285 3725 1600 3789 praesens
1641 3705 2007 3789 periculum
2050 3725 2206 3774 con·

238 3789 546 3857 iecisset:
607 3813 761 3858 nam
804 3792 1192 3877 plerumque
1232 3792 1383 3857 fieri
1427 3791 1727 3858 videmus
1769 3798 1845 3856 ut
1888 3792 2081 3858 multi
2122 3791 2205 3857 ad

238 3878 572 3962 temporis
615 3887 1027 3944 momentum
1067 3879 1222 3944 forti
1265 3879 1485 3943 animo
1529 3898 1601 3944 se
1638 3878 1782 3943 Deo
1825 3878 2205 3946 subiiciunt:

238 3961 359 4027 sed
415 3964 476 4029 si
525 3984 637 4029 res
680 3975 946 4047 praeter
987 3965 1281 4049 ipsorum
1323 3964 1697 4047 opinionem
1740 3964 2079 4045 cesserint,
2138 3974 2205 4032 et

235 4067 374 4114 non
421 4049 598 4133 ipsis
640 4050 822 4116 Deus
880 4050 1245 4133 opituletur
1286 4070 1415 4134 quo
1461 4048 1653 4115 modo
1697 4050 1820 4116 sibi
1864 4071 2202 4135 persuase-

233 4141 412 4220 rant,
476 4136 915 4202 vehementer
964 4136 1420 4222 indignentur,
1473 4144 1541 4202 et
1581 4135 2080 4217 excandescant,
2135 4145 2203 4205 et

233 4219 571 4288 adversus
628 4223 845 4288 Deum
920 4222 1334 4289 differentem
1392 4221 1713 4288 auxilium
1767 4224 2202 4307 obloquantur

231 4316 300 4372 et
341 4309 880 4375 obmurmurent.
970 4309 1088 4377 Sic
1128 4309 1340 4387 multi,
1385 4330 1591 4392 quum
1639 4308 1803 4374 bene
1846 4312 2199 4394 coeperint,

229 4405 585 4461 momento
629 4404 849 4460 tamen
896 4394 1207 4460 deficiunt
1242 4408 1317 4461 ut
1353 4396 1540 4459 initio
1577 4396 1726 4460 finis
1762 4417 1895 4460 non
1931 4418 2198 4479 respon·

230 4481 409 4558 deat‚
475 4481 653 4564 quod
713 4480 836 4545 sibi
885 4482 1317 4564 persuadeant
1358 4481 1574 4546 Deum
1620 4482 1797 4565 ipsos
1839 4503 1969 4548 non
2016 4483 2199 4547 adiu-

231 4588 414 4646 vare,
485 4588 698 4650 neque
741 4587 849 4631 res
892 4569 1182 4650 ipsorum
1219 4589 1303 4633 ex
1347 4567 1552 4632 animi
1596 4570 1925 4633 sententia
1966 4590 2201 4634 secun-

227 4653 417 4720 dare.
519 4652 792 4719 Talibus
848 4653 1058 4738 igitur
1114 4652 1619 4737 cogitationibus
1678 4652 1896 4718 David
1962 4656 2200 4738 agitari

231 4749 577 4822 potuerat,
621 4738 746 4805 sibi
771 4740 1086 4805 nimirum
1133 4740 1303 4805 male
1346 4739 1640 4820 cessisse,
1685 4739 1856 4822 quod
1901 4749 2035 4804 tam
2074 4742 2201 4807 cito

228 4825 610 4910 prophetae
655 4824 872 4893 verbis
916 4826 1428 4909 obtemperasset
1461 4826 1808 4908 Deumque
1851 4825 2057 4891 videri
2103 4827 2200 4910 ip·

227 4930 385 4977 sum
438 4909 532 4977 ad
574 4912 904 4977 lanienam
945 4913 1246 4977 traxisse.
1292 4912 1769 4978 Verumtamen
1812 4921 1886 4976 ut
1929 4925 2200 4996 apparet

225 5016 314 5063 ex
365 4998 489 5062 Ps.
539 4998 642 5076 34,
685 5018 880 5079 quem
927 4998 1007 5062 de
1051 4998 1176 5063 hac
1218 4998 1492 5063 historia
1535 4997 1962 5082 compositum
2010 5019 2200 5081 supe-

223 5085 392 5149 riori
445 5086 765 5151 concione
810 5084 1131 5149 diximus:
1184 5082 1514 5150 Davidem
1560 5084 1725 5150 istae
1772 5084 2197 5168 cogitationes

223 5189 592 5252 nunquam
651 5170 732 5235 ab
777 5169 993 5237 officio
1053 5168 1491 5251 dimoverant,
1548 5191 1762 5254 neque
1800 5169 2012 5253 ipsius
2056 5172 2197 5236 ani-

223 5276 425 5321 mum
480 5276 774 5340 unquam
820 5266 1344 5340 prostraverunt.
1406 5257 1582 5322 Nam
1624 5255 1746 5322 etsi
1792 5276 1862 5321 se
1907 5255 2196 5322 delatum

2314 866 2385 930 in
2426 865 2734 950 Doegum
2779 866 2927 933 istis
2973 866 3190 932 verbis
3226 865 3598 932 invehitur:
3650 868 3820 951 Quid
4109 871 4159 935 ’ἲ
4195 872 4272 938 iu

2312 951 2566 1017 matitia
2621 953 2735 1034 qui
2782 958 3002 1036 potens
3054 972 3121 1017 es
3162 953 3235 1018 iu
3291 953 3673 1034 iniquitate?
3729 954 3986 1036 Quibus
4044 956 4270 1023 verbis

2310 1036 2508 1122 paulo
2551 1047 2700 1123 post
2740 1038 3118 1123 subiungit:
3178 1033 3319 1122 Eyo
3373 1043 3582 1104 autem
3624 1040 3785 1105 sicut
3828 1041 4000 1107 oliva
4038 1042 4269 1125 frudi-

2307 1125 2454 1206 fera
2493 1124 2567 1188 in
2607 1125 2788 1190 domo
2829 1124 2962 1191 Dei
3003 1125 3257 1206 speravi
3300 1124 3373 1190 in
3400 1124 3837 1192 misericordia
3874 1126 4009 1193 Dei
4049 1127 4123 1193 in
4165 1148 4267 1194 ae-

2310 1214 2576 1275 ternum.
2622 1209 2881 1291 Quibus
2926 1208 3143 1276 verbis
3188 1208 3409 1275 David
3452 1212 3749 1294 agnoscit
3791 1235 3863 1279 se
3896 1212 4025 1279 Dei
4062 1213 4269 1296 ipsius

2314 1315 2516 1362 manu
2572 1295 2984 1397 sublevatum
3042 1316 3255 1379 saepe,
3308 1305 3380 1394 et
3421 1296 3914 1397 imminentibus
3957 1300 4267 1381 periculis

2313 1389 2662 1533 zztffiz.
2690 1402 2917 1533 ⁰¹¹131¹ss⁸m
2934 1381 3649 1552 ‘tegml'tfflaeffiffi
3685 1382 3842 1535 532⁰.
3876 1393 4267 1552 32232‘3121}

2312 1575 2384 1618 se
2442 1553 2956 1621 misericordiam
3000 1553 3133 1618 Dei
3190 1573 3455 1637 sperare
3512 1553 3585 1619 in
3644 1563 4008 1641 aeternum,
4067 1565 4136 1623 et
4191 1559 4265 1623 in

2312 1639 2646 1705 saeculum
2688 1640 2954 1706 saeculi.
3041 1638 3259 1723 Igitur
3312 1638 3463 1705 licet
3509 1639 3726 1706 David
3787 1640 3970 1708 duris
4028 1642 4265 1709 ictibus

2313 1733 2664 1809 quassatus
2722 1727 2826 1805 sit,
2883 1725 3121 1808 quibus
3173 1725 3336 1791 fides
3397 1726 3540 1792 eius
3583 1747 3717 1790 non
3758 1727 3952 1793 modo
3994 1726 4267 1795 labefac-

2315 1812 2462 1890 tari,
2553 1810 2667 1877 sed
2741 1831 3011 1896 prorsus
3075 1810 3266 1877 deiici
3335 1831 3524 1893 posse
3589 1810 3954 1892 videbatur,
4042 1823 4265 1882 tamen

2312 1905 2500 1962 tanta
2543 1896 2783 1963 fiducia
2824 1896 2955 1962 fide
2995 1896 3067 1961 in
3092 1896 3311 1962 Deum
3354 1895 3674 1976 incubuit,
3720 1906 3798 1964 ut
3838 1899 4127 1967 favorem
4164 1899 4264 1984 ip·

2312 1984 2452 2049 sius
2506 1991 2574 2048 et
2633 1984 3106 2069 protectionem
3161 2003 3503 2067 nunquam
3546 1983 3675 2049 sibi
3719 1984 4095 2051 defuturam
4137 1986 4268 2053 sibi

2311 2071 2749 2152 persuaserit:
2808 2089 2885 2136 ac
2926 2068 3205 2154 proinde
3247 2068 3403 2133 licet
3445 2067 3531 2134 ad
3574 2078 3834 2154 tempus
3878 2072 4079 2138 variis
4121 2080 4268 2138 ten-

2314 2154 2672 2222 tationibus
2707 2162 3146 2236 exerceretur,
3192 2165 3410 2219 tamen
3434 2153 3566 2220 Dei
3608 2175 3829 2236 manu,
3873 2177 4078 2240 quum
4098 2177 4264 2242 opus

2311 2241 2502 2323 foret,
2547 2241 3004 2310 sustinendum
3046 2261 3118 2308 se
3161 2242 3445 2308 confisus
3487 2241 3596 2308 sit.

2485 2327 2623 2394 Sed
2684 2336 3038 2412 antequam
3096 2327 3375 2394 ulterius
3429 2327 3950 2412 progrediamur,
4010 2350 4258 2414 expen-

2313 2412 2530 2479 denda
2587 2414 2791 2481 verba
2844 2413 2961 2478 illa
3002 2412 3238 2497 quibus
3282 2411 3520 2479 dicitur
3564 2411 3725 2480 Saul
3772 2418 4107 2497 postquam
4146 2436 4262 2481 au-

2311 2499 2569 2565 divisset
2604 2500 2927 2567 Davidem
2963 2500 3361 2583 apparuisse,
3410 2498 3655 2565 stetisse
3699 2500 3773 2566 in
3818 2520 4063 2568 ‚temore
4091 2503 4261 2584 quod

2311 2590 2403 2651 est
2463 2586 2538 2651 in
2604 2586 2839 2666 Rama,
2923 2591 2982 2652 et
3044 2605 3261 2652 servos
3316 2605 3467 2651 suos
3524 2604 3888 2652 convocasse
3940 2587 4019 2653 de
4075 2587 4261 2657 rebus

2310 2672 2563 2756 maenis
2602 2692 2745 2738 cum
2785 2672 2953 2755 ipsis
2993 2670 3484 2738 deliberaturum
3500 2696 3520 2736 .·
3561 2670 4117 2755 quemadmodum
4162 2694 4260 2741 re-
4372 2705 4375 2708 ·

2312 2778 2428 2843 ges
2472 2756 2791 2838 videmus,
2851 2759 2909 2825 si
2966 2758 3115 2842 quis
3171 2777 3362 2824 casus
3420 2757 3729 2824 acciderit
3770 2765 3885 2823 aut
3930 2759 4261 2828 tumultus

2313 2844 2553 2928 aliquis
2586 2844 2785 2910 fuerit
2805 2844 3146 2921 excitatus,
3179 2864 3545 2910 convocare
3572 2843 3993 2912 consiliarios.
4038 2845 4260 2914 Locus

2311 2938 2534 2996 autem
2575 2929 2693 2997 ille
2732 2930 2864 2996 fuit
2904 2930 3195 3009 celebris,
3250 2937 3328 2995 ut
3369 2950 3506 2994 non
3548 2929 3797 2995 mirum
3839 2929 3927 2996 sit
3970 2951 4046 2997 eo
4092 2929 4262 2997 Sau-

2310 3016 2444 3081 lem
2501 3036 2655 3083 cum
2713 3018 2852 3084 suis
2914 3016 3322 3084 convenisse.
3408 3014 3699 3082 Habitus
3754 3023 3977 3081 autem
4033 3013 4260 3083 Saulis

2311 3097 2706 3168 describitur
2750 3110 3064 3187 tanquam
3109 3101 3396 3168 hominis
3430 3099 3555 3167 sibi
3598 3100 3681 3168 ab
3724 3100 3915 3169 hoste
3958 3110 4259 3170 metuen-

2311 3186 2419 3265 tis,
2482 3188 2741 3254 hastam
2797 3209 3002 3255 manu
3058 3188 3377 3254 nimirum
3429 3187 3751 3253 tenentis:
3811 3208 4023 3274 neque
4081 3189 4260 3256 enim

2312 3274 2633 3340 usitatum
2666 3275 2934 3360 regibus
2964 3275 3089 3341 hoc
3120 3274 3352 3340 habitu
3386 3273 3714 3359 progredi,
3756 3274 3890 3341 nisi
3925 3295 4261 3342 summum

2312 3359 2577 3443 aliquod
2611 3360 2967 3428 imminens
3001 3359 3365 3445 periculum
3399 3366 3717 3426 metuant.
3762 3358 4071 3446 Denique
4094 3360 4261 3430 Saul

2310 3456 2669 3513 convocato
2712 3447 2985 3514 consilio
3027 3467 3100 3513 se
3143 3446 3451 3513 maximis
3494 3447 3717 3532 urgeri
3763 3444 4259 3517 difficultatibus

2311 3530 2518 3610 docet,
2563 3540 2632 3598 et
2672 3533 2799 3599 sibi
2844 3533 2927 3600 ab
2973 3531 3270 3599 hostibus
3310 3542 3624 3599 metuere.
3682 3531 3971 3619 Ideoque
4005 3533 4088 3603 de
4121 3556 4259 3604 om·

2307 3617 2503 3685 nibus
2547 3621 2860 3703 conqueri
2902 3620 3136 3705 coepit,
3195 3620 3381 3704 quasi
3438 3618 3827 3704 proderetur
3867 3620 3950 3688 ab
3992 3621 4155 3706 ipsis
4196 3628 4266 3690 et

2308 3703 2474 3770 fides
2532 3705 2688 3770 data
2742 3707 3178 3792 frangeretur.
3278 3707 3523 3774 Audite
3579 3708 3777 3793 affatur
3838 3728 3965 3794 me,
4030 3708 4263 3795 inquit,

2303 3790 2434 3873 filii
2478 3791 2751 3857 Iemini:
2809 3813 3183 3861 sermonem
3225 3814 3417 3860 suum
3476 3795 3870 3861 nominatim
3931 3795 4015 3862 ad
4074 3795 4259 3867 illam

2307 3877 2628 3943 familiam
2686 3878 2980 3964 dirigens
3028 3888 3347 3964 tanquam
3414 3878 3499 3946 ad
3563 3879 3687 3948 sibi
3754 3884 4043 3952 maxime
4108 3909 4260 3956 con·

2307 3964 2619 4042 iunctam,
2679 3967 2868 4049 quasi
2913 3966 3185 4033 diceret:
3248 3966 3412 4051 Ego,
3470 3966 3593 4032 filii
3637 3967 3898 4050 Iemini,
3954 3971 4262 4041 fiduciam

2306 4069 2522 4116 meam
2560 4071 2820 4135 semper
2858 4052 2928 4117 in
2953 4052 3138 4120 vobis
3176 4051 3512 4135 collocavi,
3557 4061 3624 4119 et
3658 4054 3903 4123 avobis
3936 4059 4260 4126 auxilium

2305 4136 2379 4201 in
2440 4137 2640 4204 rebus
2695 4139 2966 4204 incertis
3024 4139 3435 4223 exspectavi:
3493 4139 3612 4207 sed
3669 4162 3776 4207 me
3832 4143 4130 4226 proditis,
4190 4154 4259 4212 et

2306 4243 2565 4289 mecum
2632 4224 2977 4307 perfidiose
3036 4226 3250 4309 agitis.
3340 4225 3447 4291 Ad
3492 4247 3653 4309 quos
3710 4227 3916 4311 igitur
3972 4231 4256 4314 amplius

2302 4309 2722 4393 confugiam?
2771 4311 2941 4376 Nam
2986 4333 3113 4396 ego
3153 4312 3373 4394 potius
3419 4312 3733 4378 t'nundum
3781 4313 3942 4378 mihi
3989 4316 4254 4383 defutu-

2302 4415 2472 4473 rum,
2518 4415 2718 4479 quam
2761 4417 2882 4463 vos
2928 4396 3088 4462 mihi
3136 4399 3456 4483 sanguine
3492 4400 3870 4465 coniunctos
3914 4403 4254 4470 existima·

2302 4482 2405 4547 vi:
2463 4481 2578 4547 sed
2637 4482 2824 4548 video
2886 4483 3137 4550 nullam
3195 4485 3264 4549 in
3310 4484 3491 4552 vobis
3547 4507 3688 4551 esse
3730 4484 3944 4551 fidem.
4030 4487 4255 4569 Quum

2304 4568 2509 4650 igitur
2568 4568 2737 4635 filios
2794 4569 3033 4635 Iemini
3091 4580 3304 4652 vocat,
3362 4571 3526 4635 illud
3588 4572 3654 4634 in
3716 4573 4251 4653 exprobationem

2305 4654 2476 4729 facit,
2523 4656 2710 4736 quasi
2745 4677 2863 4720 rex
2900 4653 3024 4721 sibi
3060 4658 3382 4742 sanguine
3413 4657 3807 4735 coniunctos,
3852 4671 3919 4721 et
3961 4660 4251 4727 maxime

2303 4741 2704 4889 &necessarios
2758 4742 3205 4825 compellaret,
3265 4755 3332 4808 et
3388 4740 3623 4826 probro
3687 4742 4029 4825 perfidiam
4089 4747 4250 4830 ipsis

2348 4835 2508 4891 aret.

2473 4911 2721 4976 Adiicit
2763 4920 2982 4977 autem
3016 4915 3096 4977 ad
3143 4912 3630 4996 praecedentia:
3679 4913 4011 4996 Numquid
4046 4918 4247 4983 omni·

2299 4998 2417 5062 bus
2468 4996 2641 5064 vobis
2696 4998 2871 5063 dabit
2921 4999 3105 5081 filius
3148 4998 3292 5065 Isai
3348 5019 3540 5084 ayros
3588 5003 3646 5065 et
3696 5000 3932 5082 vineas,
3990 5008 4044 5069 et
4106 5005 4251 5071 uni-

2300 5104 2509 5150 versos
2552 5103 2660 5149 vos
2696 5084 2886 5165 faciet
2925 5085 3207 5150 tribunos
3237 5090 3294 5149 et
3322 5088 3725 5163 centuriones,
3770 5088 4069 5170 quoniam
4111 5110 4247 5156 con-

2301 5171 2570 5236 iurastis
2612 5189 2824 5237 omnes
2865 5173 3199 5238 adversum
3241 5192 3354 5251 me,
3398 5178 3453 5236 et
3495 5192 3622 5237 non
3665 5178 3755 5238 est
3796 5174 3909 5255 qui
3950 5175 4104 5241 mibi
4146 5198 4246 5243 re-

2301 5258 2543 5322 umatiet
2561 5305 2579 5340 ,
2638 5258 2914 5323 maxime
2957 5278 3153 5339 quum
3196 5263 3253 5322 et
3302 5258 3480 5338 filius
3520 5278 3697 5325 meus
3747 5259 3974 5342 foedus
4031 5263 4250 5330 inierit
