5059 6059
743 331 870 396 667

749 528 975 597 tamen
1012 515 1095 581 ad
1147 514 1314 581 vitia
1359 533 1489 579 non
1537 514 1768 579 laxant
1810 513 1933 580 sibi
1980 512 2287 593 habenas,
2333 511 2450 579 sed
2485 512 2705 578 Deum

746 606 1028 669 adorant
1049 611 1119 666 et
1145 615 1563 666 venerantur.
1608 600 1698 664 Et
1734 600 1805 664 in
1842 599 2225 665 memoriam
2270 602 2443 666 facta
2488 598 2705 682 plera-

745 710 870 772 que
925 690 993 752 in
1056 686 1297 770 quibus
1354 685 1522 770 lapsi
1578 694 1737 750 sunt
1792 697 2208 765 revocantes,
2282 706 2499 749 coram
2563 686 2707 750 Deo

744 773 1256 858 ingemiscentes
1302 792 1447 836 sese
1490 771 1857 854 explorant,
1916 771 2187 853 Deoque
2230 770 2510 854 gloriam
2556 769 2706 834 red·

744 860 932 936 dunt,
979 872 1048 923 et
1086 857 1169 922 ad
1208 857 1545 921 meliorem
1582 860 1840 940 frugem
1887 868 2328 922 revertuntur.
2376 854 2491 922 Sic
2526 857 2704 920 enim

746 944 923 1029 apud
969 964 1041 1009 se
1086 942 1603 1007 ratiocinantur:
1651 943 1764 1007 Me
1799 941 2150 1007 miserum!
2197 942 2397 1007 Mene
2434 942 2505 1005 in
2545 939 2705 1006 haec

743 1041 1017 1116 peccata
1061 1026 1426 1110 delapsum,
1474 1027 1553 1092 de
1592 1026 1738 1093 Deo
1783 1048 1914 1093 non
1960 1025 2325 1111 cogitasse?
2399 1028 2602 1092 Mene
2648 1026 2705 1091 si

743 1118 931 1182 Deus
975 1114 1057 1180 ad
1104 1126 1371 1197 peccata
1414 1113 1722 1179 connivet
1778 1135 1926 1179 mea
1976 1114 2163 1177 laxas
2209 1111 2500 1177 habenas
2545 1112 2704 1193 ipsis

744 1202 893 1267 ideo
939 1198 1463 1283 permissurum?
1511 1211 1627 1263 aut
1669 1200 1802 1264 alte
1834 1213 2036 1283 caput
2079 1197 2450 1263 elaturum?
2520 1196 2700 1276 Quin

742 1288 962 1371 potius
1006 1306 1128 1369 ego
1174 1305 1325 1350 cum
1370 1285 1550 1349 omni
1592 1283 1964 1349 humilitate
2007 1291 2075 1349 et
2119 1285 2438 1349 modestia
2481 1281 2699 1347 Deum

743 1370 1161 1456 deprecabor,
1206 1370 1480 1452 supplex
1528 1368 1608 1434 ad
1656 1370 1863 1451 ipsius
1909 1370 2424 1435 misericordiam
2469 1369 2701 1433 confu-

791 1460 940 1535 'am,
997 1468 1064 1522 et
1122 1454 1361 1519 salut-is
1424 1466 1720 1520 autorem
1794 1475 2161 1540 agnoscam.
2270 1457 2577 1536 Denique
2646 1453 2702 1517 si

809 1564 928 1609 eus
977 1544 1155 1624 ipsos
1191 1540 1634 1624 castigaverit,
1680 1541 1751 1605 in
1787 1541 2033 1608 recenti
2078 1553 2346 1622 semper
2383 1538 2701 1604 memoria

738 1627 1237 1711 castigationem
1306 1626 1657 1705 habebunt,
1722 1648 1888 1709 quae
1954 1628 2131 1709 ipsos
2196 1626 2427 1691 doceat
2491 1625 2699 1689 vitam

742 1715 1075 1797 reliquam
1123 1711 1196 1775 in
1257 1712 1696 1776 amaritudine
1753 1713 2009 1795 degere,
2072 1724 2145 1777 ut
2172 1706 2495 1794 'loquitur
2539 1710 2705 1774 Eze-

739 1801 946 1877 chias,
993 1797 1166 1881 quod
1204 1800 1534 1862 senserint
1566 1818 1761 1879 qnam
1801 1797 2197 1862 horrendum
2247 1799 2332 1861 sit
2356 1795 2483 1860 Dei
2527 1794 2702 1859 iudi-

739 1886 938 1951 cium.
1027 1884 1135 1948 Ex
1194 1883 1340 1948 istis
1398 1883 1606 1966 igitur
1664 1896 1936 1966 apparet
1989 1884 2364 1948 differentia
2419 1880 2701 1965 insignis

737 1970 914 2035 inter
972 1969 1420 2051 improborum
1480 1977 1548 2033 et
1594 1969 1719 2033 Dei
1778 1981 2306 2051 contemptorum
2357 1967 2698 2032 hominum

735 2055 1182 2136 formidinem,
1243 2062 1310 2119 et
1362 2055 1656 2119 fidelium
1702 2066 1980 2120 metum:
2039 2054 2172 2118 illis
2218 2055 2312 2120 sic
2358 2049 2699 2135 trepidan-

737 2141 918 2207 tibus
973 2139 1056 2204 ad
1116 2140 1497 2206 divinorum
1554 2140 1943 2207 iudiciorum
1996 2140 2311 2204 intuitum
2356 2150 2429 2203 ut
2472 2140 2540 2201 in
2589 2137 2700 2202 de-

738 2226 1185 2311 sperationem
1244 2227 1544 2291 veniant:
1607 2227 1752 2291 istis
1807 2246 1961 2291 vero
2008 2224 2137 2289 Dei
2182 2223 2700 2290 misericordiam

739 2334 888 2379 cum
926 2332 1189 2377 summa
1223 2309 1596 2376 humilitate
1631 2313 1699 2375 in
1751 2323 2089 2393 posterum
2135 2308 2699 2394 amplectentibus.

740 2397 1188 2479 Quamobrem
1248 2419 1450 2480 quum
1501 2396 1756 2461 Saulem
1814 2396 2141 2471 audimus,
2197 2397 2495 2462 cecidisse
2540 2413 2701 2475 pro-

738 2489 1009 2549 stratum
1087 2483 1160 2547 in
1215 2488 1451 2548 terram
1469 2532 1484 2560 ,
1804 2481 2192 2547 extimuisset
2267 2481 2450 2547 valde
2513 2478 2701 2544 verba

744 2568 1100 2635 Samuelis:
1142 2589 1230 2633 ne
1263 2589 1348 2633 ex
1386 2567 1758 2633 humilitate
1782 2568 2025 2633 factum
2063 2566 2228 2631 illud
2266 2566 2702 2632 arbitremur:

742 2653 860 2720 sed
923 2675 1005 2717 ex
1069 2651 1446 2719 vehementi
1508 2652 2026 2737 apprehensione
2086 2653 2308 2718 iudicii
2355 2651 2581 2729 divini,
2629 2657 2707 2714 ut

741 2761 879 2806 vox
945 2739 1062 2803 illa
1120 2738 1450 2804 Samuelis
1516 2739 1712 2804 fuerit
1777 2739 1989 2803 instar
2055 2739 2225 2805 ictus
2288 2734 2705 2804 vehementis

744 2824 970 2890 mallei
1016 2843 1148 2906 quo
1196 2825 1488 2890 deiectus
1532 2834 1652 2905 est,
1698 2837 1767 2889 et
1809 2824 1877 2889 in
1925 2824 2449 2907 desperationem
2494 2820 2705 2887 venit.

741 2910 978 2993 Neque
1034 2910 1197 2975 dicit
1254 2930 1441 2975 sacra
1494 2911 1820 2991 scriptura
1877 2911 2090 2992 ipsum
2154 2907 2582 2995 ingemuisse,
2640 2915 2709 2969 et

743 2996 1108 3079 supplicem
1157 2994 1240 3060 ad
1285 2995 1413 3059 Dei
1456 2994 1973 3061 misericordiam
2017 2995 2410 3080 confugisse,
2457 3011 2706 3075 suaque

742 3094 1014 3166 peccata
1058 3082 1434 3148 confessum
1478 3082 1711 3147 fuisse:
1773 3081 1887 3146 sed
1936 3094 2194 3145 tantum
2222 3079 2595 3145 ‘attonitum
2642 3089 2708 3141 et

741 3166 1125 3233 vehementi
1174 3181 1352 3231 metu
1399 3167 1791 3249 perculsum.
1839 3165 2174 3247 Quidquid
2223 3168 2327 3237 sit.
2372 3165 2705 3246 relinqua-

740 3275 892 3319 mus
950 3253 1171 3336 ipsum
1233 3253 1359 3316 Dei
1417 3253 1655 3317 iudicio
1716 3263 1783 3317 et
1842 3251 2183 3332 potestati:
2261 3271 2382 3316 nos
2440 3249 2706 3314 interim

742 3339 956 3421 ipsius
1015 3337 1393 3420 exemplum
1451 3337 1695 3402 imitari
1757 3358 2126 3415 caveamus,
2190 3337 2363 3419 quod
2408 3335 2596 3400 nulla
2638 3334 2709 3397 in

743 3425 889 3508 ipso
933 3424 1387 3488 conversionis
1434 3424 1516 3488 ad
1561 3422 1781 3487 Deum
1826 3423 2021 3508 signa
2079 3420 2574 3505 conspiciamus,
2634 3440 2711 3485 ac

741 3507 1018 3593 proinde
1080 3530 1265 3592 spem
1328 3510 1578 3574 nullam
1638 3509 1872 3574 salutis
1936 3507 2294 3573 videamus.
2385 3504 2598 3572 Porro
2654 3506 2709 3570 si

744 3607 882 3660 tam
928 3595 1162 3658 fortem
1212 3596 1426 3659 virum
1473 3595 1756 3659 electum
1783 3616 1823 3659 a
1857 3593 2019 3673 Deo,
2068 3607 2142 3658 ut
2177 3594 2489 3676 populum
2515 3611 2709 3656 suum

749 3694 1014 3762 regeret
1072 3681 1660 3746 animadvertimus
1716 3680 1855 3744 irae
1913 3678 2041 3743 Dei
2103 3700 2302 3744 sensu
2373 3689 2712 3759 tantopere

744 3776 1257 3843 consternatum,
1312 3776 1382 3830 ut
1424 3766 1842 3848 obstupuerit
1876 3775 1942 3830 et
1983 3766 2304 3829 attonitus
2342 3764 2413 3828 in
2460 3776 2707 3828 terram

751 3859 1124 3935 prostratus
1181 3852 1298 3927 sit,
1355 3851 1512 3933 quid
1574 3849 1761 3916 nobis
1818 3850 2120 3916 futurum
2179 3860 2518 3931 putamus,
2582 3848 2710 3913 nisi

752 3935 1008 4002 viribus
1053 3935 1261 4017 ipsius
1305 3936 1576 4001 Domini
1622 3934 2015 4002 fulciamur?
2089 3934 2315 4015 Quare
2360 3957 2443 3999 ne
2487 3934 2710 3999 Deum

752 4032 1106 4099 tentemus,
1165 4020 1278 4087 sed
1322 4021 1530 4105 ipsius
1572 4021 1737 4086 iram
1786 4021 2305 4104 praeveniamus,
2367 4018 2450 4085 ad
2494 4021 2711 4105 ipsum

752 4109 925 4174 seria
983 4108 1393 4190 poenitentia
1435 4108 1765 4172 conversi:
1824 4118 1893 4172 et
1934 4106 2447 4188 quotiescunque
2490 4126 2711 4170 coram

752 4195 963 4279 ipsius
1023 4192 1337 4258 tribunali
1401 4191 1480 4255 ad
1538 4208 1973 4273 peccatorum·
2010 4190 2409 4275 agnitionem
2458 4189 2713 4258 vocabi-

753 4300 925 4358 mur,
988 4279 1160 4343 ultro
1222 4297 1504 4343 examen
1565 4289 1978 4357 peccatorum
2041 4276 2415 4356 subeamus,
2473 4288 2541 4341 et
2586 4276 2711 4341 Dei

752 4363 1275 4430 misericordiam
1321 4363 1763 4444 deprecemur.
1810 4363 1902 4427 Et
1946 4362 2024 4427 de
2065 4361 2289 4429 Saulis
2333 4374 2513 4426 metu
2558 4361 2713 4428 hac-

753 4459 965 4515 tenus.

933 4535 1245 4615 Sequitur
1288 4533 1626 4599 mulierem
1674 4531 1855 4597 illam
1899 4533 2369 4619 Pythonissam
2418 4553 2552 4596 non
2600 4554 2714 4616 po-

754 4622 960 4687 tuisse
985 4621 1255 4685 aSaule
1287 4618 1582 4685 obtinere
1623 4628 1697 4682 ut
1729 4618 1947 4683 cibum
1993 4630 2276 4702 caperet,
2322 4629 2390 4683 et
2434 4618 2714 4683 voluisse

754 4709 967 4789 ipsum
1031 4706 1294 4770 domum
1356 4705 1620 4786 reverti,
1680 4702 1833 4768 licet
1894 4704 2054 4769 adeo
2101 4703 2399 4779 debilem,
2462 4714 2540 4768 ut
2584 4725 2714 4768 non

753 4804 973 4876 posset
1036 4815 1107 4856 se
1152 4793 1368 4874 ipsum
1414 4790 1776 4855 sustinere:
1826 4788 2089 4863 tandem
2138 4810 2293 4854 vero
2338 4811 2536 4855 suasu
2582 4811 2715 4854 ser-

759 4898 990 4942 vorum
1067 4898 1201 4941 non
1249 4885 1502 4953 taptum
1549 4876 1832 4939 frustum
1892 4873 2153 4957 aliquod
2199 4874 2390 4957 panis
2433 4874 2515 4939 ad
2563 4875 2713 4938 refi-

755 4962 1019 5028 ciendas
1081 4964 1277 5037 vires,
1340 4973 1415 5025 ut
1469 4973 1611 5024 erat
1654 4963 1867 5044 ipsum
1914 4960 2153 5025 mulier
2197 4959 2312 5027 illa
2355 4961 2715 5044 cohortata,

755 5049 1149 5131 sumpsisse:
1194 5047 1306 5113 sed
1344 5047 1543 5111 etiam
1581 5060 1994 5129 exspectasse
2040 5045 2198 5110 dum
2248 5046 2494 5111 vitulus
2541 5046 2712 5129 sagi·

756 5144 958 5198 natus
1002 5134 1498 5215 interficeretur,
1542 5142 1610 5195 et
1654 5152 1855 5214 panes
1900 5134 2023 5216 ipsi
2070 5153 2110 5196 a
2154 5132 2430 5196 muliere
2475 5128 2714 5213 coque·

748 5226 1003 5285 rentur.
1091 5218 1199 5282 Ex
1261 5239 1388 5300 quo
1444 5218 1657 5300 magis
1701 5238 1777 5282 ac
1820 5217 2031 5302 magis
2072 5217 2282 5300 ipsius
2327 5229 2559 5300 stupor
2604 5239 2716 5301 ap-

2474 324 2889 393 HOMILIA
2932 325 3045 391 01.

4635 320 4739 386 668

2808 522 3017 597 paret,
3075 524 3144 580 et
3201 513 3446 578 mentis
3502 535 3761 580 summa
3820 512 4249 596 perturbatio.
4353 507 4556 592 Quod
4609 507 4745 574 solet

2812 601 2891 665 iis
2947 601 3330 683 contingere
3381 600 3493 682 qui
3537 602 3660 666 sub
3705 598 3956 682 potenti
4004 597 4129 662 Dei
4174 618 4377 662 manu
4422 595 4596 661 serio
4633 615 4742 658 uon

2811 684 3263 762 humiliantur,
3312 696 3385 749 ut
3429 686 3740 751 nimirum
3786 683 4054 749 modum
4101 684 4361 748 nullum
4407 683 4480 745 in
4529 680 4741 745 affecti·

2808 769 2931 836 bus
2976 782 3262 837 teneant.
3309 770 3422 835 Illi
3467 771 3761 853 proinde,
3809 768 3920 834 ubi
3966 768 4239 833 horrore
4286 767 4498 832 divini
4542 764 4743 831 iudicii

2808 857 3255 931 terrebuntur,
3301 856 3372 921 in
3419 866 3676 921 tantum
3721 867 4056 938 stuporem
4100 853 4424 931 incidunt,
4474 866 4550 915 ut
4590 851 4746 915 sanis

2805 943 3097 1008 consiliis
3133 963 3266 1006 non
3310 941 3474 1006 dent
3516 940 3754 1019 locum,
3800 950 3870 1006 et
3912 938 4078 1003 nihil
4123 961 4353 1004 eorum
4398 958 4571 1021 quae
4611 938 4748 1019 ipsis

2805 1038 3255 1112 suggeruntur
3326 1026 3711 1104 admittant,
3795 1025 3909 1091 sed
3978 1046 4142 1091 sana
4208 1025 4434 1089 omnia
4497 1022 4748 1088 consilia

2804 1125 3141 1196 respuant.
3187 1112 3301 1179 Sic
3344 1114 3571 1178 videas
3614 1134 3728 1178 eos
3771 1132 3933 1194 quos
3978 1110 4164 1176 Deus
4206 1111 4278 1175 in
4324 1119 4618 1174 mentem
4660 1129 4744 1173 re-

2805 1201 3075 1283 probam
3121 1199 3320 1282 dedit,
3366 1218 3499 1263 nen
3543 1218 3734 1282 posse
3781 1197 3861 1263 de
3905 1195 4035 1260 Dei
4079 1194 4540 1276 misericordia
4583 1193 4747 1276 quid·

2805 1306 2998 1368 quam
3036 1305 3336 1366 sperare:
3383 1306 3460 1350 ac
3495 1284 3651 1348 licet
3692 1282 4136 1366 peccatoribus
4179 1280 4523 1348 conversis
4565 1281 4749 1344 factae

2804 1370 3259 1453 promissionis
3315 1370 3479 1452 ipsis
3542 1378 4024 1452 proponantur,
4094 1388 4222 1432 non
4295 1386 4492 1449 posse
4551 1377 4748 1429 tamen

2804 1455 2957 1522 illas
3001 1455 3366 1530 admittere,
3414 1455 3526 1519 sed
3574 1465 3886 1537 tanquam
3934 1454 4016 1519 ad
4063 1475 4135 1519 se
4179 1473 4314 1517 non
4363 1451 4748 1534 pertinentes

2805 1542 3096 1607 reiicere.
3143 1541 3397 1606 Tantus
3440 1541 3616 1605 enim
3662 1540 3955 1624 ipsorum
4000 1552 4229 1622 stupor
4274 1548 4540 1601 mentes
4583 1557 4746 1602 occu·

2805 1628 3008 1711 pavit,
3067 1634 3144 1691 ut
3188 1626 3317 1691 Dei
3373 1626 3657 1709 gratiam
3715 1647 3756 1690 a
3806 1645 3877 1691 se
3922 1624 4146 1708 procul
4191 1624 4472 1689 reiicere
4515 1622 4588 1687 in
4631 1622 4750 1687 ani·

2805 1733 2988 1776 mum
3034 1711 3452 1778 induxerint:
3501 1721 3572 1776 et
3604 1712 3818 1795 magis
3862 1730 3938 1776 ac
3981 1711 4195 1793 magis
4237 1710 4312 1773 in
4357 1708 4622 1774 malitia
4656 1708 4753 1773 ob-

2803 1799 3175 1864 firmentur.
3275 1796 3680 1879 Exemplum
3741 1806 3883 1862 esto
3936 1796 4200 1862 Esavus
4259 1794 4375 1859 ille
4432 1815 4628 1876 quem
4680 1792 4752 1859 ad

2804 1896 3213 1949 momentum
3276 1883 3589 1965 temporis
3644 1883 4032 1960 eiulantem,
4090 1881 4563 1965 plangentem,
4622 1881 4750 1945 nlu-

2803 1969 3052 2036 lantem
3099 1969 3310 2034 instar
3355 1969 3532 2035 bruti
3577 1968 3920 2034 cuiusdam
3966 1966 4307 2032 audimus:
4367 1965 4487 2030 sed
4535 1964 4752 2031 deinde

2805 2055 2887 2120 ad
2961 2055 3300 2138 ingenium
3361 2064 3823 2131 revertentem,
3884 2064 3953 2118 et
4006 2052 4365 2117 vindictam
4426 2050 4510 2115 de
4567 2051 4754 2116 fratre

2804 2140 3221 2214 molientem.
3287 2139 3542 2223 sibique
3604 2140 4098 2224 promittentem
4164 2138 4305 2202 fore
4369 2146 4449 2202 ut
4511 2148 4755 2203 mortuo

2804 2235 2993 2309 patre
3052 2225 3223 2307 quod
3283 2227 3843 2308 primogeniturae
3902 2223 4006 2289 ius
4065 2223 4425 2288 admiserat
4469 2244 4592 2305 per
4636 2227 4756 2289 vim

2806 2320 3165 2394 recuperet.
3211 2311 3419 2392 Quasi
3446 2331 3605 2375 vero
3631 2312 3838 2394 possit
3860 2309 3939 2375 ad
3950 2330 4177 2374 versus
4202 2309 4424 2374 Deum
4449 2330 4752 2392 pugnare,

2807 2409 2875 2461 et
2918 2394 3256 2461 decretum
3299 2397 3507 2479 ipsius
3551 2397 3922 2461 immutare.
3983 2394 4171 2459 Idem
4218 2394 4292 2459 in
4337 2393 4548 2460 Saule
4595 2415 4754 2459 nunc

2809 2482 3007 2547 etiam
3053 2491 3345 2565 apparet.
3423 2481 3723 2546 Primum
3770 2482 3949 2545 enim
3995 2494 4247 2544 terrore
4292 2477 4594 2546 deiectus
4635 2481 4754 2544 fru-

2809 2576 2987 2633 stum
3049 2569 3237 2649 panis
3279 2588 3538 2631 sumere
3599 2565 3850 2645 abnuit,
3910 2578 3976 2629 et
4019 2565 4280 2630 nullum
4329 2564 4449 2630 dat
4501 2566 4756 2630 monitis

2810 2650 3344 2734 desperabundus
3366 2652 3604 2719 locum.
3649 2651 3909 2717 Deinde
3947 2671 4102 2715 vero
4144 2670 4425 2717 suornm
4470 2652 4758 2733 precibus

2811 2737 3047 2814 victus,
3091 2737 3291 2803 etiam
3331 2752 3670 2821 exspectat
3705 2737 3863 2803 dum
3910 2736 4159 2801 vitulus
4203 2737 4663 2815 interficiatur,
4701 2752 4759 2800 et

2812 2823 2935 2888 sibi
2974 2835 3344 2905 coquantur
3379 2825 3596 2907 azymi
3639 2844 3845 2907 panes
3890 2842 3967 2889 ac
4008 2821 4283 2904 proinde
4329 2843 4465 2886 non
4515 2835 4760 2887 tantum

2811 2909 3094 2974 frustum
3141 2908 3225 2973 ad
3265 2909 3438 2974 vires
3485 2907 3940 2975 refocillandas
3983 2908 4310 2989 patienter
4353 2909 4602 2973 sumit:
4654 2907 4759 2973 sed

2812 2994 2940 3061 sibi
2984 2995 3366 3059 convivium
3414 2997 3714 3077 apparari
3765 2994 4066 3060 sustinet.

2985 3078 3338 3144 Caeterum
3379 3079 3533 3144 hinc
3569 3088 3844 3163 apparet
3883 3079 4152 3144 illorum
4200 3086 4584 3161 temporum
4625 3100 4759 3145 con·

2811 3164 3106 3239 suetudo,
3164 3163 3400 3248 quibus
3445 3164 3528 3230 ad
3572 3164 3860 3248 hospites
3906 3165 4084 3229 laute
4129 3162 4557 3246 excipiendos
4597 3166 4757 3249 sagi·

2813 3261 3011 3315 natus
3078 3249 3330 3316 vitulus
3396 3249 3947 3327 interficiebatur,
4029 3249 4142 3332 qui
4207 3249 4424 3314 instar
4491 3251 4758 3315 aliarum

2810 3337 3105 3402 omnium
3188 3335 3464 3418 dapum,
3544 3356 3773 3401 recens
3848 3336 4233 3400 interfectus
4297 3337 4759 3417 apponebatur,

2812 3420 2983 3572 guod
3027 3423 3101 3485 in
3147 3422 3388 3487 delitiis
3433 3422 3513 3486 iis
3557 3422 3963 3504 temporibus
4009 3418 4400 3485 habebatur.
4490 3422 4600 3486 Ex
4645 3442 4758 3505 quo

2858 3506 3121 3571 iscenda
3157 3507 3477 3573 sobrietas
3512 3517 3632 3584 est,
3678 3518 3743 3571 et
3788 3506 4059 3572 vitanda
4101 3506 4173 3571 in
4215 3505 4379 3571 cibis
4419 3508 4760 3589 superfiui-

2814 3603 2934 3669 tas,
2971 3613 3172 3675 quum
3198 3600 3568 3675 temporum
3593 3591 3861 3657 illorum
3886 3591 4146 3656 delitias
4181 3591 4387 3656 fuisse
4423 3593 4762 3659 videamus

2812 3680 3191 3762 saginatum
3256 3678 3575 3755 vitulum,
3643 3698 3762 3761 pro
3828 3676 4134 3743 omnibus
4202 3676 4536 3759 cupediis,
4602 3699 4764 3761 quae

2812 3776 2969 3829 sunt
3013 3761 3206 3828 hodie
3250 3762 3663 3847 multiplices.
3711 3763 3882 3828 Nam
3924 3762 4117 3828 hodie
4154 3784 4286 3826 non
4325 3762 4766 3829 instituuntur

2813 3848 3139 3922 convivia,
3185 3849 3313 3913 nisi
3347 3870 3432 3913 ex
3471 3850 3669 3915 variis
3706 3849 3999 3931 undique
4039 3849 4427 3930 conquisitis
4478 3849 4768 3916 delicatis

2814 3935 2996 4013 cibis,
3038 3944 3108 3998 et
3138 3934 3383 3998 multos
3420 3943 3575 3998 ante
3619 3934 3998 4001 convivium
4036 3934 4175 4000 dies
4221 3935 4659 4017 praeparatis,
4703 3950 4768 4001 ut

2814 4040 3195 4088 communes
3260 4019 3388 4085 cibi
3443 4019 3623 4085 nullo
3683 4021 4052 4086 habeantur
4110 4020 4180 4084 in
4241 4023 4480 4103 pretio·
4581 4022 4768 4088 Unde

2816 4116 3091 4189 apparet
3149 4116 3527 4170 nostrorum
3588 4117 3960 4189 temporum
4021 4105 4217 4189 louge
4261 4106 4586 4171 maiorem
4635 4128 4768 4173 esse

2817 4212 3014 4274 quam
3070 4189 3482 4273 superiorum
3528 4192 4049 4275 corruptionem,
4116 4199 4181 4255 et
4247 4192 4484 4273 procul
4549 4196 4770 4259 abesse

2816 4278 2897 4343 ab
2922 4276 3036 4341 illa
3057 4276 3405 4341 sobrietate
3439 4297 3607 4358 quae
3643 4278 3769 4342 fuit
3804 4279 3872 4342 in
3919 4275 4274 4353 veteribus,
4321 4287 4398 4341 ut
4443 4280 4541 4342 sit
4571 4282 4771 4344 maior

2816 4363 3116 4440 ebrietas,
3181 4359 3519 4439 helluatio,
3587 4362 3868 4440 delitiae,
3935 4361 4277 4444 voluptas,
4333 4382 4542 4444 quam
4603 4366 4772 4429 olim.

2815 4448 3008 4523 Nam,
3054 4448 3340 4530 obsecro,
3432 4446 3538 4511 uid
3573 4446 3749 4513 istud
3784 4456 3884 4513 est
3918 4449 4059 4530 regi
4095 4447 4315 4512 facere
4353 4448 4438 4512 de
4476 4452 4774 4535 saginato

2817 4533 3024 4600 vitulo
3068 4532 3376 4615 cupediae
3467 4533 3695 4616 Neque
3739 4534 3914 4599 enim
3957 4532 4090 4599 ista
4132 4533 4213 4598 de
4259 4531 4384 4599 hoc
4431 4556 4598 4620 rege
4643 4550 4774 4601 tan·

2818 4628 2959 4682 tum
2996 4619 3066 4682 in
3113 4638 3300 4683 sacra
3343 4619 3669 4701 scriptura
3715 4626 4110 4684 narrantur:
4155 4616 4272 4684 sed
4317 4620 4526 4685 multi
4567 4623 4780 4687 istius-

2816 4703 2989 4769 modi
3037 4703 3191 4768 alibi
3235 4703 3539 4787 exempla
3573 4718 3942 4770 occurrunt.
3989 4702 4216 4784 Quare
4261 4703 4422 4769 inde
4471 4707 4782 4775 discimus

2817 4790 3164 4873 appetitus,
3213 4810 3296 4853 ne
3333 4800 3407 4852 ut
3440 4790 3826 4873 plerumque
3884 4788 4117 4854 accidit
4161 4791 4586 4859 insatiabiles
4624 4796 4782 4869 siat,

2816 4876 3130 4954 fraenare,
3173 4886 3241 4938 et
3285 4874 3462 4939 vitae
3509 4875 3793 4941 tenuiori
3837 4896 4234 4941 assuescere.

2989 4954 3123 5025 Sed
3174 4957 3393 5027 Saulis
3438 4962 3680 5026 factum
3728 4961 3995 5045 propius
4039 4961 4454 5029 intueamur.
4519 4963 4784 5029 Pom

2816 5046 2927 5111 ille
2961 5045 3225 5131 quidem
3261 5044 3477 5110 cibum
3525 5046 3810 5128 aliquem
3856 5045 3938 5111 ad
3983 5046 4458 5115 refocillandas
4505 5052 4692 5115 vires
4731 5060 4788 5113 et

2817 5133 2899 5196 ad
2922 5132 3051 5195 iter
3086 5128 3566 5196 conficiendum
3603 5152 3894 5211 sumere;
3931 5151 4129 5214 quem
4162 5144 4394 5198 tamen
4419 5137 4786 5202 recusavit:

2818 5217 2933 5283 sed
2959 5215 3387 5281 nihilominus
3411 5218 3631 5300 parari
3664 5218 3789 5285 sibi
3824 5217 4179 5313 lautiorem
4228 5240 4514 5287 coenam
4553 5241 4784 5306 paam
