5059 6059
873 312 1013 378 255

884 522 1028 570 esse
1085 518 1466 584 propensae,
1527 506 1595 562 et
1651 495 1981 581 indignari
2042 499 2168 563 nisi
2229 498 2312 564 ad
2356 498 2614 565 libitum
2658 501 2818 582 ipsis

887 588 1105 656 omnia
1168 584 1587 667 gratificeris:
1654 583 1765 666 qui
1823 582 2087 649 morbus
2143 606 2291 649 eum
2350 595 2566 651 aetate
2609 588 2819 670 magis

888 671 1248 740 invalescit.
1338 669 1510 735 Nam
1547 668 1816 734 ambitio
1852 678 1918 733 et
1954 668 2273 735 honorum
2308 670 2631 754 cupiditas
2667 693 2817 739 con-

889 769 1205 841 temptum
1267 756 1540 820 aliorum
1600 755 1805 838 parit,
1865 766 1931 818 et
1988 755 2258 821 aliorum
2306 756 2711 822 incommodo
2755 768 2822 822 et

889 846 1282 911 detrimento
1346 840 1468 907 sibi
1528 839 1609 904 ad
1670 841 1948 906 honores
1995 846 2165 905 viam
2212 844 2429 906 struit.
2522 844 2821 926 Denique

887 949 1311 1016 quaecunque
1355 928 1676 993 amicitiae
1711 926 1836 991 alio
1874 947 2068 1009 quam
2112 928 2248 992 Deo
2286 940 2359 991 ut
2395 929 2820 994 fundamento

888 1018 1214 1089 nituntur,
1273 1027 1337 1078 et
1379 1033 1545 1094 quae
1588 1012 1669 1077 ad
1714 1015 1925 1095 ipsum
1976 1024 2050 1077 ut
2095 1014 2289 1078 finem
2336 1013 2641 1079 ultimum
2686 1036 2818 1080 non

888 1103 1285 1174 referuntur,
1332 1098 1678 1164 simulatae
1723 1110 1879 1163 sunt
1921 1112 1985 1163 et
2021 1100 2290 1164 fucatae.
2380 1100 2607 1183 Neque
2642 1103 2818 1165 enim

885 1187 1152 1254 illarum
1199 1184 1610 1268 principium,
1668 1195 1743 1250 ut
1787 1183 1941 1262 dixi,
2001 1183 2240 1249 bonum
2286 1194 2385 1250 est
2427 1205 2640 1269 neque
2682 1208 2818 1252 rec·

888 1284 1060 1339 tum:
1124 1270 1354 1336 deinde
1397 1272 1586 1336 amici
1632 1291 1701 1336 se
1737 1270 1942 1335 amari
1979 1271 2059 1335 ab
2095 1271 2321 1337 amicis
2357 1292 2488 1336 non
2525 1272 2816 1349 credunt,

889 1359 1016 1425 nisi
1072 1356 1155 1422 ad
1213 1357 1456 1421 malum
1511 1356 1672 1439 ipsis
1716 1377 1904 1422 suam
1949 1377 2211 1438 operam
2258 1367 2520 1434 navent,
2590 1369 2658 1422 et
2699 1379 2817 1423 sua

885 1444 1137 1529 flagitia
1180 1450 1437 1526 tegant:
1484 1463 1560 1507 ac
1601 1441 1874 1526 proinde
1918 1442 2084 1506 tales
2127 1442 2448 1507 amicitiae
2492 1444 2560 1506 in
2600 1442 2815 1508 Deum

889 1532 1102 1615 ipsum
1149 1540 1215 1593 et
1256 1532 1326 1593 in
1371 1529 1474 1593 ius
1508 1538 1575 1592 et
1608 1529 2001 1611 aequitatem
2037 1537 2340 1610 peceant:
2386 1539 2451 1592 et
2488 1528 2651 1592 nihil
2688 1529 2816 1594 nisi

887 1617 1147 1681 vanitas
1172 1627 1350 1690 sunt,
1394 1613 1564 1696 quod
1590 1613 1886 1678 homines
1910 1613 2043 1677 sint
2063 1613 2471 1694 suiipsorum
2499 1624 2814 1680 amantea.

889 1701 1283 1784 Quanquam
1362 1698 1643 1782 alioquin
1726 1699 2010 1766 amicitia
2083 1709 2183 1764 est
2246 1700 2580 1783 singulare
2644 1700 2818 1765 inter

888 1787 1188 1854 homines
1247 1785 1506 1863 bonum,
1567 1785 1759 1851 modo
1818 1785 1896 1849 ad
1960 1786 2081 1850 Dei
2137 1783 2382 1850 cultum
2430 1794 2498 1849 et
2541 1786 2814 1870 gloriam

887 1873 1230 1941 referatur.
1320 1869 1672 1955 Singulare
1736 1872 1997 1952 inquam
2066 1870 2303 1934 bonum
2369 1871 2539 1953 quod
2605 1891 2818 1953 neque

887 1980 1077 2043 reges
1147 1976 1354 2038 neque
1399 1957 1723 2041 principes
1767 1978 1886 2021 sua
1929 1955 2295 2021 conditione
2338 1959 2632 2021 contenti
2675 1977 2816 2023 esse

886 2046 1139 2130 possint
1183 2044 1304 2108 nisi
1352 2053 1670 2118 amentur,
1721 2051 1785 2106 et
1829 2042 2110 2106 habeant
2149 2042 2388 2106 amicos
2433 2044 2814 2125 quibuscum

888 2150 1008 2197 sua
1065 2128 1546 2195 communicent
1589 2128 2017 2192 familiariter.
2105 2126 2205 2192 Ac
2249 2147 2407 2193 sane
2449 2129 2559 2193 vix
2608 2127 2811 2193 ullum

888 2216 958 2282 in
1005 2214 1248 2280 mundo
1293 2215 1578 2296 reperias
1621 2214 1762 2278 siue
1797 2213 2099 2286 amicitia,
2141 2233 2332 2295 quem
2369 2214 2436 2278 in
2475 2213 2813 2278 hominum

890 2302 1128 2368 animis
1183 2300 1490 2364 affectum
1549 2299 1690 2383 ipse
1748 2298 1931 2364 Deus
1987 2298 2348 2380 insculpsit.
2435 2299 2813 2365 Amicitiam

887 2398 1113 2454 autem
1150 2386 1258 2451 hic
1296 2407 1453 2450 voco
1488 2386 1669 2450 illam
1709 2385 2071 2449 animorum
2108 2384 2627 2450 coniunctionem
2653 2407 2816 2467 quae

893 2476 1102 2538 oritur
1145 2493 1226 2536 ex
1272 2492 1523 2536 morum
1563 2470 2005 2546 similitudine,
2049 2483 2115 2535 et
2150 2468 2564 2534 affectionum
2600 2492 2674 2537 ac
2709 2493 2818 2536 vo-

888 2559 1221 2624 luntatum
1257 2576 1590 2636 consensu,
1623 2568 1698 2621 ιιι
1731 2578 1925 2623 verus
1954 2556 2125 2621 inter
2152 2554 2392 2620 amicos
2414 2576 2596 2621 amor
2616 2578 2817 2640 appa·

888 2652 1050 2710 reat.
1136 2641 1309 2707 Nam
1363 2643 1644 2709 amicitia
1688 2664 1851 2726 quae
1896 2644 1976 2708 ab
2021 2661 2239 2706 amore
2285 2640 2453 2705 malo
2498 2653 2567 2706 et
2606 2642 2815 2709 detes-

890 2725 1090 2795 tando
1140 2728 1448 2809 nascitur,
1505 2740 1580 2795 ut
1620 2729 1785 2797 vitia
1827 2728 2188 2803 foveantur,
2248 2724 2390 2792 Deo
2434 2736 2499 2791 et
2546 2738 2816 2793 naturae

886 2814 1216 2883 contraria
1281 2824 1397 2879 est.
1489 2814 1619 2881 Sed
1665 2816 1772 2881 ubi
1814 2815 2080 2880 virtutis
2123 2832 2343 2879 amore
2386 2813 2816 2879 conciliantur

888 2899 1233 2978 amicitiae,
1290 2907 1356 2964 et
1411 2901 1594 2967 Deus
1635 2902 1881 2985 primas
1923 2901 1987 2965 in
2034 2918 2255 2965 amore
2299 2908 2515 2980 partes
2559 2900 2815 2976 retinet,

887 2987 1072 3054 illam
1129 3004 1252 3069 ego
1310 2985 1699 3052 laudabilem
1758 2997 1827 3051 et
1868 2985 2211 3051 honestam
2256 2984 2603 3048 amicitiam
2652 2984 2812 3059 dico,

889 3081 958 3141 et
1036 3071 1280 3136 bonum
1344 3071 1832 3138 inaestimabile.
1922 3072 2089 3136 Nam
2156 3071 2212 3135 si
2279 3069 2425 3150 quis
2493 3071 2815 3153 prosperis

888 3158 1085 3226 rebus
1121 3164 1364 3235 utatur,
1401 3160 1540 3224 eius
1574 3157 1824 3224 laetitia
1859 3157 2133 3221 multum
2171 3152 2532 3235 augebitur,
2569 3155 2624 3220 si
2653 3157 2812 3221 ami-

886 3265 1040 3312 cum
1106 3241 1342 3307 habeat
1404 3246 1663 3327 quicum
1729 3243 2133 3308 familiariter
2188 3259 2306 3305 sua
2349 3242 2815 3307 eommunicet:

888 3340 961 3397 et
1012 3328 1083 3393 in
1137 3328 1426 3395 adversis
1491 3331 1824 3395 minuetur
1881 3328 2180 3393 molestia
2239 3326 2295 3391 si
2339 3327 2547 3408 possit
2589 3327 2658 3390 in
2704 3328 2816 3393 ali·

889 3416 1076 3483 cuius
1110 3415 1326 3479 sinum
1364 3415 1714 3481 effundere.
1787 3414 2009 3495 Quare
2044 3433 2245 3496 quum
2282 3412 2367 3476 sit
2401 3412 2814 3477 manifestum

892 3501 1243 3567 amicitiam
1300 3500 1644 3567 honestam
1707 3498 2077 3566 hominibus
2134 3519 2173 3563 a
2215 3498 2357 3561 Deo
2415 3497 2632 3562 datam
2678 3519 2819 3564 esse

891 3605 1220 3653 summum
1264 3586 1524 3661 bonum,
1571 3595 1754 3653 tanto
1798 3586 2038 3651 maiore
2080 3584 2295 3651 studio
2333 3581 2640 3649 debemus
2674 3605 2818 3649 eam

892 3670 975 3737 ad
1019 3670 1226 3753 ipsius
1277 3672 1398 3736 Dei
1445 3673 1713 3755 gloriam
1747 3672 2005 3739 referre.
2095 3670 2263 3735 Nam
2289 3689 2415 3752 quo
2437 3670 2821 3752 pretiosiora

893 3765 1049 3823 sunt
1112 3754 1241 3820 Dei
1307 3756 1492 3837 dona,
1558 3780 1633 3824 eo
1692 3757 1900 3839 magis
1944 3756 2066 3839 ipsi
2112 3754 2399 3821 devincti
2445 3776 2688 3833 sumus,
2754 3767 2820 3820 et

894 3842 1167 3927 gloriam
1245 3843 1452 3925 ipsius
1524 3864 1903 3927 promovere
1969 3841 2284 3908 iubemur.
2374 3838 2596 3920 Quum
2663 3862 2821 3907 vero

892 3927 1216 3994 amicitiae
1283 3949 1485 4011 vagae
1550 3942 1617 3996 et
1679 3930 1965 3994 incertae
2029 3937 2202 4005 sunt,
2269 3946 2483 4008 neque
2547 3925 2629 3991 ad
2694 3927 2818 3991 Dei

893 4013 1172 4099 gloriam
1231 4023 1542 4099 spectant,
1601 4016 1668 4080 in
1730 4014 1945 4080 Deum
2004 4021 2308 4096 peccatur
2363 4022 2428 4077 et
2483 4012 2820 4095 sacrilegio

891 4098 1202 4165 maiestas
1280 4099 1481 4182 ipsius
1546 4101 1859 4167 violatur:
1941 4097 2458 4182 quandoquidem
2526 4119 2658 4162 non
2723 4097 2819 4162 illi

893 4184 1106 4250 honor
1162 4186 1271 4267 qui
1320 4185 1591 4251 debetur
1632 4186 1996 4252 exhibetur.
2084 4183 2309 4264 Quare
2352 4183 2502 4249 licet
2548 4182 2819 4249 honeste

893 4271 1067 4337 inter
1109 4290 1180 4334 se
1229 4270 1524 4336 homines
1568 4272 1815 4354 vivant,
1871 4280 1936 4335 et
1977 4269 2331 4336 amicitiam
2376 4269 2609 4349 colant,
2660 4290 2815 4351 quo·

896 4355 1073 4422 niam
1115 4366 1335 4421 tamen
1371 4357 1550 4423 illius
1589 4355 2081 4422 fundamentum
2119 4376 2250 4420 non
2287 4365 2386 4420 est
2419 4355 2625 4433 Deus,
2663 4377 2819 4420 vera

897 4441 1027 4506 dici
1071 4461 1203 4505 non
1249 4451 1480 4524 potest.
1567 4442 1918 4508 Ionathani
1962 4463 2117 4507 vero
2154 4442 2440 4507 amicitia
2467 4442 2817 4523 singularis

896 4527 1006 4593 hio
1048 4527 1556 4604 commendatur,
1599 4549 1798 4610 quum
1843 4527 2113 4593 dicitur:
2166 4526 2478 4592 Davidem
2520 4527 2821 4592 dilexisse

894 4619 1198 4694 tanquam
1248 4614 1525 4678 animam
1565 4634 1769 4693 suam,
1834 4619 1890 4677 et
1931 4614 2147 4679 anima
2188 4611 2487 4678 Ionathae
2525 4612 2820 4695 conyluti-

894 4703 1051 4764 nata
1110 4699 1356 4763 animae
1421 4699 1716 4766 Daoidis,
1805 4699 1970 4763 Nam
2036 4699 2182 4764 istis
2241 4698 2456 4764 verbis
2515 4697 2819 4763 docemur

898 4782 1338 4850 Ionathanum
1420 4806 1549 4850 non
1631 4785 1929 4850 utilitatis
1994 4806 2151 4849 suae
2214 4784 2427 4867 gratia
2490 4782 2813 4849 Davidem

897 4869 1238 4953 amavisse,
1284 4878 1362 4934 ut
1403 4871 1536 4935 fere
1577 4869 1789 4936 solent
1822 4871 2115 4936 homines
2149 4870 2251 4934 sui
2282 4868 2603 4934 commodi
2624 4890 2819 4936 causa

898 4954 1110 5021 colere
1167 4955 1513 5021 amicitias:
1573 4977 1725 5021 nam
1781 4965 1896 5020 aut
1936 4977 2052 5040 spe
2094 4954 2256 5021 lucri
2301 4954 2649 5031 ducuntur,
2705 4967 2819 5021 aut

896 5038 1184 5119 honoris,
1250 5052 1364 5106 aut
1426 5042 1629 5107 bonae
1696 5042 1942 5107 famae:
2007 5062 2172 5124 quae
2227 5050 2329 5106 est
2382 5041 2815 5107 amicitiarum

897 5125 1115 5210 potius
1137 5127 1413 5204 violatio,
1437 5127 1953 5211 quandoquidem
1976 5127 2103 5193 Dei
2127 5127 2324 5193 verbo
2348 5149 2477 5192 non
2499 5128 2817 5207 nituntur,

2544 310 2955 377 HOMILIA
2996 313 3250 379 LXVI.
4665 318 4746 385 256

2922 502 3195 585 proinde
3271 499 3788 569 maledictionem
3853 523 4075 569 secum
4142 503 4437 569 trahunt.
4530 505 4752 576 Ionathu

2923 608 3078 652 vero
3143 587 3467 654 Davidem
3528 589 3790 654 virtutis
3848 609 4075 654 amore
4134 588 4385 654 dilexit.
4468 590 4626 656 Unde
4666 593 4754 660 ‹lis-

2921 675 3130 739 cimus
3172 675 3265 739 ita
3308 673 3608 740 colendas
3649 675 3968 740 amicitias
4007 695 4089 739 ne
4126 696 4249 740 nos
4284 676 4456 759 ipsos
4488 678 4753 759 respexisse

2921 769 2988 823 et
3051 759 3399 825 utilitatem
3467 760 3867 840 quaesivisse
3931 760 4295 839 videamur,
4379 760 4539 845 quod
4593 777 4757 831 natura

2923 845 3167 910 malum
3212 846 3514 910 inhaeret
3558 843 3764 924 nobis,
3809 865 3990 910 amor
4026 867 4261 930 nempe
4298 849 4518 928 nostri,
4554 848 4643 913 sed
4667 850 4754 914 vir·

2922 942 3096 996 tutes
3141 931 3210 996 in
3254 933 3335 997 iis
3380 951 3672 1005 amemus
3716 952 3874 1014 quos
3919 931 4102 996 Deus
4145 933 4504 1016 insignibus
4542 936 4754 999 ornavit:

2920 1026 2986 1081 et
3028 1016 3569 1100 quemadmodum
3614 1017 3694 1081 ab
3737 1036 3867 1082 uuo
3912 1015 4208 1083 ducimus
4243 1039 4469 1084 omnes
4501 1020 4758 1102 originem,

2919 1102 3197 1167 invicem
3242 1114 3552 1185 tanquam
3599 1103 3790 1168 unius
3834 1104 4122 1185 corporis
4163 1103 4455 1169 membra
4493 1105 4758 1169 siucereet

2920 1188 3176 1272 integre
3256 1191 3577 1252 vivamus.
3669 1188 3896 1271 Neque
3980 1209 4133 1253 vero
4207 1187 4349 1255 dieo
4417 1192 4547 1272 pari
4600 1211 4761 1255 omnen

2920 1293 3139 1337 amore
3196 1294 3384 1356 posse
3439 1272 3642 1356 diligi,
3700 1275 3822 1339 etsi
3868 1295 4097 1339 omnes
4141 1276 4403 1339 amandi
4447 1285 4586 1340 sunt
4618 1296 4650 1339 a
4682 1276 4760 1339 mi·

2920 1359 3098 1423 nimo
3141 1358 3223 1424 ad
3270 1360 3647 1439 maximum,
3712 1368 3778 1424 et
3819 1359 4082 1442 quidem
4127 1362 4323 1425 etiam
4372 1361 4576 1426 hostes
4609 1360 4764 1425 inien-

2918 1446 3158 1510 sissimi
3201 1456 3267 1509 et
3308 1444 3785 1527 capitalissimi:
3832 1445 3943 1510 sed
3990 1455 4209 1511 tamen
4257 1445 4339 1511 de
4382 1447 4621 1529 speciali
4656 1466 4763 1528 que·

2920 1530 3067 1594 dam
3112 1551 3270 1615 erga
3311 1529 3662 1596 familiares
3704 1531 3989 1597 amicitia
4034 1530 4285 1614 loquor:
4332 1553 4496 1614 quae
4535 1532 4641 1598 etsi
4673 1553 4764 1597 non

2918 1629 3020 1681 est
3059 1615 3157 1680 illi
3203 1616 3488 1700 generali
3536 1615 3833 1698 qualitati
3876 1618 4220 1697 contraria,
4265 1638 4395 1700 qua
4429 1638 4619 1700 neque
4646 1616 4765 1682 telli-

2919 1713 3028 1766 tur
3073 1723 3280 1784 neque
3324 1702 3658 1779 minuitur,
3702 1699 4007 1766 distincta
4050 1712 4268 1767 tamen
4306 1714 4377 1766 et
4410 1710 4767 1786 separataest

2918 1788 2998 1851 ab
3051 1787 3182 1852 illa.
3271 1786 3732 1868 Quamobrem,
3792 1791 3850 1852 si
3913 1788 4035 1852 Dei
4090 1788 4214 1853 filii
4256 1809 4486 1853 sumus
4524 1798 4585 1853 et
4622 1790 4769 1871 ipsius

2915 1873 3152 1955 spiritu
3219 1873 3513 1958 regeniti,
3577 1874 3847 1938 caritate
3904 1892 4132 1938 omnes
4189 1874 4681 1957 complectemur,
4726 1882 4770 1936 et

2915 1959 3088 2040 ipsos
3145 1970 3416 2032 nostros,
3484 1970 3558 2022 ut
3616 1974 3768 2023 ante
3833 1957 3989 2037 dixi,
4057 1959 4274 2024 hostes
4317 1960 4772 2043 capitalissimoet

2917 2044 3028 2108 sed
3096 2043 3519 2108 nihilominus
3583 2046 3857 2110 arctiore
3922 2042 4201 2125 quadam
4268 2046 4690 2109 coniunctione
4730 2051 4773 2106 et

2917 2128 3204 2195 amicitia
3246 2128 3634 2194 sociabimur
3658 2131 3736 2194 iis
3772 2150 4043 2212 quorum
4083 2151 4294 2196 mores
4330 2131 4571 2196 nostris
4592 2127 4779 2195 similet

2918 2215 3179 2280 fuerint.
3255 2214 3410 2298 Sed,
3456 2227 3532 2279 ut
3575 2216 3977 2296 praemonui,
4022 2236 4438 2298 summopere
4481 2215 4774 2281 cavendum

2918 2322 3000 2366 ne
3047 2301 3246 2365 nostri
3290 2322 3508 2366 amore
3554 2302 3973 2383 abripiamur,
4019 2323 4143 2384 quo
4190 2315 4429 2366 natura
4463 2300 4775 2385 plerumque

2918 2386 3250 2452 ducimur:
3313 2397 3379 2451 et
3444 2385 3586 2450 Deo
3651 2389 3718 2450 in
3783 2386 4083 2452 amicitiis
4145 2388 4399 2470 primae
4456 2400 4652 2470 partes
4696 2384 4776 2448 tri·

2919 2472 3229 2552 buendae,
3272 2472 3326 2536 si
3370 2473 3652 2536 amicum
3695 2473 3910 2554 ipsum
3955 2472 4196 2538 habere
4241 2473 4567 2552 volumus,
4610 2482 4667 2535 et
4698 2471 4778 2534 ho-

2918 2567 3170 2622 nestam
3228 2557 3576 2622 amicitiam
3637 2558 3865 2622 colere.
3953 2558 4122 2622 Nam
4168 2559 4411 2641 alioqui
4457 2572 4679 2623 certum
4712 2566 4781 2619 est

2918 2665 3036 2708 nos
3070 2643 3141 2708 in
3177 2641 3498 2725 quaelibet
3532 2643 3694 2706 vitia
3728 2644 3864 2707 fore
3902 2644 4238 2726 proclives,
4275 2658 4343 2708 et
4378 2643 4611 2708 multas
4631 2641 4779 2705 malas

2917 2730 3290 2794 affectiones
3348 2729 3666 2793 amicitiae
3713 2730 3973 2794 nomine
4017 2738 4321 2795 tecturos.
4418 2731 4634 2812 Neque
4670 2746 4782 2790 vero

2917 2813 3145 2897 loquor
3200 2813 3281 2878 de
3337 2815 3612 2896 impuris
3669 2813 3802 2878 illis
3861 2815 4162 2881 amicitiis
4205 2817 4440 2897 quibus
4486 2826 4688 2879 mutuo
4720 2812 4781 2874 fo·

2920 2912 3157 2965 ventur
3200 2899 3489 2975 crimina,
3535 2898 3648 2964 sed
3694 2899 3774 2964 de
3817 2901 4121 2967 amicitiis
4164 2901 4472 2966 civilibus
4515 2902 4671 2965 inter
4704 2896 4784 2961 ho-

2919 2998 3140 3050 nestos
3200 2986 3396 3063 viros,
3456 3006 3619 3067 quae
3679 2995 3898 3050 tamen
3958 2986 4087 3050 nisi
4146 2986 4288 3051 Deo
4334 2988 4644 3063 nitantur,
4693 3003 4782 3046 non

2917 3078 3193 3154 possunt
3234 3070 3359 3135 nisi
3402 3090 3542 3136 esse
3585 3091 3797 3136 vanae
3842 3083 3907 3137 et
3949 3073 4197 3137 inanes.

3088 3157 3176 3220 Et
3238 3155 3555 3222 hactenus
3620 3157 3700 3220 de
3764 3157 4050 3222 amicitia
4113 3158 4225 3222 illa
4289 3155 4635 3222 Ionath'ani
4679 3172 4783 3219 cum

2919 3241 3204 3306 Davide:
3261 3243 3389 3305 iam
3435 3240 3881 3326 expendamus
3924 3245 4117 3307 etiam
4164 3242 4465 3309 divinum
4512 3261 4655 3325 erga
4688 3238 4785 3303 Ds-

2918 3328 3132 3392 videm
3194 3327 3481 3391 favorem
3540 3337 3605 3391 et
3647 3327 4185 3405 benevolentiam,
4243 3331 4355 3410 qui
4401 3330 4669 3393 amicum
4702 3322 4786 3406 ipsi

2917 3412 3356 3478 Ionathanum
3399 3413 3754 3491 suscitavit,
3811 3435 3937 3496 quo
3979 3414 4048 3478 in
4096 3415 4287 3479 rebus
4333 3413 4688 3479 difficilibus
4717 3412 4785 3472 iu·

2919 3511 3186 3564 varetur
3219 3511 3287 3564 et
3320 3498 3790 3564 sublevaretur.
3878 3499 4067 3574 Nam,
4105 3509 4182 3564 ut
4216 3500 4525 3582 deinceps
4560 3493 4787 3563 audituri

2918 3606 3160 3661 sumus,
3210 3583 3424 3649 David
3468 3605 3615 3649 cum
3664 3585 4001 3650 horrendis
4046 3585 4522 3650 tentationibus
4565 3585 4785 3648 luctatus

2917 3681 3034 3745 est,
3106 3669 3420 3734 adversus
3477 3671 3689 3752 ipsum
3743 3671 4044 3735 omnibus
4101 3670 4618 3754 insurgentibus,
4673 3664 4787 3731 adeo

2919 3755 3180 3837 quidem
3227 3764 3299 3819 ut
3344 3774 3552 3837 neque
3597 3767 3848 3837 patrem
3897 3777 4103 3838 neque
4141 3770 4421 3821 matrem
4463 3775 4656 3837 neque
4682 3772 4787 3816 con·

2921 3843 3308 3925 sanguineos
3374 3840 3657 3905 fautores
3723 3852 3789 3905 et
3832 3840 4163 3906 adiutores
4206 3841 4533 3918 habuerit,
4594 3834 4787 3923 quade

2922 3948 2992 3992 re
3026 3927 3438 4009 conqueritur
3483 3925 3747 3990 Psalmo
3781 3927 3884 4005 27,
3930 3927 4088 3992 adeo
4123 3927 4386 4009 quidem
4427 3938 4505 3992 ut
4539 3938 4784 4006 tanquam

2921 4012 3253 4096 putridum
3331 4012 3616 4095 corporis
3693 4012 4054 4077 membrum
4120 4014 4534 4087 abiiceretur,
4606 4022 4715 4074 tam
4751 4024 4787 4103 ‘t

2920 4118 3213 4163 summae
3250 4096 3584 4181 dignitatis
3619 4119 3814 4179 quam
3851 4098 3931 4162 ab
3969 4099 4227 4162 infimae
4261 4096 4645 4163 conditionis
4676 4095 4786 4158 viru

2920 4195 3226 4266 tanquam
3265 4204 3414 4248 reus
3452 4184 3662 4249 laesae
3698 4184 4052 4249 maiestatis
4090 4183 4443 4248 haberetur
4480 4183 4589 4267 qui
4623 4194 4785 4275 tamen

2919 4271 3142 4334 insons
3207 4277 3347 4332 erat
3410 4288 3626 4334 coram
3695 4269 3857 4345 Deo,
3927 4270 4163 4333 bonum
4230 4269 4325 4332 illi
4401 4272 4785 4334 &stimonium

2921 4358 3169 4419 ferente
3212 4355 3639 4421 conscientia:
3685 4355 4022 4420 Insontem
4068 4354 4292 4419 audire
4338 4375 4533 4420 nemo
4554 4350 4783 4417 volebat:

2919 4452 3423 4524 praeoccupatus
3463 4441 3622 4505 falso
3658 4442 4066 4525 praeiudicio,
4108 4441 4282 4523 regis
4318 4441 4573 4506 hostem
4606 4442 4785 4502 esse&

2918 4527 3331 4610 perfidiosum
3422 4525 3767 4591 Davidem.
3855 4526 4077 4607 Quare
4161 4547 4324 4610 opus
4414 4524 4633 4590 habuit
4695 4517 4782 4613 fidq

2918 4613 3142 4689 amico,
3186 4612 3296 4694 qui
3340 4612 3409 4676 iu
3455 4613 3597 4677 istis
3643 4612 4109 4677 tentationibus
4153 4633 4301 4675 eum
4339 4612 4669 4684 solaretur,
4704 4622 4784 4686 qm

2918 4697 3194 4762 leviores
3252 4697 3539 4763 efficeret
3598 4700 3989 4764 tentationes
4043 4710 4110 4762 et
4167 4697 4558 4762 afflictiones
4611 4702 4781 4758 mutuo

2915 4784 3231 4866 colloquio
3290 4794 3356 4849 et
3414 4784 3651 4850 favore.
3739 4784 4176 4849 Ionathanum
4230 4784 4441 4868 igitur
4498 4780 4614 4865 ipsi
4650 4776 4784 4842 Deus

2916 4871 3192 4933 amicum
3256 4870 3609 4936 suscitavit.
3699 4869 3892 4951 Quod
3951 4890 4109 4933 vero
4163 4891 4305 4947 sese
4361 4868 4549 4935 exuit
4601 4878 4780 4933 tumet,

2917 4963 2983 5019 et
3047 4976 3125 5020 ea
3181 4953 3505 5019 Davidem
3551 4955 3781 5034 induit,
3848 4956 4034 5039 eique
4078 4956 4270 5019 etiam
4316 4954 4604 5040 gladium
4641 4962 4780 5013 suum

2917 5040 3111 5118 dedit,
3148 5061 3370 5107 arcum
3407 5054 3475 5106 et
3513 5041 3863 5124 baltheum,
3899 5044 4161 5107 fuerunt
4195 5041 4523 5107 amicitiae
4547 5046 4781 5103 summae

2917 5127 3209 5210 pignora,
3255 5148 3419 5209 quae
3462 5126 3645 5193 Deus
3688 5149 3817 5193 non
3862 5126 4052 5192 modo
4096 5147 4230 5189 non
4275 5125 4667 5209 improbavit,
4701 5110 4779 5181 ⁸0⁶1

898 5209 1016 5278 sed
1081 5213 1335 5294 privata
1403 5213 1650 5280 utilitas
1714 5224 1781 5280 et
1841 5213 2250 5281 commodum
2308 5213 2675 5296 quaeritur:
2741 5236 2816 5281 ac
2914 5212 2998 5277 ad
3041 5213 3245 5297 ipsius
3288 5212 3542 5279 laudem
3580 5215 3927 5280 memorari
3962 5211 4191 5277 voluit.
4278 5209 4697 5294 Quamobrem
4723 5218 4780 5264 εἰ
