5059 6059
341 303 472 370 537

342 514 545 579 saepe
578 494 974 562 contrarium
1007 493 1295 562 accidere
1332 494 1645 576 videmus,
1678 496 2012 564 sciendum
2034 504 2251 565 tamen

342 579 601 647 nemini
622 578 838 647 Deum
860 579 1221 665 obligatum
1244 601 1404 662 esse,
1426 580 1542 647 sed
1563 581 1763 650 libere
1783 603 2039 667 semper
2060 604 2252 669 agere

342 678 547 750 atque
566 686 676 732 eos
708 686 868 751 quos
891 666 1154 732 libuerit
1180 666 1303 733 sibi
1324 686 1677 736 reservare.
1722 666 1879 735 Ideo
1900 689 2092 752 saepe
2121 668 2251 734 fae-

345 759 493 818 tum
524 750 596 817 in
633 761 893 836 patrum
929 751 1206 819 historia
1237 752 1534 838 legimus,
1572 762 1649 819 ut
1681 774 1765 819 ex
1799 754 1985 822 bonis
2019 773 2251 837 paren·

345 837 529 905 tibus
574 847 990 904 contumaces
1035 846 1102 904 et
1147 838 1521 923 pervicaces
1565 839 1682 904 filii
1719 839 1859 906 nati
1893 840 2059 906 sint:
2111 840 2251 905 Deo

218 969 243 990 ι
344 933 576 990 tamen
639 943 773 989 non
835 921 1110 990 faciente
1174 943 1358 991 snam
1421 924 1915 1007 promissionem
1977 924 2248 990 irritam.

346 1008 725 1092 Conspicua
756 1008 932 1075 enim
966 1008 1172 1093 ipsine
1208 1008 1647 1076 misericordia
1679 1017 1778 1076 est
1812 1009 1986 1094 quod
2013 1010 2254 1094 aliquo-

344 1115 500 1162 rum
536 1114 793 1176 semper
822 1095 1191 1171 miseretur,
1226 1103 1294 1160 at
1326 1115 1462 1159 non
1497 1115 1752 1179 semper
1781 1095 2249 1162 indifferenter.

345 1179 577 1262 Quare
618 1180 718 1246 illi
761 1179 921 1246 haec
942 1179 1205 1247 libertas
1225 1178 1657 1263 relinquenda
1677 1187 1796 1262 est,
1836 1200 2251 1265 quoscunque

342 1265 672 1418 {lg-cuerit
712 1263 1013 1349 eligendi,
1055 1264 1185 1332 nisi
1231 1264 1443 1332 Deum
1496 1264 1873 1344 iniustitiae,
1919 1266 2089 1350 quod
2110 1267 2251 1332 sine

495 1350 759 1435 phemia
799 1372 933 1417 non
975 1370 1340 1434 possumus,
1384 1370 1687 1418 accusare
1728 1351 2047 1418 volumus.
2093 1351 2252 1417 'Pes-

348 1446 538 1503 tatur
559 1445 776 1503 autem
798 1435 866 1502 id
889 1437 969 1503 de
991 1456 1061 1503 se
1084 1435 1257 1519 apud
1276 1437 1513 1502 Mosen
1532 1436 1875 1515 Dominus,
1898 1437 2003 1504 his
2016 1436 2252 1519 verbis,

342 1521 701 1590 M'neerebor
732 1522 835 1589 cui
869 1521 1131 1600 voluero,
1166 1526 1224 1588 et
1254 1522 1610 1589 misericors
1641 1542 1747 1588 ero
1780 1523 1852 1589 iot
1883 1542 2062 1605 quem
2093 1522 2254 1588 mihi

318 1609 680 1692 placuerit:
745 1607 932 1691 quasi
995 1605 1188 1687 dicat,
1253 1607 1375 1674 sibi
1417 1627 1458 1672 a
1500 1608 1756 1674 nemine
1818 1608 2034 1693 legem
2097 1608 2253 1674 ferri

327 1715 565 1780 posse:
610 1691 727 1760 sed
760 1693 833 1759 in
856 1713 976 1760 sna
996 1692 1282 1776 positum
1304 1712 1445 1758 esse
1465 1700 1783 1776 potestate
1806 1713 2254 1777 quemcunque

327 1779 623 1848 voluerit
674 1778 935 1863 eligere,
1000 1786 1065 1843 et
1124 1778 1630 1846 misericordiam
1694 1799 1883 1846 suam
1938 1779 2009 1844 in
2065 1779 2251 1845 illum

329 1865 377 1931 d
464 1884 719 1931 romere
760 1885 843 1931 ex
886 1863 1173 1948 gratuita
1213 1884 1333 1931 sua
1373 1862 1691 1930 bonitate:
1736 1873 1805 1931 et
1847 1874 2073 1932 contra
2094 1883 2252 1949 qnos

327 1886 620 2019 vgfnerit
671 1970 790 2017 suo
840 1948 1078 2018 iudicio
1133 1950 1302 2016 insto
1355 1949 1719 2032 reprobare.
1804 1951 1982 2017 Hinc
2036 1958 2253 2033 patres

328 2036 638 2104 discunto
692 2035 939 2102 maiore
978 2054 1138 2101 cura
1180 2040 1248 2101 et
1299 2034 1729 2102 sollicitudine
1771 2035 1989 2104 Deum
2028 2055 2250 2118 preca-

328 2121 417 2199 ri,
481 2131 548 2189 et
608 2120 799 2188 seriis
858 2119 1407 2188 admonitionibus
1463 2121 1699 2188 liberos
1754 2120 2130 2206 diligentius
2186 2128 2252 2188 et

332 2206 705 2275 accuratius
758 2204 842 2273 ad
891 2207 1070 2273 vitae
1113 2205 1605 2273 sanctimoniam
1648 2206 1941 2274 incitare.
2027 2206 2251 2272 Bonos

326 2313 493 2361 vero
550 2292 790 2359 liberos
854 2312 1012 2359 sane
1075 2289 1306 2359 lubens
1380 2311 1659 2376 agnosco
1731 2291 1831 2358 sin
1926 2291 2060 2358 lare
2124 2291 2251 2358 Dei

325 2378 578 2445 donum
619 2398 788 2445 esse:
846 2387 913 2442 et
954 2396 1214 2460 sperare
1256 2374 1477 2444 fideles
1534 2384 1787 2461 oportet
1895 2397 2046 2444 eum
2081 2376 2250 2444 hano

320 2464 494 2549 ipsis
534 2463 814 2548 gratiam
855 2462 1265 2548 largiturum,
1305 2462 1442 2528 fore
1464 2469 1539 2527 ut
1560 2463 1767 2545 ipsius
1808 2460 2251 2530 misericordia

320 2550 401 2615 in
452 2569 564 2616 eos
616 2568 875 2632 semper
923 2545 1332 2627 extendatur,
1388 2548 1504 2631 qui
1546 2546 1784 2615 dociles
1825 2568 1897 2614 se
1940 2546 2247 2631 praebue-

324 2637 486 2787 ξέοι,
552 2643 618 2700 et
670 2653 748 2734 eo
803 2633 940 2700 solo
995 2634 1134 2733 nigri
1190 2633 1454 2786 fueiroigeti
1480 2719 1494 2733 ι
1535 2633 1787 2784 Ὑιίῗὲιιιι
1843 2640 2063 2734 tamen
2117 2653 2248 2784 nicil?

320 2743 345 2785 1
394 2740 479 2787 eo
520 2740 852 2804 segniores
891 2740 1032 2786 esse
1074 2739 1250 2802 1psos
1474 2739 1546 2784 m
1698 2739 1794 2783 ris
1833 2739 2127 2802 oorngen
2235 2767 2251 2799 ,

367 2805 515 2873 nasi
558 2805 774 2872 Deum
816 2803 939 2872 sibi
983 2804 1356 2870 devinctum
1401 2811 1695 2870 teneant:
1739 2801 1852 2870 sed
1882 2803 2101 2870 Deum
2144 2824 2248 2869 ar-

367 2889 632 2958 entibus
690 2890 857 2957 votis
913 2889 1281 2968 sollicitare,
1346 2899 1422 2955 ut
1474 2910 1633 2973 quos
1695 2888 1933 2956 liberos
1981 2888 2248 2969 dederit,

316 2975 587 3045 eosdem
630 2996 750 3043 suo
790 2998 843 3043 s.
887 2976 1121 3060 spiritu
1162 2989 1378 3061 regat:
1437 2994 1514 3041 ac
1555 2973 2093 3059 quemadmodum
2136 2996 2246 3060 pa-

316 3061 539 3128 tribus
580 3081 766 3128 snam
807 3060 1314 3128 misericordiam
1354 3060 1872 3140 communicavit,
1917 3059 2142 3127 eadem
2176 3061 2247 3126 in

312 3147 497 3214 filios
538 3145 851 3231 effundat,
900 3156 968 3213 et
1010 3146 1529 3230 perseverantiae
1570 3167 1646 3212 ac
1685 3146 2090 3213 constantiae
2134 3145 2245 3212 do-

314 3252 488 3299 num
531 3233 691 3317 ipsis
730 3231 1068 3318 largiatur,
1111 3251 1474 3315 novamque
1519 3251 1772 3315 semper
1816 3232 1888 3298 in
1929 3233 2071 3314 ipso
2112 3231 2243 3298 lae-

313 3317 508 3385 tandi
552 3318 895 3385 materiam
937 3311 1319 3402 suppeditet.
1406 3317 1554 3383 Hac
1594 3317 1799 3402 igitur
1839 3317 2094 3383 ratione
2134 3337 2245 3400 pa-

314 3413 463 3471 tres
516 3424 669 3470 suos
730 3403 967 3471 liberos
1030 3403 1173 3469 Deo
1236 3404 1643 3471 committere
1706 3401 1922 3484 decet,
1987 3423 2062 3470 ac
2123 3403 2246 3470 sibi

314 3497 504 3558 eerto
545 3488 954 3574 persuadere,
997 3510 1130 3556 non
1169 3488 1430 3555 inanem
1471 3507 1657 3556 suam
1700 3508 1884 3572 spem
1917 3489 2086 3553 fore:
2131 3488 2244 3555 sed

316 3575 679 3657 fungentes
743 3574 954 3641 officio
1018 3594 1175 3660 erga
1238 3574 1493 3652 liberos,
1562 3573 1689 3639 Dei
1754 3573 2244 3657 promissionem

318 3662 527 3728 etiam
599 3680 732 3726 non
802 3661 1065 3727 inanem
1126 3679 1202 3727 ac
1278 3679 1554 3728 vacuam
1617 3679 1760 3725 esse
1829 3668 2244 3743 experturos:

316 3746 553 3829 Quare
606 3765 692 3812 ex
744 3745 888 3812 istis
946 3753 1214 3831 apparet
1274 3753 1492 3829 patres
1553 3765 1888 3828 nunquam
1950 3754 2246 3829 oportere

317 3851 551 3899 curam
594 3839 661 3897 et
713 3831 1213 3899 sollicitudinem
1256 3830 1472 3898 Deum
1514 3829 1822 3915 precandi
1865 3848 1984 3914 pro
2026 3829 2245 3896 liberis

317 3918 679 4001 deponere:
732 3917 846 3984 sed
899 3938 973 3983 eo
1031 3917 1240 4001 magis
1296 3915 1542 4000 impelli
1585 3915 1668 3981 ad
1706 3935 1952 4000 preces,
2010 3915 2244 3998 quibus

313 4024 443 4089 pro
493 4005 705 4088 gratia
763 4011 826 4068 et
879 4001 1318 4070 misericordia
1359 4002 1487 4068 Dei
1538 4000 1611 4067 in
1662 4010 1956 4085 posteros
2012 4021 2240 4085 propa·

314 4085 543 4175 ganda
581 4096 649 4155 et
687 4087 1129 4155 continuanda
1170 4088 1384 4172 ipsum
1423 4087 1859 4171 interpellent.
1946 4086 2047 4153 Ac
2088 4106 2244 4153 sane

312 4173 578 4260 quoties
620 4175 888 4239 vitiosos
914 4183 981 4238 et
1020 4181 1355 4256 corruptos
1397 4172 1633 4239 liberos
1674 4172 2077 4256 suscipimus,
2120 4173 2242 4237 mi·

312 4261 502 4327 nime
545 4257 818 4325 dubium
856 4268 958 4325 est
996 4259 1155 4343 quin
1196 4265 1458 4324 nostrae
1497 4258 1951 4343 ingratitudini
1974 4258 2064 4356 sit
2081 4257 2243 4359 illud

310 4341 2240 4514 mffi⁹„”.m‘⁶:⁶.:.:..²⁰.;t:;::“...mm.a⁰am:².esses.-

312 4517 447 4584 tati
489 4513 1043 4600 acquiescendum,
1088 4522 1157 4581 et
1175 4517 1328 4600 iugo
1372 4516 1575 4598 ipsius
1616 4514 1854 4581 collum
1898 4514 2240 4581 subiicien-

314 4601 503 4669 dum.
587 4602 761 4668 Nam
800 4600 858 4668 si
900 4610 1036 4667 tam
1079 4610 1304 4668 sancto
1344 4601 1489 4667 viro
1532 4599 1897 4684 eximioque
1965 4599 2244 4684 prophe-

312 4699 428 4756 tae
472 4708 595 4755 con
627 4687 641 4703 ⁸
695 4687 745 4751 ‘t
785 4696 921 4753 tam
963 4685 1228 4754 vitiosos
1250 4694 1319 4753 et
1358 4693 1691 4770 corruptos
1712 4684 1947 4753 liberos
1982 4685 2240 4761 habere,

310 4772 611 4929 :affl
696 4780 939 4925 imi?
977 4771 1363 4924 &affl
1382 4771 1984 4939 :filmmpssfsffififfi
2019 4769 2239 4921 ‘limi-¹3

312 4946 645 5013 infelicem
686 4878 847 5011 ess-g.
932 4943 1106 5009 Nam
1147 4944 1386 5027 quales,
1439 4960 1696 5026 quaese,
1737 4941 1999 5007 fuerunt
2038 4941 2239 5008 bono-

312 5051 470 5099 rum
509 5030 773 5130 illorum
812 5050 1044 5115 regum
1078 5028 1400 5129 Ezechiae
1443 5036 1511 5094 et
1545 5027 1753 5127 Iosiae
1792 5026 1998 5126 liberi,
2043 5046 2240 5109 quam

308 5124 721 5272 ffi‘fffloss‘
740 5114 1101 5270 mv&
1111 5111 2020 5277 ?D¹3i²m.„1ss.3⁶⁰;.¹¹²532332².‘312¹3²
2055 5111 2239 5265 ἔὲἒὲἓ

1652 307 1753 373 IN
1795 309 1852 375 Ι.
1896 309 2077 377 LIB.
2116 308 2515 379 SAMUEL.
2564 309 2760 378 OAP.
2805 310 3001 376 VIII.

4164 317 4289 385 538

2354 518 2547 566 omne
2587 498 2901 584 studium,
2962 498 3181 566 omnia
3222 501 3492 568 consilia
3533 501 3666 570 huo
3707 502 4175 585 referebantur,
4220 519 4293 572 ut

2352 603 2508 650 snae
2566 585 2832 667 puritati
2876 593 2942 651 et
2996 585 3360 670 integritati
3403 607 3559 654 vera
3601 587 3832 672 religio
3891 588 4289 658 redderetur.

2353 666 2488 736 Sed
2529 680 2758 735 contra
2798 671 3009 754 qualis
3050 671 3222 738 filius
3266 673 3488 755 ipsius,
3532 672 3712 739 ouius
3755 673 3880 740 boc
3915 695 4118 741 unum
4154 686 4290 743 stu-

2351 752 2531 820 dium
2575 755 2777 821 fuisse
2819 755 3095 840 videtur,
3157 765 3229 823 ut
3269 757 3480 843 legem
3527 756 3817 824 divinam
3860 759 4168 840 aboleret,
4222 774 4291 828 et

2350 837 2768 922 adulteraret,
2808 839 3267 908 idolomaniam
3303 853 3370 908 et
3389 843 3883 928 superstitiones
3912 845 4286 912 inveheret:

2350 926 2736 1009 sanguinem
2793 926 3201 994 innocentem
3244 927 3564 1010 funderet,
3620 928 3844 996 fideles
3886 929 4013 997 Dei
4065 953 4288 998 servos

2351 1030 2610 1078 summa
2686 1011 3070 1079 crudelitate
3147 1023 3657 1097 persequeretur,
3765 1014 3924 1081 adeo
4003 1025 4081 1082 ut
4156 1017 4286 1084 rivi

2350 1097 2686 1179 sanguinis
2747 1097 2995 1182 regiam
3075 1099 3406 1165 civitatem
3472 1099 3995 1185 Hierosolymam
4016 1152 4033 1180 ,
4118 1122 4285 1202 quae

2352 1190 2761 1249 sacrosancta
2825 1192 2964 1249 erat
3025 1190 3092 1250 et
3157 1183 3437 1250 Domino
3501 1183 3732 1265 dicata,
3807 1207 3883 1252 ac
3945 1187 4285 1270 paradisus

2353 1267 2680 1333 terrestris
2701 1267 3018 1335 Israelitis
3052 1267 3203 1333 data
3236 1270 3307 1335 in
3343 1270 3829 1350 haereditatem,
3864 1271 4281 1342 inundarent.

2353 1351 2579 1433 Quum
2633 1353 2836 1437 igitur
2878 1360 3029 1419 ante
3068 1354 3287 1420 oculos
3328 1365 3585 1421 nostros
3630 1356 3945 1422 eiusmodi
3986 1358 4283 1444 exempla

2351 1450 2707 1521 ponuntur,
2771 1439 2841 1504 in
2908 1440 3139 1505 timore
3205 1439 3331 1505 Dei
3397 1439 3730 1506 ambulare
3786 1440 4138 1509 discamus:
4204 1465 4279 1511 ac

2352 1523 2735 1607 praesertim
2792 1523 2843 1588 ii
2900 1524 3135 1608 quibus
3190 1523 3372 1591 Deus
3415 1525 3649 1592 liberos
3692 1523 3890 1606 dedit,
3947 1529 4277 1613 eogitanto

2352 1608 2473 1675 sibi
2518 1628 2560 1674 a
2600 1608 2744 1674 Deo
2783 1618 3039 1675 tantum
3080 1609 3463 1676 thesaurum
3512 1632 3589 1679 ea
3635 1610 4001 1678 conditione
4035 1612 4278 1699 datum,

2352 1699 2428 1760 ιιι
2468 1714 2693 1759 carum
2727 1693 2888 1759 illud
2924 1695 3226 1776 habeant,
3273 1704 3341 1760 et
3375 1716 3631 1763 summa
3685 1716 3841 1763 cura
3882 1696 4273 1780 custodiant,

2352 1785 2419 1846 et
2472 1779 2642 1845 diem
2701 1781 3107 1863 repetitionis
3150 1780 3423 1846 sollicite
3464 1792 3903 1866 exspectante,
3957 1792 4035 1849 ιιι
4075 1805 4274 1868 quum

2351 1863 2639 1929 Domino
2696 1864 3021 1932 videbitur
3076 1865 3395 1932 rationem
3451 1866 4031 1934 administrationis
4084 1891 4269 1955 repe-

2352 1957 2508 2029 tere,
2597 1951 2808 2034 parati
2883 1951 3017 2017 sint
3090 1953 3381 2018 rationes
3457 1973 3609 2018 suas
3672 1952 3962 2019 reddere.
3996 2013 4004 2022 .
4047 1954 4274 2040 Neque

2351 2043 2532 2100 tanto
2554 2034 2723 2101 bono
2743 2057 2886 2103 sese
2919 2036 3256 2115 efferunto,
3293 2037 3407 2103 sed
3451 2056 3601 2103 cnm
3639 2037 4006 2105 humilitate
4042 2060 4274 2126 agnos-

2350 2132 2565 2197 cunto‚
2624 2142 2763 2188 sese
2818 2123 3058 2188 flustra
3099 2142 3361 2188 omnem
3402 2141 3664 2205 operam
3707 2131 4087 2205 navaturos,
4146 2127 4272 2193 nisi

2351 2204 2532 2272 Deus
2575 2207 2712 2290 ipse
2755 2227 3022 2273 manum
3064 2206 3425 2287 admoveat,
3506 2218 3575 2274 et
3613 2207 3821 2274 labori
3862 2210 4154 2294 ipsorum
4195 2231 4272 2276 ac

2349 2290 2770 2358 sollicitudini
2836 2291 3190 2360 benedicat.
3277 2293 3421 2359 Hoc
3483 2294 3657 2359 enim
3711 2295 3852 2377 ipse
3904 2294 4033 2360 sibi
4087 2297 4269 2362 Deus

2350 2384 2425 2442 ut
2475 2377 2808 2461 proprium
2852 2377 3172 2456 attribuit,
3228 2378 3439 2445 facere
3480 2386 3556 2444 ut
3597 2379 3784 2445 liberi
3826 2381 4122 2465 vestigiis
4159 2402 4272 2465 pa·

2348 2474 2526 2528 trum
2604 2463 2930 2542 insistant,
3006 2484 3206 2546 quum
3285 2464 3648 2531 sanctitatis
3723 2465 3898 2534 vitae
3974 2467 4272 2551 exemplo

2352 2549 2722 2631 praeierint.

2520 2634 2952 2700 Transeamus
3015 2632 3097 2699 ad
3161 2635 3500 2717 sequentia
3553 2635 3787 2713 verba,
3853 2636 4087 2719 quibus
4145 2635 4274 2718 filii

2354 2717 2668 2785 Samuelis
2733 2720 3025 2787 dicmur
3093 2738 3219 2786 non
3275 2720 3694 2787 ambulavisse
3747 2721 3818 2786 in
3872 2721 3998 2786 viis
4038 2723 4271 2804 pm,

2350 2805 2459 2870 sed
2499 2804 2682 2870 donis
2724 2825 2797 2872 ac
2837 2804 3197 2871 muneribus
3238 2807 3516 2888 corrupti
3555 2806 3858 2872 iudicium
3880 2808 4269 2889 pervertisse.

2351 2889 2537 2956 Infra
2593 2888 2963 2957 Samuelem
3022 2889 3386 2958 videbimus
3429 2891 3553 2957 hoc
3597 2890 3678 2956 de
3719 2911 3792 2956 se
3831 2892 4269 2974 profitentem,

2350 2995 2421 3041 se
2463 2975 2769 3058 quamdiu
2811 2976 2916 3041 ius
2960 2974 3196 3059 populo
3240 2974 3424 3055 dixit,
3489 2995 3574 3041 ne
3615 2974 3824 3041 hilum
3868 2975 4128 3061 quidem
4170 2997 4274 3044 ac-

2349 3061 2616 3144 cepisse,
2682 3079 2757 3127 ac
2835 3061 3214 3128 muneribus
3278 3060 3684 3140 abstinuisse,
3764 3068 3843 3127 ut
3904 3084 3945 3128 a
4006 3063 4270 3128 nemine

2349 3148 2553 3229 possit
2585 3147 2816 3212 merito
2851 3146 3120 3229 quaesiti
3153 3145 3399 3230 proprii
3433 3144 3770 3225 commodi,
3810 3155 3924 3212 aut
3988 3157 4269 3228 uaestus,

2347 3240 2461 3298 aut
2501 3231 2784 3316 neglecti
2827 3232 3021 3297 officii
3066 3233 3373 3300 accusari.
3460 3232 3664 3315 Atqui
3703 3232 3911 3316 ipsius
3977 3232 4140 3299 iberi
4184 3231 4268 3299 ad

2345 3317 2690 3384 avaritiam
2764 3318 3125 3402 rapiuntur,
3213 3337 3378 3401 quae
3453 3316 3667 3400 palam
3743 3318 4089 3401 conspicua
4149 3324 4269 3398 est,

2344 3403 2515 3554 guod
2555 3402 2933 3469 muneribus
2967 3403 3258 3488 corrupti
3292 3402 3606 3470 indicium
3639 3411 4041 3489 pervertunt.
4078 3401 4267 3485 Quae

2389 3508 2473 3554 no
2543 3487 2961 3571 inseparabili
3029 3508 3201 3554 nexu
3259 3488 3623 3556 cohaerent.
3708 3488 3879 3554 Nam
3933 3488 4076 3554 fieri
4131 3509 4266 3554 non

2344 3582 2553 3658 potest
2611 3575 2771 3658 quin
2826 3573 2908 3638 ad
2953 3572 3215 3640 divitias
3257 3573 3644 3640 infflmati
3685 3575 4023 3657 rapiantur
4066 3574 4266 3640 avidi-

2346 3670 2497 3740 tate,
2555 3668 2623 3725 et
2679 3660 2898 3725 omnia
2953 3657 3268 3726 scelerum
3311 3678 3550 3742 genera
3593 3680 3674 3724 ex
3718 3657 3995 3725 avaritia
4027 3668 4094 3725 et
4126 3678 4262 3724 am·

2345 3745 2588 3812 bitione
2643 3765 2824 3811 erum
2873 3751 3004 3811 ant.
3092 3742 3272 3824 Quin
3326 3743 3522 3810 etiam
3578 3744 3818 3810 multos
3859 3743 4082 3810 videas
4123 3745 4264 3811 avi-

2346 3830 2547 3897 ditate
2599 3830 2767 3897 lucri
2844 3830 2991 3908 erri,
3048 3832 3150 3896 cui
3206 3838 3422 3894 tamen
3476 3831 3568 3893 ita
3623 3828 3968 3914 indulgent
4021 3838 4097 3895 ut
4137 3830 4261 3896 sibi

2344 3916 2537 3983 licere
2581 3914 2833 3982 lucrum
2876 3925 3151 3998 captare,
3195 3923 3261 3979 et
3301 3912 3727 3980 nihilominus
3768 3915 3870 3980 ius
3903 3935 4092 3981 suum
4128 3915 4263 3982 cui·

2344 4021 2469 4085 qne
2524 3999 2809 4078 reddere,
2869 4022 2943 4067 ac
2985 4001 3194 4066 officio
3236 3999 3421 4082 fungi
3462 4020 3533 4065 se
3576 4020 3761 4083 posse
3803 3999 4038 4068 dicant.
4127 3999 4259 4069 Sed

2342 4087 2647 4153 videntur
2679 4086 2773 4150 illi
2809 4085 2951 4151 Deo
2974 4085 3142 4151 velle
3161 4084 3571 4150 mendacium
3595 4085 3975 4170 impingere.
4020 4084 4261 4166 Quam-

2341 4173 2562 4240 obrem
2620 4171 2964 4255 diligenter
3017 4169 3373 4238 notandum
3417 4168 3588 4253 quod
3632 4169 3739 4236 hie
3781 4170 4034 4249 dicitur,
4090 4171 4258 4236 filios

2346 4256 2668 4325 Samuelis
2731 4257 3043 4323 avaritiae
3100 4255 3436 4322 studentes
3486 4256 3796 4322 iudicium
3852 4257 4256 4339 pervertisse.

2343 4343 2419 4410 Si
2454 4344 2602 4426 quis
2636 4341 2937 4424 excipiat,
2970 4343 3298 4406 neminem
3333 4362 3474 4408 esse
3540 4341 3608 4407 ui
3631 4341 3800 4408 bona
3819 4362 3951 4406 non
3977 4350 4255 4424 expetat,

2340 4431 2470 4494 imo
2511 4436 2582 4492 et
2621 4428 2929 4493 virtutem
2970 4449 3104 4493 non
3145 4428 3484 4495 minimam
3574 4426 3767 4505 aberi,
3833 4426 3890 4492 si
3932 4425 4076 4507 quis
4118 4446 4254 4491 rem

2339 4514 2551 4597 faciat,
2595 4533 2807 4595 neque
2849 4514 2980 4577 otio
3022 4522 3303 4596 torpeat:
3350 4512 3555 4579 facilis
3596 4522 3663 4578 et
3702 4513 3770 4576 in
3813 4517 4115 4594 promptu
4157 4523 4256 4576 est

2339 4600 2688 4682 responsio,
2752 4618 2861 4663 eos
2924 4597 3231 4663 nimirum
3297 4619 3520 4664 omnes
3583 4597 3694 4680 qui
3755 4594 3898 4662 Deo
3960 4615 4123 4678 pure
4180 4617 4254 4662 ac

2338 4686 2589 4752 sincere
2628 4683 2873 4751 servire
2916 4684 3200 4767 cupiunt,
3243 4692 3309 4749 et
3350 4685 3421 4749 in
3464 4683 3603 4748 eins
3637 4683 3868 4746 timore
3901 4679 4250 4759 ambulare,

2338 4791 2414 4836 eo
2469 4775 2805 4838 contentos
2859 4769 3082 4835 vivere
3136 4766 3307 4853 quod
3362 4768 3544 4833 Deus
3579 4764 3845 4844 dederit,
3902 4765 4043 4831 sive
4085 4765 4251 4831 mul-

2340 4863 2484 4921 tum
2526 4855 2668 4923 sive
2711 4875 2972 4937 parum:
3032 4875 3107 4921 ao
3146 4853 3491 4938 diligenter
3529 4851 3985 4934 invigilaturos
4026 4871 4111 4916 ne
4151 4851 4252 4916 in-

2338 4941 2513 5007 cauti
2570 4950 2857 5024 pereant,
2913 4947 3027 5006 aut
3083 4939 3449 5016 ambitione,
3511 4946 3626 5003 aut
3666 4937 3872 5002 nimia
3909 4936 4072 5002 lucri
4115 4937 4252 5001 avi-

2340 5025 2542 5093 ditate
2599 5023 2871 5111 abrepti,
2926 5024 3094 5109 quod
3152 5025 3403 5090 nullum
3443 5022 3531 5088 sit
3570 5022 3854 5089 officium
3895 5030 4027 5086 tam
4066 5041 4251 5089 sanc-

2338 5120 2479 5178 tum
2538 5119 2729 5194 atque
2786 5111 3048 5178 solenne
3102 5106 3272 5194 quod
3329 5129 3458 5173 non
3502 5107 3774 5174 avaritia
3814 5106 4250 5176 comminuere

2338 5205 2530 5282 atque
2607 5195 2851 5263 violare
2915 5195 3133 5261 soleat.
3222 5193 3452 5276 Itaque
3525 5192 3744 5260 fideles
3825 5191 3954 5259 Dei
4027 5212 4251 5261 servos
