5059 6059
884 345 1023 412 655
1129 376 1134 381 ’

2461 329 2876 399 HOMILIA
2916 334 3328 402 XXXVIII.

4686 349 4772 415 656

888 535 1187 617 deamus,
1253 537 1321 595 et
1384 549 1808 613 quaecunque
1853 526 2222 610 accepimus
2264 524 2364 590 illi
2409 510 2526 589 uni
2568 530 2837 606 accepta
2942 527 3183 591 nostris
3227 525 3573 591 affectibus
3610 526 4089 612 indulgeamus,
4138 527 4434 611 aquibus
4455 550 4775 614 superemur:

881 622 1192 698 feramus,
1251 626 1320 682 et
1351 615 1568 701 ipsum
1606 615 1674 679 in
1707 614 1896 681 nobis
1918 620 2228 697 potenter
2247 610 2506 695 operari
2528 611 2835 677 sciamus.

1060 706 1204 770 Iam
1249 722 1406 770 vero
1450 702 1646 787 agite,
1687 706 1793 767 ete.

1349 1043 1846 1128 HOMHJA
1888 1039 2374 1124 xxxvm.
2435 1154 2440 1157 ι

1057 1221 1120 1287 6.
1172 1218 1261 1284 Et
1315 1216 1572 1283 insiluit
1615 1214 1888 1297 spiritus
1939 1211 2072 1277 Dei
2124 1211 2194 1274 ia
2255 1208 2436 1291 Saul,
2482 1230 2678 1293 quum
2719 1229 2840 1274 au-

879 1309 1083 1376 disset
1135 1305 1318 1371 verba
1360 1303 1527 1382 haec,
1587 1305 1645 1365 et
1684 1301 1895 1365 iratus
1937 1304 2028 1364 est
2065 1297 2253 1380 furor
2294 1296 2433 1361 eius
2475 1297 2688 1363 nimis.
2777 1296 2835 1361 7.

891 1393 984 1461 Et
1026 1408 1353 1458 assumens
1391 1393 1472 1453 ut·
1766 1386 1998 1468 bovem,
2039 1382 2304 1448 concidit
2344 1383 2418 1447 in
2447 1383 2679 1466 frusta,
2722 1383 2840 1447 mi-

886 1481 1092 1561 sitque
1131 1478 1203 1542 in
1246 1494 1457 1542 omues
1497 1474 1793 1538 termt'nos
1832 1469 2060 1547 Israel,
2114 1487 2237 1549 per
2275 1488 2534 1535 manum
2577 1468 2836 1534 nuncio·

888 1584 1052 1638 rum.
1091 1564 1334 1629 dicens:
1370 1560 1741 1642 Quicunque
1774 1577 1900 1621 non
1935 1555 2178 1635 exierit,
2221 1558 2279 1620 et
2310 1560 2614 1638 sequutus
2638 1554 2837 1635 fuerit

893 1650 1054 1718 Saul
1095 1654 1152 1715 et
1198 1647 1469 1725 Samuel,
1526 1646 1620 1711 sie
1657 1646 1761 1726 fiet
1802 1642 1989 1709 bobus
2028 1642 2184 1706 eius.
2277 1639 2529 1707 Invasit
2565 1660 2714 1723 erqo
2758 1640 2835 1704 to·-

877 1757 1024 1804 mor
1066 1734 1339 1803 Domini
1369 1731 1696 1814 populum,
1739 1733 1795 1794 et
1835 1727 2071 1812 cyressi
2112 1730 2260 1791 sunt
2287 1728 2478 1808 quasi
2507 1727 2612 1791 vir
2646 1745 2834 1791 unus.

882 1825 947 1891 8.
995 1822 1084 1887 Et
1120 1820 1428 1886 recensuit
1467 1838 1567 1883 eos
1612 1817 1678 1882 ia
1724 1814 1954 1880 Besee:
1998 1813 2368 1895 fueruntque
2407 1812 2686 1894 filiorum
2729 1811 2833 1877 Is-

887 1908 1023 1975 rael
1087 1912 1354 1973 trecenta
1414 1903 1652 1969 millia.-
1729 1901 2015 1966 virorum
2061 1903 2273 1963 autem
2340 1898 2511 1963 Iuda
2574 1898 2835 1982 triqueta

887 1994 1116 2063 minia.
1205 1992 1265 2058 9.
1320 1989 1411 2056 Ec
1471 1990 1771 2056 dixerunt
1834 1986 2086 2052 nunciis
2147 1984 2264 2067 qui
2322 1988 2645 2049 venerant:
2726 1982 2836 2049 Sic

883 2080 1105 2147 dicetis
1167 2078 1332 2142 viris
1393 2076 1507 2158 qui
1569 2079 1720 2139 sunt
1781 2073 1852 2137 in
1911 2068 2097 2136 Iubes
2150 2069 2439 2135 Gaiana.-
2507 2068 2837 2137 Orus-erit

888 2166 1061 2233 vobis
1145 2165 1344 2243 salue,
1432 2180 1626 2244 quum
1703 2158 2034 2224 incaluerit
2098 2155 2212 2220 sol.
2315 2156 2627 2221 Venerunt
2688 2175 2836 2239 erqo

887 2251 1127 2333 nuncii,
1173 2255 1232 2314 et
1274 2248 1771 2314 enunciavernmt
1808 2245 1970 2309 viris
2012 2241 2218 2322 Iubes,
2259 2243 2375 2326 qui
2415 2242 2630 2307 laetati
2664 2246 2830 2307 sunt.

892 2338 998 2403 10.
1045 2336 1132 2403 Et
1174 2335 1500 2400 dixerunt.-
1559 2331 1755 2396 Mune
1802 2326 2113 2395 exibimus
2160 2329 2248 2394 ad
2303 2348 2427 2407 vos,
2487 2332 2544 2393 et
2581 2328 2833 2411 sucidis

883 2423 1064 2488 nobis
1108 2440 1284 2486 omne
1325 2419 1488 2502 quod
1520 2417 1829 2499 placuerit
1864 2415 2054 2481 vobis.

995 2580 1000 2587 ’
1059 2588 1390 2658 Hesterna
1433 2590 1750 2656 concione
1789 2586 2129 2653 docuimus
2173 2584 2465 2667 Saulem,
2509 2585 2667 2652 licet
2710 2605 2825 2651 an·

887 2688 998 2744 tea
1063 2677 1251 2743 donis
1315 2675 1701 2741 necessariis
1768 2680 2071 2738 ornatum
2140 2690 2181 2735 a
2246 2672 2532 2736 Domino
2599 2671 2684 2735 ad
2726 2673 2828 2737 sui

886 2764 1180 2830 muneris
1259 2762 1684 2838 functionem,
1773 2758 2199 2824 nihilominus
2273 2768 2491 2823 tamen
2560 2765 2827 2823 auctum

887 2850 1158 2934 spiritus
1218 2848 1405 2913 donis
1463 2846 1547 2911 ad
1605 2866 1742 2910 rem
1797 2864 1965 2929 quae
2009 2844 2184 2909 vires
2229 2864 2458 2909 omnes
2500 2842 2827 2910 humanas

884 2934 1235 3020 superabat
1277 2929 1775 3017 perficiendam:
1820 2938 1898 2995 ut
1938 2931 2007 2994 in
2050 2950 2127 2995 eo
2173 2930 2389 2994 Deum
2427 2930 2641 3012 ipsum
2679 2949 2828 3013 cpe-

884 3022 1019 3088 rari
1093 3041 1356 3087 necesse
1419 3020 1635 3084 fuerit.
1722 3017 1854 3083 Hic
1917 3016 2124 3100 igitur
2185 3015 2488 3081 audimus
2554 3013 2825 3082 Saulem

883 3107 1261 3174 vehementi
1325 3105 1548 3170 furore
1607 3101 1802 3169 fuisse
1857 3119 2239 3168 accensum:
2310 3101 2592 3185 populus
2648 3101 2825 3167 enim

883 3194 1315 3261 vehementer
1361 3211 1447 3257 ex
1492 3190 1882 3255 nunciorum
1929 3186 2144 3253 verbis
2189 3196 2552 3253 commotus
2594 3188 2825 3268 flebat3

881 3280 999 3347 sed
1043 3300 1236 3344 nemo
1276 3277 1360 3343 ad
1406 3276 1679 3342 Saulem
1715 3273 2199 3358 expostulatum
2233 3272 2555 3341 veniebat.
2644 3273 2826 3340 Deus

881 3369 1105 3450 itaque
1161 3363 1374 3430 voluit
1431 3362 1799 3447 patefacere
1865 3379 2002 3425 non
2047 3358 2248 3425 fuisse
2292 3380 2532 3425 vanam
2577 3367 2644 3425 et
2686 3360 2819 3425 ina·

881 3472 1038 3517 nem
1127 3449 1347 3517 Saulis
1444 3448 1831 3514 electionem
1925 3445 2007 3509 ad
2087 3446 2335 3530 regiam
2418 3444 2826 3530 dignitatem.

885 3537 1264 3603 Vehemens
1298 3534 1503 3618 igitur
1537 3533 1649 3598 ille
1686 3533 1960 3597 affectus
1996 3531 2330 3616 suppetias
2359 3531 2611 3596 ferendi
2635 3531 2828 3597 Iabes

882 3622 1117 3689 incolis
1171 3621 1451 3686 obsessis
1496 3639 1625 3701 quo
1669 3616 1829 3684 Saul
1877 3618 2146 3698 exarsit,
2204 3617 2332 3681 fuit
2374 3617 2680 3685 effectum
2727 3617 2823 3683 di-

885 3710 1083 3774 vinae
1126 3708 1379 3792 gratiae
1419 3706 1493 3770 in
1538 3703 1740 3772 Saule
1784 3723 1986 3786 quum
2031 3702 2289 3770 insiluit
2328 3704 2399 3767 in
2444 3704 2661 3786 ipsum
2699 3704 2825 3769 Dei

885 3795 1175 3878 spiritus.
1262 3791 1456 3858 Unde
1512 3790 1794 3857 efficitur
1847 3790 2012 3853 iram
2072 3810 2200 3854 non
2246 3810 2504 3872 semper
2548 3791 2616 3853 in
2663 3790 2825 3855 vitio

888 3900 1035 3945 esse
1103 3876 1559 3961 reponendam.
1649 3876 1796 3941 Etsi
1865 3874 2203 3940 fatendum
2267 3877 2578 3958 quoniam
2632 3876 2827 3942 vehe-

889 3965 1243 4030 mentiores
1301 3971 1456 4029 sunt
1511 3962 1785 4028 affectus
1829 3962 2056 4038 nostri,
2113 3981 2373 4045 semper
2415 3962 2483 4027 in
2529 3959 2662 4027 illis
2704 3961 2825 4026 ali·

884 4050 1041 4137 quid
1101 4070 1245 4114 esse
1300 4046 1937 4132 reprehendendum:
1999 4066 2228 4112 verum
2288 4048 2344 4112 si
2401 4047 2628 4130 quales
2672 4058 2827 4112 sunt

881 4149 1119 4204 natura
1173 4154 1292 4200 sua
1354 4135 1626 4200 affectus
1683 4133 2125 4216 inspiciamus,
2185 4153 2320 4198 non
2381 4143 2540 4199 sunt
2595 4154 2711 4216 per
2756 4155 2826 4199 se

880 4221 1165 4290 habendi
1234 4220 1468 4297 vitiosi,
1535 4218 1664 4283 nisi
1733 4230 2051 4301 quatenus
2118 4218 2189 4282 in
2256 4217 2338 4286 iis
2403 4219 2634 4285 modus
2692 4238 2826 4284 non

884 4318 1203 4375 servatur.
1296 4313 1396 4372 Ac
1461 4326 1622 4371 sane
1679 4304 1835 4387 quid
1880 4303 2055 4369 aliud
2101 4311 2201 4368 est
2242 4304 2342 4369 ira
2385 4305 2824 4388 quamvehe-

885 4416 1075 4461 mens
1119 4394 1391 4460 affectus
1435 4412 1565 4474 quo
1608 4390 1689 4456 ad
1734 4389 1882 4454 odio
1923 4388 2295 4455 habendum
2342 4401 2411 4456 et
2443 4391 2825 4475 fugiendum

886 4482 1133 4547 malum
1179 4477 1559 4543 incitamur!
1611 4479 1828 4559 Atque
1863 4476 1931 4539 in
1969 4476 2050 4540 iis
2087 4476 2299 4542 locum
2339 4475 2579 4543 habere
2615 4477 2826 4557 debet,

886 4569 1122 4651 quibus
1168 4564 1352 4630 Deus
1397 4562 1594 4646 gladii
1641 4570 2033 4643 potestatem
2081 4560 2370 4644 tradidit,
2417 4568 2486 4627 et
2526 4563 2594 4628 in
2639 4564 2827 4648 flagi-

885 4656 1083 4719 tiosos
1124 4648 1685 4717 animadvertendi
1722 4667 1952 4714 curam
1997 4648 2338 4729 commisit,
2385 4649 2572 4713 velut
2613 4651 2682 4713 in
2728 4670 2828 4715 se-

887 4739 1174 4818 ditiosos,
1240 4735 1587 4812 adulteros,
1646 4742 1713 4798 et
1770 4734 1839 4797 in
1902 4733 2061 4798 alios
2101 4733 2462 4801 istiusmodi
2507 4735 2827 4801 scelerum

886 4825 1234 4905 convictos,
1273 4823 1435 4887 adeo
1472 4830 1549 4886 ut
1582 4821 1692 4906 qui
1729 4817 1810 4883 ad
1849 4839 2067 4883 rerum
2107 4820 2550 4905 gubernacula
2581 4822 2826 4902 sedent,

886 4911 1097 4976 officio
1162 4909 1366 4990 fungi,
1435 4908 1561 4972 nisi
1628 4904 2100 4990 quodammodo
2164 4907 2489 4989 commoti,
2560 4917 2629 4972 et
2690 4908 2829 4974 irae

887 4997 1168 5079 quodam
1243 4994 1508 5059 stimulo
1580 4992 1862 5074 impulsi,
1935 5001 2286 5074 nequeant.
2373 4994 2596 5075 Atque
2667 4993 2828 5061 haec

889 5081 1221 5147 iracundia
1264 5088 1363 5144 est
1408 5078 1786 5154 tolerabilis,
1845 5076 2038 5142 modo
2082 5098 2183 5157 ne,
2238 5087 2316 5143 ut
2360 5077 2666 5158 diximus,
2712 5101 2829 5146 ex-

889 5180 992 5231 tra
1057 5166 1370 5231 terminos
1427 5165 1804 5248 egrediatur
1863 5164 2346 5229 moderationis.
2434 5163 2663 5246 Quare
2724 5167 2828 5233 hic

886 5251 1116 5318 modus
1160 5250 1566 5317 adhibendus
1610 5257 1730 5327 est,
1777 5256 1844 5315 et
1885 5249 2253 5317 cavendum
2290 5272 2705 5336 summopere
2742 5274 2826 5318 ne

2938 611 3165 694 itaque
3209 612 3364 676 lieet
3403 612 3644 676 iustam
3688 611 4015 679 irascendi
4057 614 4460 679 occasionem
4501 615 4779 701 hebenum

2942 706 3166 761 tamen
3222 698 3530 763 affectum
3586 707 3884 764 nostrum
3942 699 4181 763 bonum
4244 720 4387 765 esse
4439 722 4664 768 neeesse
4701 720 4780 773 est.
4884 742 4885 745 =

2944 783 3196 848 Verum
3254 784 3325 848 in
3370 796 3593 848 nostra
3635 794 3960 868 potestate
4005 805 4207 867 quum
4252 806 4387 850 non
4430 788 4553 851 sint
4584 789 4780 858 affectu
4882 760 4885 861 l

2944 870 3169 945 nostri,
3232 868 3301 934 id
3368 891 3408 935 a
3474 870 3660 935 nobis
3724 870 3870 935 fieri
3939 890 4071 934 non
4134 882 4374 953 posset,
4442 872 4556 937 nisi
4600 875 4711 940 Dec
4737 878 4783 943 in

2944 954 3132 1020 nobis
3177 964 3506 1038 operante.
3596 954 3823 1038 Neque
3866 954 4042 1021 enim
4086 957 4182 1022 ita
4224 956 4347 1022 sibi
4392 957 4674 1025 moderari
4706 962 4782 1027 ho·

2945 1042 3153 1106 mines
3175 1053 3452 1125 possunt
3487 1041 3641 1125 quin
3679 1062 3935 1124 semper
3968 1051 4156 1107 extra
4192 1063 4347 1108 suos
4381 1044 4788 1114 finesferactur.

2944 1127 3290 1193 Diecamus
3363 1128 3563 1211 igitur
3637 1126 3973 1192 naturales
4036 1128 4309 1194 affectus
4373 1128 4720 1215 distinguere
4760 1156 4786 1199 s

2941 1214 3119 1280 vitiis
3177 1234 3344 1297 quae
3399 1212 3483 1277 ab
3538 1234 3807 1279 excessu
3864 1225 4275 1295 promanant,
4334 1214 4503 1298 quod
4555 1237 4593 1281 a
4624 1232 4792 1283 natan

2936 1302 3230 1383 corrupti
3284 1309 3355 1364 et
3413 1298 3772 1382 depravati,
3828 1298 3992 1364 nihil
4052 1301 4179 1365 nisi
4234 1310 4602 1383 corruptum
4638 1314 4692 1367 et
4720 1303 4793 1368 de·

2940 1397 3286 1468 pravatum
3355 1406 3395 1449 a
3452 1386 3642 1451 nobis
3700 1396 3942 1451 manet.
4030 1385 4139 1452 Ex
4196 1407 4324 1469 quo
4368 1388 4446 1451 fit
4487 1388 4631 1452 satis
4663 1390 4792 1454 nobis

2939 1471 3361 1553 conspicuum
3421 1485 3665 1554 quanta
3707 1473 3798 1535 sit
3839 1471 4114 1556 abyssus
4159 1482 4497 1556 peccatum
4537 1473 4676 1537 illud
4710 1476 4793 1540 ori·

2937 1558 3157 1642 ginale
3235 1556 3404 1639 quod
3489 1578 3529 1621 a
3606 1557 3835 1621 matris
3900 1567 4089 1623 utero
4156 1558 4499 1624 trahimus.
4578 1559 4715 1624 Nam
4758 1560 4793 1624 s?

2938 1643 3119 1708 illam
3163 1642 3612 1726 integritatem
3648 1653 3715 1707 et
3748 1644 4102 1725 puritatem
4142 1644 4591 1725 retineremus,
4630 1646 4685 1709 in
4710 1666 4796 1727 qun

2938 1729 3118 1812 prius
3161 1748 3202 1792 a
3243 1728 3389 1793 Deo
3433 1728 3576 1813 ipsc
3619 1730 3821 1793 creati
3864 1728 4217 1804 fueramus.
4274 1740 4524 1796 cenum
4564 1739 4655 1796 est
4685 1730 4794 1795 nihil

2940 1814 3067 1879 nisi
3132 1835 3390 1880 summe
3455 1834 3699 1898 purum
3757 1824 3824 1878 et
3881 1826 4131 1880 rectum
4189 1816 4258 1880 in
4316 1816 4506 1882 nobis
4560 1817 4797 1893 futurum,

2935 1899 3458 1984 quandoquidem
3505 1909 3575 1964 et
3608 1899 3688 1965 de
3722 1900 3886 1983 ipsis
3921 1900 4318 1968 animalibus
4351 1902 4600 1980 dicitur,
4647 1902 4796 1967 Deua

2938 1986 3104 2050 nihil
3181 1986 3313 2051 nisi
3384 1985 3626 2051 bonum
3690 2005 3965 2052 creasse.
4057 1985 4211 2065 Sed,
4291 1986 4511 2054 dolor!
4592 1986 4800 2052 hominis

2935 2073 3122 2154 lapsu
3180 2092 3220 2134 a
3280 2073 3420 2136 Dec
3478 2071 3676 2136 alieni
3734 2073 3887 2137 faeti
3945 2093 4206 2153 sumus;
4290 2084 4493 2156 atque
4548 2074 4634 2139 ita
4679 2072 4798 2137 cmsi

2936 2158 3102 2222 bono
3168 2157 3457 2240 spoliati:
3525 2156 3687 2222 adeo
3751 2168 3828 2222 ut
3891 2158 4089 2223 etiam
4157 2159 4329 2242 quod
4396 2161 4467 2224 in
4522 2180 4589 2224 se
4626 2160 4797 2224 benun

2933 2253 3079 2309 erat
3132 2251 3511 2326 corruptum
3570 2242 3659 2307 sit
3702 2254 3771 2308 et
3815 2244 4138 2319 vitiatum,
4182 2244 4352 2328 quod
4399 2266 4619 2310 omnes
4658 2244 4798 2309 nestri

2933 2350 3167 2396 sensus
3226 2329 3586 2412 perturbati
3646 2329 3797 2395 sint.
3886 2330 4064 2396 Hine
4104 2331 4312 2415 igitur
4355 2330 4668 2397 diseamus
4702 2348 4797 2413 pss-

2932 2416 3148 2481 siones
3205 2425 3275 2480 et
3327 2414 3705 2482 affectiones
3758 2414 3994 2498 quibus
4051 2438 4094 2481 a
4150 2427 4390 2481 natura
4450 2415 4725 2483 ducimur
4760 2424 4801 2478 et

2932 2522 3434 2579 commovemur,
3494 2522 3627 2566 non
3689 2522 3831 2567 esse
3890 2522 4008 2584 per
4048 2522 4120 2567 se
4162 2503 4395 2580 malas,
4455 2502 4569 2568 sed
4610 2501 4680 2567 ad
4715 2502 4799 2563 vir·

2931 2598 3142 2654 tutem
3188 2587 3485 2652 tendere:
3532 2598 3989 2653 verumtamen
4026 2587 4177 2653 licet
4211 2588 4399 2654 bonis
4434 2586 4804 2654 fundamentis

2933 2683 3001 2739 et
3054 2673 3388 2758 principiis
3442 2672 3743 2752 nitamur,
3804 2695 3937 2739 non
3993 2673 4143 2739 ideo
4200 2685 4424 2739 tamen
4486 2694 4529 2738 a
4579 2673 4803 2755 eulpae

2930 2760 3096 2826 vitio
3138 2760 3466 2825 immunes
3501 2779 3661 2839 esse,
3704 2759 3877 2843 quod
3918 2780 4254 2843 nunquam
4300 2760 4577 2826 modum
4615 2760 4675 2824 in
4711 2776 4805 2821 nos⁸

2932 2846 3056 2911 tris
3140 2845 3508 2911 actionibus
3586 2865 3923 2911 servemus
4000 2865 4196 2928 quem
4274 2845 4637 2931 oportebat.
4708 2841 4802 2907 floe

2929 2930 4684 3097 {313⁰‘s:353021‘33zmffizzffssffoefflsssssssfiz‘.
4714 2926 4804 3095 ἓξὲξ

2930 3104 3079 3170 dem
3144 3125 3280 3168 non
3347 3124 3387 3167 a
3451 3124 3523 3169 se
3584 3103 3728 3185 ipso
3792 3102 3907 3168 sed
3974 3122 4012 3166 a
4079 3113 4307 3169 sancto
4372 3105 4615 3188 spiritu
4667 3101 4802 3166 fuinoe

2930 3190 3018 3256 im
3068 3190 3266 3256 uleus.

3024 3212 3065 3276 p
3101 3274 3291 3357 Quod
3354 3295 3508 3339 vero
3567 3273 3873 3357 deinceps
3915 3282 4244 3356 narratur,
4303 3276 4511 3341 boves
4556 3275 4621 3340 in
4659 3275 4804 3336 frma

2928 3364 3232 3445 secuisse,
3271 3359 3513 3426 indicat
3550 3358 3819 3426 Saulem
3854 3361 3992 3425 suis
4026 3360 4449 3427 facultatibus
4486 3382 4619 3427 non
4652 3376 4807 3441 pepe*

2927 3450 3093 3516 cisse
3148 3458 3227 3511 ut
3282 3465 3540 3512 causam
3608 3445 3935 3529 publicam
4000 3446 4082 3513 ad
4147 3446 4334 3513 cuius
4402 3446 4803 3530 protectionem

2928 3534 3301 3609 vocabatur,
3360 3553 3480 3616 pro
3536 3532 3710 3597 virili
3740 3540 4187 3614 promoveret.
4275 3532 4424 3598 Nae
4468 3532 4699 3599 rustico
4730 3527 4806 3591 bo-

2927 3621 3091 3686 mini
3147 3620 3430 3684 multum
3491 3618 3614 3682 fuit
3678 3638 3799 3701 par
3863 3619 4061 3683 boum
4129 3620 4200 3683 in
4266 3619 4483 3685 frusta
4549 3615 4803 3687 divisse:

2925 3705 3041 3772 sed
3089 3707 3210 3771 hcc
3252 3705 3469 3770 facere
3504 3701 3773 3771 Saulem
3817 3725 4037 3770 rerum
4084 3705 4473 3771 constitutio
4518 3716 4587 3771 et
4618 3715 4806 3781 tempus

2928 3791 3316 3878 postulabat.
3405 3790 3511 3855 En
3571 3790 3779 3874 igitur
3822 3788 4093 3855 Saulem
4154 3791 4324 3857 bona
4368 3812 4499 3857 sua
4543 3810 4655 3875 pro
4688 3802 4807 3852 eom·

2928 3880 3114 3945 muni
3154 3878 3441 3943 utilitate
3480 3875 3564 3940 ad
3609 3876 3797 3941 cuius
3840 3875 4285 3943 defensionem
4329 3898 4373 3942 a
4408 3876 4561 3942 Deo
4606 3882 4805 3941 vocatu

2924 3975 3072 4031 erat
3133 3961 3654 4048 profundentem.
3767 3962 4053 4027 Videbat
4131 3963 4307 4029 enim
4384 3963 4623 4030 urbem
4678 3955 4806 4052 lab?

2926 4054 2992 4116 in
3054 4070 3311 4116 summo
3368 4047 3658 4130 periculo
3716 4049 3984 4127 versari,
4046 4047 4606 4132 metuendumque
4657 4065 4724 4110 ne
4764 4058 4805 4103 ω

2929 4138 3213 4203 hostium
3270 4142 3659 4217 potestatem
3715 4135 3991 4213 veniret,
4093 4134 4223 4200 uod
4280 4156 4615 4201 summam
4652 4145 4808 4196 rernm
4876 4168 4877 4171 π

2928 4222 3379 4290 confusionem
3437 4219 3621 4285 urbis
3677 4219 3856 4286 illius
3907 4221 4048 4286 cxci
4097 4221 4235 4285 ium
4277 4229 4461 4287 esset
4504 4220 4807 4286 allaturum,
4876 4286 4879 4309 W

2929 4318 2998 4374 et
3053 4308 3331 4374 duarum
3388 4306 3681 4371 tribuum
3734 4307 4271 4385 internecionem,
4332 4328 4425 4372 ex
4472 4327 4605 4389 qua
4644 4296 4810 4393 infide
4878 4312 4879 4315 ’

2930 4397 3024 4460 les
3090 4393 3495 4459 occasionem
3575 4412 3717 4456 sese
3782 4392 4093 4458 efferendi
4158 4402 4228 4458 et
4291 4403 4679 4478 arroganter
4726 4385 4809 4448 Da

2927 4481 3168 4565 populo
3248 4476 3609 4542 insultandi
3679 4483 4086 4545 sumsissent.
4196 4477 4647 4560 Quamobrem
4704 4464 4812 4537 Ssul

2932 4589 3059 4633 non
3106 4567 3378 4651 ignarus
3425 4563 3507 4627 ad
3553 4563 3710 4645 quid
3758 4585 3796 4630 a
3844 4566 3984 4630 Deo
4028 4574 4302 4630 vocatus
4346 4576 4552 4645 esset,
4595 4558 4810 4645 quidque

2929 4654 3125 4719 officii
3203 4650 3310 4716 sui
3374 4650 3541 4714 ratio
3610 4650 3985 4732 postularet,
4067 4651 4137 4716 in
4204 4648 4607 4717 universum
4666 4636 4809 4711 121·an

2928 4752 3150 4823 partes
3193 4737 3342 4802 illas
3384 4734 3579 4800 boum
3626 4757 3891 4801 suorum
3938 4736 4202 4802 dimisit.
4287 4736 4549 4803 Verum
4592 4730 4811 4826 insulem

2930 4840 2994 4889 et
3040 4825 3385 4891 barbarum
3432 4820 3612 4886 istud
3656 4821 3937 4888 edietum
3987 4820 4188 4887 videri
4236 4830 4521 4905 poterat,
4577 4839 4694 4906 quo
4726 4832 4811 4879 ⁸1⁰0

2929 4912 3067 4997 guli
3127 4910 3207 4975 ad
3268 4908 3449 4972 urbis
3505 4906 3865 4974 subsidium
3936 4918 4271 4987 vocantur,
4340 4909 4574 4974 addita
4636 4916 4812 4989 poeti*e

2930 4995 3461 5073 comminatione,
3512 4994 3649 5059 fore
3709 5002 3780 5057 ut
3834 4994 3905 5057 in
3963 4993 4177 5060 frusta
4233 4995 4539 5076 ipsorum
4580 4998 4811 5078 arment·⁸

2932 5098 3252 5160 secentur,
3332 5082 3400 5145 ni
3467 5088 3759 5162 pareant.
3871 5078 4064 5161 Quod
4133 5079 4405 5163 perinde
4479 5080 4620 5157 fuit,
4678 5089 4811 5165 ac?²

2930 5170 3209 5235 ediceret
3252 5187 3322 5233 se
3367 5167 3653 5231 hostium
3698 5166 3836 5231 loco
3882 5186 3991 5233 eos
4036 5168 4148 5249 qui
4192 5187 4436 5251 segnes
4480 5167 4551 5232 in
4598 5154 4810 5229 ferenda

2931 5257 3245 5322 fratribus
3298 5252 3615 5336 suppetiis
3671 5251 3965 5330 fuissent,
4026 5251 4434 5335 habiturum,
4495 5260 4565 5320 et
4602 5240 4813 5336 praed·e
