5059 6059
820 304 952 372 339

818 494 1012 562 nobis
1076 494 1142 559 in
1207 503 1473 578 peccata
1523 494 1865 560 ruentibus
1923 495 2312 575 immineret,
2377 503 2605 559 contra
2669 496 2763 559 fa-

820 602 1051 649 vorem
1087 600 1162 647 ac
1227 580 1749 647 benevolentiam
1807 583 1949 646 eius
2004 582 2073 645 in
2137 602 2256 645 nos
2295 591 2522 646 mutuo
2570 580 2763 645 bono-

823 688 973 732 rum
1017 685 1284 748 operum
1343 686 1662 732 consensu
1721 677 1787 731 et
1846 668 1986 750 pari
2054 667 2423 744 voluntate,
2489 666 2766 750 gloriam

824 752 925 818 illi
979 752 1258 816 debitam
1334 752 1682 817 reddentes
1740 754 2189 836 experiamur,
2257 765 2450 835 atquo
2492 752 2654 817 adeo
2698 752 2768 817 in

824 839 1031 905 sancti
1112 838 1397 902 nominis
1476 839 1683 920 ipsius
1763 840 2174 914 invocat-ione
2255 850 2770 921 perseverantes,

823 945 961 989 una
1039 942 1186 988 cum
1268 923 1409 1005 ipso
1493 923 1754 989 tandem
1822 927 1891 988 in
1959 940 2295 989 aeternum
2365 923 2771 1007 colligamur,

822 1029 1039 1092 neque
1090 1008 1170 1072 ab
1208 1008 1350 1074 eius
1384 1030 1669 1092 unquam
1709 1010 1981 1076 ecclesia
2018 1020 2083 1074 et
2121 1009 2310 1074 domo
2347 1009 2768 1092 depellamur.

999 1093 1226 1174 Quare
1270 1093 1464 1179 agite,
1509 1100 1612 1161 etc.

1298 1436 1797 1520 HOMILIA
1842 1438 2302 1521 DECIMA.

996 1609 1100 1675 25.
1145 1607 1237 1675 Et
1290 1629 1414 1674 non
1469 1610 1804 1673 audierunt
1861 1628 2064 1674 vocem
2123 1610 2343 1690 patris
2405 1611 2544 1676 sui.-
2617 1611 2772 1693 quia

817 1695 1017 1763 voluit
1055 1695 1373 1761 Dominus
1415 1694 1685 1760 occidere
1723 1714 1842 1759 eos.
1909 1694 2013 1760 26.
2063 1693 2236 1760 Puer
2277 1701 2475 1761 autem
2515 1695 2776 1761 Samuel

804 1781 1200 1865 proficiebat,
1245 1786 1431 1861 atque
1468 1779 1785 1857 crescebat,
1833 1785 1890 1844 et
1920 1781 2204 1863 placebat
2244 1787 2374 1847 tam
2404 1782 2540 1848 Deo
2583 1802 2772 1864 quam

822 1867 1199 1933 hominibus.
1288 1866 1393 1929 27.
1454 1865 1635 1930 Venit
1676 1872 1883 1930 autem
1924 1868 2029 1931 vir
2063 1865 2194 1931 Dei
2235 1868 2323 1933 ad
2366 1868 2537 1948 Heli,
2581 1873 2638 1932 et
2679 1868 2773 1932 ait

827 1955 914 2020 ad
959 1973 1134 2018 eum:
1177 1951 1353 2018 Haeo
1393 1952 1548 2017 dicit
1590 1950 1941 2017 Dominus:
1999 1952 2330 2033 Numquid
2385 1974 2506 2018 non
2560 1958 2774 2037 aperte

825 2040 1136 2104 revelatus
1158 2058 1302 2103 sum
1324 2037 1543 2102 domui
1552 2038 1773 2118 patris
1793 2038 1908 2117 tui,
1952 2058 2145 2120 quum
2180 2044 2379 2104 essent
2397 2041 2471 2104 in
2495 2039 2772 2123 Aeyypto

826 2125 901 2191 iu
953 2124 1131 2190 domo
1173 2122 1587 2188 Pharaonis?
1674 2122 1778 2187 28.
1839 2122 1927 2187 Et
1982 2124 2137 2206 eleyi
2189 2145 2329 2189 eum
2371 2146 2447 2190 ex
2488 2125 2774 2191 omnibus

828 2209 1111 2276 tribubus
1133 2209 1340 2274 Israe'l
1379 2208 1539 2273 mihi
1578 2210 1971 2289 sacerdotem,
2013 2214 2084 2274 ut
2123 2210 2513 2276 adscenderet
2554 2212 2640 2276 ad
2682 2210 2774 2275 al-

827 2301 967 2361 tare
1027 2315 1252 2376 meum,
1316 2300 1371 2359 et
1433 2294 1701 2359 adoleret
1761 2294 1925 2360 mihi
1982 2296 2322 2374 incensum,
2390 2302 2448 2362 et
2494 2300 2773 2380 portaret

830 2382 1026 2463 ephod
1070 2401 1278 2446 coram
1321 2401 1452 2445 me.-
1506 2384 1562 2446 et
1612 2380 1760 2446 dedi
1801 2380 2016 2446 domui
2052 2383 2263 2462 patris
2304 2384 2400 2447 tui
2441 2383 2655 2447 omnia
2696 2382 2773 2447 de

829 2467 1165 2548 sacrificiis
1215 2466 1497 2547 filiorum
1539 2464 1766 2531 Israe'l.
1854 2466 1959 2530 29.
2011 2467 2220 2549 Quare
2258 2467 2421 2534 calce
2462 2469 2775 2535 abiecistis

829 2553 1147 2618 victimam
1185 2571 1403 2628 meam,
1445 2557 1501 2617 et
1541 2571 1802 2617 munera
1840 2572 1979 2618 mea
2021 2573 2180 2633 quae
2210 2556 2528 2635 praecepi,
2571 2559 2643 2619 ut
2684 2554 2772 2637 of·

830 2638 1151 2722 ferrentur
1206 2638 1279 2702 in
1334 2638 1590 2719 templo.-
1648 2642 1707 2701 et
1757 2640 1963 2738 mayis
2019 2638 2338 2705 honorasti
2397 2639 2573 2720 filios
2636 2644 2776 2704 tuos

820 2743 1026 2806 -quam
1082 2743 1196 2804 me,
1265 2729 1337 2788 ut
1388 2723 1777 2789 comederetis
1821 2724 2156 2806 primitias
2209 2726 2414 2790 omnis
2469 2724 2777 2805 sacrificii

835 2807 1051 2875 Israe‘l
1077 2809 1308 2891 populi
1349 2810 1487 2874 mei.
1573 2808 1678 2874 30.
1727 2808 2067 2891 Propterea
2110 2810 2206 2874 ait
2244 2810 2563 2877 Dominus
2595 2809 2777 2876 Deus

836 2895 1075 2960 Israez:
1121 2894 1411 2975 Loquens
1453 2894 1746 2976 loquutus
1800 2915 1960 2975 sum,
2004 2901 2078 2959 ut
2130 2896 2352 2962 domus
2395 2900 2524 2976 tua,
2569 2900 2626 2960 et
2665 2897 2774 2996 do·

831 2998 976 3046 mus
1004 2982 1223 3062 patris
1263 2983 1362 3046 tui
1400 2982 1790 3046 ministraret
1828 2981 1899 3046 in
1932 2986 2253 3062 conspexu
2285 3001 2434 3064 meo,
2476 3001 2775 3063 usquein

831 3068 1297 3146 sempumum.
1390 3066 1577 3132 Nune
1619 3070 1842 3150 autem,
1885 3067 2038 3132 dicit
2063 3064 2416 3133 Dominus.
2452 3066 2642 3132 Absit
2667 3067 2778 3131 hoe

834 3172 876 3216 a
927 3172 1055 3217 me.-
1119 3153 1227 3217 sed
1295 3153 1643 3234 quicunque
1699 3151 2195 3234 honorificaverit
2247 3173 2359 3251 ηις,
2419 3152 2775 3236 ylorifieabo

833 3257 1010 3303 eum:
1053 3239 1168 3321 qui
1209 3243 1419 3304 autem
1460 3242 1845 3303 contemnunt
1884 3257 2000 3320 me,
2043 3238 2283 3305 eruut

1004 3408 1152 3475 Etsi
1195 3429 1329 3474 non
1373 3430 1451 3476 ea
1493 3409 1726 3476 fuisset
1768 3408 2186 3493 reprehensio
2231 3429 2362 3492 qua
2403 3408 2575 3475 filios
2622 3430 2776 3475 suos

832 3493 992 3558 Heli
1057 3495 1466 3578 corripuerat
1530 3496 1790 3580 qualem
1855 3516 2000 3560 esse
2066 3494 2389 3577 decuerat,
2464 3494 2777 3578 quemad-

836 3578 1104 3644 modum
1165 3602 1307 3644 eam
1353 3579 1498 3647 Deo
1555 3581 1823 3645 minime
1877 3581 2267 3647 satisfecisse
2320 3580 2777 3664 conspicimus,

837 3685 918 3728 ea
939 3674 1175 3745 tamen,
1220 3666 1347 3731 nisi
1389 3667 1627 3732 callum
1674 3666 2101 3732 obduxissent
2144 3677 2211 3731 et
2252 3666 2325 3731 in
2367 3666 2624 3731 malitia
2665 3664 2776 3730 ob-

839 3747 1235 3832 demissent,
1279 3754 1691 3828 commoveri,
1738 3761 1804 3817 et
1824 3751 1906 3816 ad
1928 3753 2260 3818 meliorem
2306 3753 2564 3836 frugem
2598 3772 2777 3817 revo-

837 3836 992 3914 cari,
1051 3847 1246 3919 atque
1301 3838 1453 3902 irati
1507 3837 1797 3904 numinis
1854 3838 2018 3903 iram
2078 3836 2355 3921 placare,
2421 3846 2488 3902 et
2545 3858 2585 3902 a
2642 3838 2779 3902 suis

842 3920 1205 3988 cervicibus
1279 3933 1578 3989 avertere
1649 3922 2030 4008 potuissent.
2119 3922 2255 3990 Sed
2311 3922 2654 3988 induratos
2712 3931 2778 3987 et

840 4005 1214 4074 obfirmatos
1268 4008 1468 4074 fuisse
1521 4009 1852 4088 videmus,
1918 4008 2080 4075 adeo
2144 4017 2221 4074 ut
2284 4007 2406 4074 sibi
2470 4008 2779 4074 ultimum

842 4093 1115 4156 exitium
1162 4114 1236 4160 ac
1279 4095 1631 4177 perniciem
1670 4093 1931 4162 tandem
1968 4094 2453 4161 accersiverint.
2511 4094 2605 4159 Et
2632 4096 2776 4176 qui-

843 4178 991 4244 dem
1036 4180 1287 4244 merito.
1374 4180 1544 4246 Nam
1580 4182 1637 4246 si
1681 4182 1791 4264 qui
1835 4181 2020 4247 novit
2062 4179 2333 4244 Domini
2384 4180 2488 4245 sui
2539 4181 2776 4244 volun-

843 4274 1047 4328 tatem
1114 4286 1362 4344 servus,
1430 4277 1498 4332 et
1552 4288 1693 4333 eam
1755 4265 2051 4351 negligit,
2117 4264 2488 4350 duplicibus
2552 4267 2779 4348 poenis

842 4347 1084 4450 dignus
1128 4360 1261 4415 est:
1307 4371 1469 4434 quas
1512 4353 1774 4417 tandem
1820 4373 1929 4417 eos
1973 4353 2211 4418 mereri
2254 4351 2778 4417 existimabimus

841 4436 958 4518 qui
1000 4457 1040 4501 a
1082 4435 1229 4501 Deo
1270 4438 1521 4512 moniti,
1579 4458 1709 4503 non
1770 4436 1962 4503 modo
2008 4457 2141 4502 non
2189 4437 2601 4521 resipiscunt,
2662 4437 2774 4502 sed

835 4522 1132 4587 animum
1175 4522 1257 4586 ad
1304 4523 1544 4588 malum
1589 4525 1934 4589 obfirmare
1976 4531 2279 4607 pergunt,
2330 4523 2779 4605 modicamque

838 4607 964 4673 Dei
1026 4628 1294 4674 manum
1339 4618 1793 4692 aspernantur,
1852 4618 1919 4674 et
1971 4619 2278 4692 paternas
2322 4608 2615 4674 eiusdem
2662 4607 2776 4673 ad-

837 4694 1231 4761 monitiones
1281 4694 1644 4780 respuunt?
1731 4694 1905 4759 Nam
1962 4694 2217 4778 quoties
2273 4693 2612 4760 admoneri
2658 4715 2778 4759 nos

839 4778 1027 4845 Deus
1070 4781 1235 4861 vult,
1293 4800 1333 4844 a
1371 4801 1757 4864 quocunque
1814 4778 2080 4845 tandem
2132 4778 2198 4844 id
2245 4781 2379 4853 flat,
2440 4780 2634 4845 toties
2677 4777 2773 4843 di-

840 4865 979 4929 vini
1033 4866 1277 4933 favoris
1336 4886 1412 4932 ao
1467 4876 1779 4950 paternae
1836 4867 1981 4932 eius
2035 4866 2422 4932 clementiae
2478 4876 2659 4931 certa
2712 4874 2778 4929 et

836 4949 1208 5016 indubitata
1270 4953 1648 5018 testimonia
1725 4951 1914 5018 nobis
1991 4951 2416 5028 exhibentur,
2493 4948 2778 5016 nolentis

841 5055 1238 5120 quemquam
1298 5038 1527 5121 perire.
1616 5037 1764 5103 Non
1823 5038 1970 5104 vult
2012 5038 2185 5103 enim
2228 5036 2435 5118 Deus,
2489 5038 2583 5101 ait
2626 5057 2774 5119 pro-

840 5120 1058 5202 pheta,
1117 5133 1392 5189 mortem
1436 5125 1810 5207 peccatoris,
1870 5123 1982 5189 sed
2039 5124 2252 5208 magis
2303 5131 2379 5188 ut
2435 5122 2777 5207 resipiscat

2543 301 2959 372 HOMILIA
3001 301 3094 368 X.

4632 311 4725 378 340

2870 491 3037 570 vole,
3073 498 3208 555 tam
3245 489 3600 556 clementer
3633 490 3984 570 excitante,
4028 496 4441 574 nostramque
4473 495 4729 565 miseriam

2873 577 3241 657 miserente,
3292 597 3423 660 qua
3465 585 3694 661 sponte
3738 579 3803 641 in
3851 589 4096 643 certam
4141 579 4484 659 perniciem
4525 583 4728 664 ruimus,

2871 674 2936 728 et
2980 674 3233 727 tantam
3279 683 3435 746 ergo
3481 685 3599 727 nos
3636 664 4107 727 humanitatem
4145 675 4441 742 testante,
4482 667 4528 730 si
4561 685 4731 735 contra

2872 757 3227 832 torpemus,
3279 759 3345 812 et
3386 752 3645 815 vocanti
3693 750 4077 826 resistimus,
4124 760 4189 813 et
4230 750 4532 815 adversus
4569 768 4728 834 pater·

2874 855 3025 898 nam
3089 835 3500 900 elementiam
3567 835 4013 912 calcitramus,
4090 855 4304 899 annon
4373 849 4604 919 oportet
4651 864 4733 906 uos

2875 919 3022 1003 plus
3089 941 3284 1019 quam
3354 932 3569 984 mente
3635 935 3855 1002 captos
3917 942 4077 1000 esse,
4144 932 4211 984 et
4266 938 4485 986 nostro
4536 926 4732 1004 scelere,

2876 1017 3059 1069 tanta
3105 1006 3412 1070 nimirum
3457 1006 3761 1089 superbia
3804 1019 4001 1089 atque
4043 1009 4450 1072 contumacia
4489 1008 4735 1078 adversus

2879 1092 3093 1156 Deum
3132 1091 3531 1157 horrendum
3578 1093 3785 1175 ipsius
3819 1095 3884 1156 in
3931 1113 4048 1158 nos
4083 1093 4393 1158 iudicium
4433 1097 4734 1161 accersere?

2878 1176 3099 1257 Quare
3143 1177 3492 1261 diligenter
3535 1177 3659 1242 hoc
3700 1178 4205 1256 observandum,
4269 1179 4463 1243 semel
4507 1179 4736 1247 admoni-

2875 1273 2980 1327 tos
3024 1267 3082 1328 si
3129 1284 3392 1346 peccare
3437 1276 3871 1347 perseverent,
3918 1285 4131 1347 neque
4169 1278 4564 1347 peccatorum
4594 1290 4738 1332 sensu

2876 1349 3046 1414 serio
3112 1360 3488 1433 tangantur,
3554 1352 3620 1414 in
3690 1351 3902 1415 Deum
3968 1350 4263 1434 graviter
4332 1371 4606 1433 peccare,
4661 1355 4740 1436 qui

2875 1445 3133 1499 tantum
3201 1437 3303 1501 sui
3354 1446 3797 1518 contemptum
3858 1457 3983 1501 non
4043 1437 4130 1500 sit
4202 1437 4481 1501 inultum
4540 1439 4740 1503 tandem

2875 1521 3243 1587 relicturus.
3349 1520 3589 1586 Nullus
3656 1522 3763 1585 hic
3826 1524 4230 1587 excusationi
4296 1523 4506 1600 locus,
4575 1526 4740 1589 nuilus

2875 1605 3309 1690 subterfugio:
3379 1628 3484 1671 res
3549 1608 3690 1689 ipsa
3755 1607 3878 1673 hoc
3941 1608 4198 1685 clamat,
4269 1628 4342 1673 ac
4407 1627 4607 1672 eoram
4646 1610 4745 1674 Deo

2875 1692 3086 1758 scelus
3132 1705 3424 1757 nostrum
3473 1693 3887 1759 vociferatur.
3979 1694 4145 1757 Nam
4196 1717 4234 1758 a
4270 1695 4412 1759 Deo
4454 1696 4641 1760 omnis
4676 1718 4746 1758 ve-

2875 1780 3036 1844 ritas
3104 1788 3171 1843 et
3235 1779 3447 1843 virtus
3514 1793 3876 1861 promanat.
3986 1777 4211 1860 Quare
4277 1782 4529 1862 quoties
4580 1802 4614 1844 a
4651 1781 4747 1845 Deo

2874 1864 3293 1941 suscitantur,
3340 1885 3614 1946 quorum
3654 1864 4209 1930 admonitionibus
4244 1877 4310 1930 et
4343 1867 4744 1948 obiurgationi·

2876 1949 2993 2015 bus
3034 1949 3114 2014 ad
3160 1951 3604 2033 integritatem
3660 1951 3828 2015 vitae
3885 1971 4286 2032 revocemur,
4343 1952 4607 2016 salutem
4645 1974 4745 2015 nos-

2874 2045 3041 2100 tram
3087 2056 3126 2100 a
3171 2035 3314 2100 Deo
3369 2037 3707 2118 procurari
3766 2046 4016 2102 certum
4084 2048 4198 2102 est.
4289 2035 4361 2102 Si
4413 2039 4549 2101 Deo
4603 2040 4747 2121 igitur

2874 2133 3009 2186 tam
3053 2121 3326 2187 sollicite
3373 2143 3487 2187 nos
3532 2123 3867 2204 quaerenti
3913 2135 4334 2205 nostramque
4372 2124 4629 2187 salutem
4649 2144 4748 2207 pro-

2873 2208 3129 2272 curanti
3186 2208 3579 2290 respondere
3638 2208 4086 2292 dedignamur,
4152 2221 4219 2273 et
4272 2211 4546 2291 gratiam
4597 2210 4747 2289 ipsius

2874 2294 3372 2369 contemnimus,
3431 2292 3585 2377 quid
3644 2294 3827 2358 nobis
3886 2294 4180 2359 futurum
4230 2294 4528 2359 miseris?
4583 2314 4746 2358 annon

2876 2400 3157 2461 aequum
3212 2390 3311 2443 est
3370 2389 3444 2443 ut
3496 2379 3656 2444 diris
3700 2378 4037 2462 suppliciis
4081 2392 4330 2444 tantam
4379 2400 4422 2443 a
4465 2380 4633 2445 nobis
4665 2379 4749 2444 sibi

2875 2462 3110 2530 factam
3190 2464 3500 2529 iniuriam
3579 2463 4052 2548 persequatur?
4164 2464 4330 2545 Quis
4405 2466 4570 2530 enim
4627 2466 4752 2528 inter

2877 2550 3185 2615 mortales
3229 2561 3413 2634 pater
3457 2551 3663 2615 filium
3711 2553 3876 2615 ferat
3920 2573 3957 2615 a
4002 2573 4073 2617 se
4124 2551 4550 2627 admonitum,
4603 2549 4752 2615 recal-

2878 2636 3245 2710 citrantem,
3313 2636 3604 2721 linguam
3672 2637 4136 2702 contumeliose
4200 2651 4624 2717 exserentem,
4675 2645 4752 2697 aut

2880 2722 2960 2787 de
3028 2725 3310 2805 peccatis
3367 2722 3857 2807 reprehensum,
3926 2744 4068 2788 sese
4126 2722 4208 2788 ad
4252 2724 4506 2806 flagitia
4547 2720 4754 2806 quaevis

2878 2808 3313 2873 offirmantem
3374 2819 3440 2872 et
3481 2808 3950 2873 indurantem?
4042 2807 4239 2889 Quis,
4301 2809 4586 2910 inquam,
4624 2820 4755 2890 pater

2877 2892 3242 2958 istiusmodi
3288 2893 3494 2958 filium
3542 2895 3728 2968 ferat,
3774 2916 3850 2960 ac
3893 2914 4024 2959 non
4073 2895 4306 2959 millies
4351 2897 4563 2977 potius
4601 2891 4758 2991 perdi·

2879 2989 3023 3045 tum
3086 2977 3294 3044 velit?
3385 2977 3656 3060 Quanto
3719 3002 3871 3045 vero
3910 3002 4027 3046 nos
4071 2983 4282 3064 magis
4327 2981 4474 3045 Deo
4517 2976 4757 3052 devincti,

2878 3084 3076 3148 quam
3135 3066 3590 3131 communibus
3651 3066 3948 3147 patribus
3992 3066 4181 3131 liberi
4225 3065 4504 3131 sumus?
4585 3065 4759 3145 Itaque

2879 3151 3004 3216 hoc
3065 3151 3265 3215 semel
3333 3151 3576 3217 dictum
3638 3161 3794 3228 este,
3852 3152 3996 3217 Deo
4056 3173 4174 3216 nos
4234 3150 4314 3216 de
4377 3153 4643 3235 peccatis
4677 3148 4756 3212 ad·

2878 3236 3175 3301 monenti
3216 3238 3485 3301 minime
3529 3237 3982 3315 resistendum,
4029 3237 4142 3303 sed
4181 3236 4262 3302 ad
4301 3240 4577 3319 primam
4610 3233 4755 3308 auris,

2877 3331 2956 3387 ut
2996 3321 3090 3387 ita
3133 3321 3362 3402 dicam,
3408 3321 3905 3400 vellicationem,
3964 3323 4033 3388 in
4095 3325 4236 3389 eius
4286 3322 4643 3388 obedientia
4677 3339 4757 3383 no·

2877 3406 2977 3473 bis
3035 3407 3523 3484 ambulandum,
3591 3421 3653 3473 et
3714 3409 3891 3473 omni
3945 3409 4259 3492 obsequio
4319 3408 4665 3474 faciendum
4700 3424 4758 3468 ne

2877 3492 3194 3559 indociles
3238 3494 3439 3560 fuisse
3480 3496 3990 3594 comperiamur·
4036 3495 4148 3560 sed
4197 3507 4271 3560 ut
4315 3515 4404 3559 ex
4449 3495 4614 3560 vitiis
4649 3512 4757 3556 nos·

2877 3580 2998 3645 tris
3040 3580 3416 3657 excitemur,
3465 3581 3700 3663 quibus
3737 3580 4014 3644 nimium
4052 3578 4554 3657 indulseramus,
4596 3599 4659 3644 ac
4685 3577 4757 3639 de-

2876 3666 3075 3747 nique
3117 3666 3353 3731 seriam
3401 3666 3863 3748 poenitentiam
3913 3687 4207 3750 agamus.

3050 3750 3256 3815 Porro
3321 3751 3603 3816 filiorum
3670 3751 3826 3816 Heli
3894 3752 4255 3830 induratio,
4338 3760 4408 3816 et
4469 3745 4756 3836 praefracti

2878 3836 3083 3901 animi
3125 3835 3498 3919 pertinacia,
3566 3838 3741 3902 iusto
3775 3837 3898 3902 Dei
3943 3837 4182 3904 iudicio
4225 3837 4570 3904 tribuitur.
4610 3850 4757 3919 quum

2877 3943 2989 3987 eos
3033 3922 3272 3987 dieitur
3317 3923 3498 3988 Deus
3541 3922 3833 3989 occidere
3875 3923 4183 3988 voluisse.
4252 3923 4513 4004 Quibus
4553 3919 4754 4005 quidem

2877 4008 3096 4074 verbis
3138 4028 3298 4073 cave
3341 4010 3673 4074 existimes
3701 4010 3841 4074 Deo
3885 4011 4362 4075 contumaciam
4412 4024 4479 4075 et
4521 4005 4754 4075 rebellio-

2878 4116 3027 4159 nem
3075 4094 3365 4177 ipsorum
3411 4095 3701 4174 attribui,
3761 4096 3943 4179 quasi
4001 4095 4142 4178 ipse
4186 4094 4373 4161 Deus
4431 4093 4658 4179 peccati
4691 4092 4755 4171 ip·

2878 4200 3094 4245 sorum
3156 4188 3365 4263 autor,
3429 4180 3557 4263 ipsi
3614 4200 3772 4245 vero
3829 4193 4017 4245 extra
4074 4182 4331 4263 culpam
4401 4181 4632 4247 forent:
4678 4170 4755 4238 sed

2879 4273 3109 4330 contra
3174 4265 3482 4344 indicari,
3538 4287 3577 4330 a
3641 4266 3780 4331 Deo
3824 4267 3895 4331 in
3954 4267 4302 4349 reprobum
4366 4287 4622 4333 sensum
4664 4273 4755 4326 trs·

2879 4349 3070 4431 ditos,
3115 4352 3281 4433 quod
3324 4350 3435 4415 diu
3493 4352 3616 4418 sibi
3672 4351 3980 4435 peccandi
4025 4374 4249 4419 secure
4295 4352 4615 4420 licentiam
4652 4365 4753 4445 por·

2881 4436 3230 4503 misissent.
3328 4437 3472 4502 Etsi
3532 4436 3736 4522 igitur
3790 4438 3972 4503 Deus
4029 4459 4101 4502 os
4156 4438 4314 4503 Heli
4375 4436 4650 4523 parentis
4691 4431 4756 4511 ip·

2877 4542 3097 4588 sorum
3141 4521 3222 4585 ad
3267 4523 3697 4607 increpandos
3741 4524 3884 4589 illos
3931 4524 4203 4608 aperuit,
4263 4525 4360 4589 illi
4431 4539 4631 4589 tamen
4678 4535 4754 4581 σοι·

2877 4628 3068 4673 suum
3104 4605 3594 4674 obduraverunt
3631 4609 3945 4675 adversus
3981 4621 4287 4694 paternas
4323 4608 4756 4678 admonitiones,

2878 4702 2953 4760 ut
3010 4693 3253 4759 nullius
3311 4693 3482 4776 apud
3544 4696 3719 4777 ipsos
3765 4704 3985 4761 essent
4030 4694 4348 4779 ponderis,
4414 4696 4527 4762 sed
4582 4696 4753 4758 inanes

2879 4799 3145 4862 prorsus
3208 4789 3273 4844 et
3336 4778 3671 4847 evanidae.
3782 4780 4117 4861 Quorsum
4181 4782 4389 4865 igitur
4451 4803 4490 4846 a
4544 4781 4755 4863 parente

2876 4864 3208 4931 admoneri
3257 4866 3439 4931 Deus
3484 4866 3735 4932 voluit?
3820 4868 4071 4951 Nempe
4119 4871 4200 4932 ut
4239 4868 4456 4934 omnis
4498 4866 4642 4949 ipsis
4674 4880 4753 4924 ex·

2876 4951 3231 5018 cusationis
3290 4952 3538 5036 species
3591 4953 3954 5038 adimatur,
4021 4965 4086 5019 et
4147 4952 4615 5019 inexcusabiles
4651 4941 4752 5011 md·

2878 5038 3155 5102 dantur.
3201 5048 3394 5121 atque
3438 5037 3599 5103 adeo
3644 5039 3714 5104 in
3760 5041 3895 5105 suis
3939 5040 4209 5122 flagitiis
4243 5040 4460 5123 magis
4495 5059 4566 5103 ac
4595 5030 4753 5113 mtgh

2874 5123 3371 5208 immergantur.
3460 5123 3688 5206 Neque
3744 5127 3920 5192 enim
3973 5128 4028 5191 si
4071 5125 4256 5192 Deus
4299 5125 4566 5190 verbum
4606 5133 4751 5183 suum

834 5215 913 5272 et
955 5208 1168 5274 vivat:
1217 5211 1360 5276 Deo
1420 5231 1539 5277 nos
1594 5211 1799 5295 igitur
1854 5220 1989 5276 tam
2034 5217 2325 5294 paterne,
2386 5217 2519 5274 tam
2582 5208 2773 5273 bene-
2875 5208 2960 5275 ad
2997 5208 3293 5275 homines
3338 5209 3559 5290 mittit,
3605 5219 3673 5275 et
3707 5211 3939 5278 iisdem
3975 5212 4333 5296 praedicari
4369 5212 4528 5288 vult,
4571 5204 4754 5273 idaim
