5059 6059
327 329 443 397 269

329 543 514 607 quum
553 518 777 586 dicunt
813 518 1172 603 Oaiapham
1212 517 1380 604 quod
1417 529 1590 585 esset
1611 520 1898 602 pontifex
1921 518 2224 584 habuisse

327 610 553 673 donum
611 605 1020 688 prophetiae:
1076 626 1151 671 ac
1204 604 1477 688 proinde
1535 605 1705 670 idem
1749 625 1889 670 esse
1934 605 2014 669 de
2058 624 2224 687 papa

323 693 620 759 iudicium
676 690 845 775 quod
904 691 994 757 sit
1050 691 1356 757 ecclesiae
1406 704 1620 774 caput.
1709 687 1840 756 Sed
1883 689 1953 754 in
1997 689 2223 772 primis

320 777 652 844 ostendant
691 797 818 860 quo
860 775 1284 841 fundamento
1327 776 1622 840 nitantur
1663 796 1861 859 quum
1904 774 2073 840 idolo
2106 774 2219 853 illi,

319 865 418 931 cui
458 861 673 927 nullus
717 863 927 926 honor
970 860 1256 938 debetur,
1314 862 1676 927 attribuunt
1718 860 2098 944 dignitatem
2144 861 2220 923 il-

319 951 440 1015 lam
481 948 708 1028 eapitis
751 948 1072 1013 eeclesiae.
1134 946 1347 1027 Quam
1382 947 1725 1012 ridiculum
1762 955 2219 1029 argumentum

317 1033 484 1111 illud,
542 1054 668 1116 quo
711 1032 1066 1115 Oaiapham
1111 1033 1526 1115 prophetasse
1571 1033 1815 1111 volunt,
1871 1040 1946 1095 ut
1987 1051 2217 1112 papam

316 1122 379 1185 in
441 1118 662 1184 eodem
726 1117 932 1200 gradu
996 1117 1327 1184 collocent.
1416 1118 1554 1184 Nae
1619 1116 1926 1199 loquutus
1990 1126 2092 1181 est
2148 1125 2220 1179 ut

313 1207 449 1289 pica
502 1216 570 1269 et
610 1203 918 1286 psittacus
960 1202 1279 1286 garriunt,
1335 1214 1409 1269 ut
1450 1214 1551 1267 est
1592 1203 1662 1267 in
1705 1202 2032 1268 communi
2075 1220 2220 1282 pro-

315 1290 544 1365 verbi0,
615 1300 682 1354 et
749 1288 1009 1371 quidem
1065 1291 1330 1353 omnino
1386 1299 1614 1354 contra
1671 1296 1954 1352 mentem
2012 1306 2217 1364 suam,

307 1397 501 1458 quum
547 1373 714 1438 dixit
754 1374 1059 1457 expedire
1101 1384 1174 1439 ut
1215 1395 1387 1440 unus
1429 1373 1622 1438 homo
1658 1393 1775 1455 pro
1809 1382 1945 1436 toto
1978 1371 2215 1454 populo

309 1468 682 1525 moreretur.
767 1458 942 1524 Sane
1005 1478 1136 1524 non
1194 1461 1462 1540 agnovit
1518 1459 1855 1524 Christum
1913 1478 2031 1540 pro
2091 1456 2214 1520 Dei

308 1547 465 1611 filio:
505 1566 713 1627 neque
756 1545 953 1609 etiam
995 1546 1281 1627 percepit
1323 1544 1509 1627 quale
1546 1541 1952 1608 commodum
1992 1552 2057 1606 et
2086 1541 2214 1606 uti-

308 1633 451 1697 litas
493 1652 579 1695 ex
619 1630 825 1713 ipsius
868 1639 1076 1693 morte
1117 1645 1183 1694 et
1227 1630 1523 1712 passione
1568 1628 1649 1694 ad
1694 1630 2070 1694 universum
2104 1647 2213 1710 ge-

304 1738 424 1782 nus
483 1716 842 1781 humanum
894 1715 1286 1797 perveniret,
1345 1716 1413 1779 in
1457 1715 1578 1780 hoc
1620 1715 1882 1780 unicum
1924 1712 2212 1777 intentus

301 1813 374 1867 ut
415 1821 676 1885 quoquo
718 1799 908 1865 modo
954 1798 1256 1866 Ohristus
1296 1823 1333 1866 6
1378 1800 1587 1865 medio
1629 1798 1983 1863 tolleretur.
2027 1796 2214 1862 Nihi-

301 1887 580 1952 lominus
623 1897 842 1951 tamen
889 1884 1011 1950 hoc
1053 1885 1149 1950 illi
1190 1886 1367 1952 Deus
1400 1885 1688 1961 extorsit,
1734 1896 1810 1949 ut
1844 1881 2213 1949 ostenderet

298 1985 574 2038 mortem
641 1971 758 2036 filii
814 1971 914 2035 sui
973 1971 1196 2053 generi
1255 1973 1540 2037 humano
1583 1971 1858 2036 salutem
1901 1982 1967 2034 et
2009 1967 2209 2034 vitam

298 2058 661 2123 allaturam.
750 2055 1330 2122 verumenimvero
1405 2055 1764 2140 Caiapham
1846 2074 2051 2137 neque
2134 2062 2212 2116 ut

294 2145 643 2219 doctorem,
705 2161 914 2224 neque
968 2152 1043 2206 ut
1099 2144 1479 2224 magistrum
1538 2143 1606 2206 in
1665 2138 1934 2207 ecclesia
1974 2136 2207 2202 admit-

296 2242 523 2307 temus,
569 2238 633 2293 et
678 2227 857 2291 nulla
898 2228 1038 2292 eius
1079 2240 1176 2292 est
1218 2228 1544 2305 autoritas,
1589 2245 1797 2308 neque
1841 2245 2060 2289 eorum
2097 2222 2208 2307 qui

291 2336 358 2381 se
415 2314 532 2378 1116
579 2321 862 2390 ι666ιιιι·,
915 2311 1435 2395 quandoquidem
1475 2332 1695 2376 eorum
1738 2331 1899 2393 quae
1943 2308 2209 2391 protulit

290 2399 543 2464 nullam
601 2397 1098 2481 intelligentiam
1157 2395 1402 2478 habuit,
1460 2399 1656 2462 immo
1710 2395 2035 2462 contraria
2076 2394 2207 2459 illis

290 2504 558 2567 prorsus
601 2494 667 2546 6ι
706 2503 1078 2566 repugnans
1112 2483 1251 2547 eius
1283 2482 1557 2547 intentio
1582 2482 1719 2546 fuit.
1764 2479 2202 2562 Quamobrem

289 2590 487 2653 quum
549 2567 817 2634 Saulem
874 2567 1173 2633 audimus
1230 2567 1669 2650 prophetasse,
1721 2588 1805 2631 66
1847 2564 2202 2649 cogitemus

284 2656 539 2739 reliqua
584 2655 783 2718 fuisse
825 2652 1137 2736 quaedam
1173 2652 1383 2717 adhuc
1418 2653 1486 2716 in
1523 2654 1660 2736 ipso
1696 2651 1968 2735 vestigia
2005 2650 2202 2715 dono-

282 2761 430 2805 rum
474 2760 643 2822 quae
688 2738 867 2820 prius
908 2739 976 2803 in
1022 2740 1234 2820 ipsum
1279 2739 1460 2804 Deus
1500 2738 1895 2803 contulerat:
1939 2734 2051 2800 sed
2085 2755 2198 2819 ag-

280 2845 627 2892 noscamus
683 2825 901 2908 potius
956 2822 1324 2888 inchoatam
1364 2825 1435 2887 in
1491 2822 1604 2888 illo
1661 2822 1940 2906 gratiam
1993 2820 2197 2886 fuisse

275 2931 549 2993 prorsus
585 2909 1025 2988 deformatam,
1061 2920 1127 2974 et
1158 2910 1229 2974 in
1265 2909 1662 2975 contrarium
1701 2926 1966 2990 prorsus
2003 2927 2196 2971 usum

274 3015 691 3061 conversam:
740 2993 1131 3077 Saulemque
1174 2992 1610 3059 maledictioni
1655 2992 1914 3058 divinae
1956 2991 2195 3056 factum

272 3083 654 3159 obnoxium,
712 3099 843 3144 non
905 3088 1161 3144 tantum
1217 3077 1391 3162 quod
1444 3099 1601 3163 erga
1643 3078 1859 3143 Deum
1902 3078 2196 3160 ingratus

269 3168 509 3233 fuisset
551 3186 669 3249 pro
712 3174 805 3230 tot
848 3166 1125 3247 acceptis
1168 3164 1249 3230 ab
1291 3166 1430 3247 ipso
1473 3163 1830 3229 beneficiis:
1876 3160 1990 3227 sed
2025 3161 2195 3245 quod

267 3253 327 3317 ei
372 3250 708 3318 invideret
749 3270 940 3334 quem
985 3249 1166 3315 Deus
1211 3250 1431 3334 populi
1474 3250 1580 3316 sui
1615 3248 1943 3314 ductorem
1981 3246 2194 3330 desig-

267 3348 487 3419 narat,
547 3346 617 3402 et
657 3348 924 3401 unctum
966 3357 1159 3401 suum
1203 3337 1458 3411 fecerat,
1517 3333 1582 3398 id
1627 3343 1728 3400 est
1768 3353 1917 3400 eum
1962 3333 2074 3415 qui
2118 3333 2194 3396 fi-

263 3443 438 3507 gura
481 3431 628 3489 erat
668 3420 937 3485 Domini
982 3421 1188 3486 nostri
1222 3420 1372 3485 Iesu
1409 3419 1694 3485 Christi:
1741 3418 1900 3483 adeo
1934 3417 2191 3500 quidem

265 3520 341 3574 ut
384 3510 626 3574 insano
665 3506 885 3571 furore
926 3508 1013 3572 sit
1054 3507 1356 3589 percitus.
1444 3505 1534 3570 Et
1567 3502 1647 3570 de
1682 3504 1826 3569 istis
1860 3502 2191 3568 hactenus.

443 3592 760 3675 Sequitur
799 3591 1047 3657 Saulem
1077 3590 1490 3674 furibundum
1521 3594 1578 3655 et
1609 3590 1907 3655 insanum
1928 3588 2192 3654 voluisse

261 3679 589 3745 Davidem
643 3676 825 3742 hasta
876 3697 1065 3758 quam
1116 3697 1314 3742 manu
1365 3674 1601 3741 tenebat
1654 3674 2028 3757 transfigere,
2083 3673 2192 3739 sed

261 3763 587 3830 Davidem
641 3762 738 3827 bis
788 3762 1141 3829 declinasse.
1233 3762 1396 3826 Tum
1443 3760 1700 3826 Saulem
1740 3761 2028 3825 metuisse
2068 3759 2192 3823 sibi

258 3871 303 3916 a
332 3850 509 3932 facie
552 3848 849 3926 Davidis,
891 3849 1054 3928 quod
1087 3847 1216 3913 Dei
1246 3847 1513 3928 spiritus
1547 3845 1625 3911 ab
1659 3847 1796 3927 ipso
1828 3844 2188 3922 recessisset,

259 3946 328 4000 et
379 3933 939 4001 animadverteret
1007 3930 1330 3997 Davidem
1387 3953 1426 3996 a
1483 3930 1625 3996 Deo
1681 3932 1819 4013 regi
1863 3938 1932 3995 et
1986 3930 2190 4012 ipsius

256 4019 597 4104 praesidio
663 4017 909 4098 vallari,
981 4038 1052 4083 se
1109 4038 1263 4083 vero
1320 4018 1626 4082 miserum
1684 4026 1751 4080 et
1802 4015 2187 4080 reiectitium

255 4127 406 4171 esse
442 4127 487 4170 a
522 4103 826 4169 Domino.
906 4104 1083 4169 Hinc
1116 4103 1187 4166 in
1221 4102 1450 4187 primis
1483 4101 1954 4179 observandum
1991 4120 2186 4183 quam

253 4190 679 4257 miraculosis
714 4199 781 4254 et
814 4187 1211 4253 admirandis
1246 4188 1457 4253 modis
1491 4186 1673 4251 Deus
1707 4207 1859 4251 suos
1895 4197 2184 4251 tueatur:

252 4289 322 4341 et
390 4278 534 4342 iam
600 4286 795 4339 antea
860 4274 1192 4339 docuimus
1256 4273 1471 4338 Deum
1540 4292 2004 4354 nonnunquam
2071 4291 2187 4354 per

252 4362 584 4446 quasdam
643 4361 947 4443 ambages
1003 4372 1066 4423 et
1124 4359 1262 4425 vias
1303 4359 1595 4440 obliquas
1638 4355 1875 4439 quibus
1918 4357 2186 4422 retroire

247 4452 484 4533 potius
519 4466 711 4529 quam
750 4466 1124 4528 promovere
1161 4465 1350 4510 suum
1386 4464 1551 4526 opus
1583 4441 1882 4508 videatur
1910 4443 2184 4524 operari,

249 4555 385 4616 quo
450 4534 666 4597 virtus
723 4530 928 4613 ipsius
987 4541 1168 4595 tanto
1211 4531 1296 4595 sit
1337 4528 1667 4594 illustrior.
1755 4527 1924 4593 Nam
1968 4529 2021 4593 si
2067 4528 2185 4593 ho-

244 4621 520 4684 minum
565 4637 746 4683 more
786 4626 1184 4699 operaretur,
1229 4625 1503 4680 naturae
1537 4610 1700 4678 illud
1735 4614 2181 4694 tribueremus,

243 4725 483 4788 neque
538 4704 606 4768 in
663 4703 802 4768 eius
847 4701 1130 4766 bonitate
1173 4721 1354 4785 spem
1399 4720 1801 4782 poneremus,
1864 4698 2177 4764 auxilium

241 4790 316 4856 in
381 4789 588 4854 rebus
645 4786 942 4871 angustis
1000 4786 1079 4852 ab
1136 4808 1214 4852 ea
1272 4795 1623 4869 sperantes,
1683 4784 1851 4868 quod
1913 4785 2179 4850 fortuito

243 4874 533 4941 evenire
575 4875 760 4939 nobis
803 4872 1355 4955 persuaderemus.
1440 4870 1533 4936 At
1574 4892 1776 4953 quum
1811 4869 1992 4934 Deus
2026 4890 2177 4935 con·

239 4977 359 5026 tra
407 4960 755 5025 hominum
790 4978 966 5040 spem
999 4969 1064 5022 et
1098 4956 1665 5041 exspectationem,
1709 4974 1838 5039 quo
1874 4955 2180 5019 remotior

237 5045 527 5111 videtur
581 5064 657 5109 eo
713 5065 821 5109 ma
871 5043 925 5110 ‘s
979 5063 1169 5107 suum
1226 5062 1388 5126 opus
1444 5042 1691 5125 perficit
1741 5048 1807 5104 et
1850 5039 2178 5106 decretum

241 5130 336 5197 ad
424 5131 626 5195 finem
691 5150 810 5214 per
853 5128 987 5195 ucit
1052 5125 1451 5194 admirandis
1513 5126 1738 5203 modis,
1805 5122 1885 5191 de
1947 5126 2178 5210 quibus

235 5236 606 5300 nunquam
660 5215 1072 5302 cogitassent,
1131 5223 1270 5280 tum
1326 5232 1484 5279 sane
1537 5212 1647 5279 vel
1703 5211 1947 5278 invitos
1988 5211 2177 5277 fateri

1557 330 1655 397 IN
1700 331 1755 397 1.
1801 329 1980 397 LIB.
2018 330 2414 402 SAMUEL.
2462 334 2659 403 CAP.
2724 333 2985 399 XVIII.

4112 334 4242 401 270

2321 544 2587 590 necesse
2640 533 2755 599 est,
2821 543 3089 587 manum
3147 521 3414 586 Domini
3472 544 3607 587 rem
3650 521 3831 587 illam
3876 524 4234 606 perfecisse.

2321 610 2426 673 En
2486 631 2604 675 cur
2660 610 2842 675 Deus
2896 629 3089 690 saepe
3145 605 3376 672 mediis
3431 619 3654 673 utatur
3710 607 3880 690 apud
3940 608 4234 676 homines

2320 693 2721 778 contemptis,
2767 708 2841 760 ut
2885 694 3091 777 gloria
3133 714 3251 758 sua
3293 694 3409 757 fiat
3449 695 3863 775 conspectior.
3959 693 4233 759 Davidis

2319 781 2617 863 exemplo
2650 779 3073 846 confirmatur
3109 779 3265 843 haec
3292 777 3607 856 doctrina,
3651 800 3839 861 quem
3865 800 3904 843 a
3928 777 4232 845 Samuele

2320 865 2614 930 videmus
2670 878 2938 930 unctum
2993 865 3209 939 fuisse,
3269 885 3395 928 non
3455 874 3711 928 tantum
3769 876 3843 929 ut
3900 885 4014 929 rex
4061 876 4232 929 esset

2320 952 2387 1014 in
2443 950 2565 1017 hoc
2607 952 2878 1015 mundo:
2934 949 3046 1014 sed
3091 951 3286 1015 etiam
3330 962 3404 1013 ut
3446 962 3613 1014 esset
3656 950 3867 1032 figura
3907 959 3974 1013 et
4018 950 4229 1034 imago

2323 1036 2586 1100 Domini
2632 1036 2837 1101 nostri
2880 1034 3033 1100 Iesu
3074 1034 3342 1100 Christi.
3431 1038 3491 1098 A
3533 1036 3733 1117 septis
3776 1035 3972 1116 igitur
4005 1035 4226 1099 ovium

2319 1119 2587 1186 deduxit
2629 1143 2779 1186 eum
2822 1122 3138 1186 Dominus
3183 1121 3249 1184 in
3294 1119 3514 1185 Saulis
3556 1119 3789 1184 aulam.
3864 1118 3995 1184 Sed
4041 1121 4107 1183 in
4154 1141 4228 1184 ea

2317 1207 2633 1289 quomodo
2675 1222 2981 1288 exceptus
3024 1204 3168 1271 est?
3253 1203 3413 1269 Saul
3456 1204 3709 1269 insidiis
3751 1214 4024 1268 mortem
4051 1205 4226 1270 illius

2317 1292 2658 1373 quaesivit,
2700 1305 2767 1356 et
2809 1289 3232 1375 persequendi
3277 1292 3489 1372 ipsum
3527 1291 3723 1354 finem
3762 1289 4013 1354 nullum
4054 1291 4259 1355 fecit.·

2317 1381 2407 1445 Et
2468 1377 2591 1442 hoc
2647 1380 2788 1461 ipso
2846 1377 2984 1442 loco
3031 1375 3321 1440 videmus
3364 1375 3545 1438 illum
3591 1375 3690 1439 bis
3734 1376 3802 1438 in
3847 1377 4070 1441 mortis
4113 1398 4221 1440 ve·

2316 1466 2490 1530 nisse
2548 1462 2939 1545 periculum:
2997 1460 3196 1527 Saule
3250 1460 3499 1525 hastam
3559 1461 3626 1524 in
3685 1459 3866 1524 illum
3928 1461 4223 1526 vibrante

2314 1552 2498 1616 cuius
2563 1548 2763 1613 ictum
2822 1569 2952 1612 non
3008 1566 3351 1611 evasurum
3411 1544 3597 1609 illum
3642 1543 3959 1626 sperabat.
4047 1544 4221 1626 Quid

2315 1657 2468 1718 ergo
2508 1633 2774 1699 Saulem
2810 1632 3095 1714 impedit,
3133 1630 3257 1695 nisi
3292 1630 3476 1694 Deus
3511 1632 3620 1713 qui
3655 1632 3853 1695 ictum
3893 1650 3932 1693 a
3968 1630 4222 1695 Davide

2313 1723 2569 1797 avertit,
2625 1716 3163 1800 quemadmodum
3222 1736 3412 1798 saepe
3468 1726 3691 1781 contra
3748 1718 3915 1780 ictus
3965 1715 4033 1779 in
4078 1738 4224 1782 nos-

2313 1816 2481 1870 tram
2546 1803 2820 1868 salutem
2886 1801 3152 1883 dirigit?
3240 1801 3559 1865 Memoria
3620 1809 3989 1883 repetamus
4052 1801 4218 1884 quod

2312 1901 2463 1956 ante
2505 1890 2907 1953 audivimus:
2955 1885 3165 1951 David
3202 1885 3476 1968 lapidem
3515 1885 3717 1950 funda
3754 1885 4072 1951 iaculatus
4102 1899 4222 1969 est,

2310 1977 2420 2059 qui
2464 1973 2759 2041 Goliathi
2802 1976 3082 2039 frontem
3126 1982 3300 2036 recta
3341 1972 3549 2053 petiit.
3638 1971 3802 2036 Erat
3841 1983 4058 2037 autem
4114 1971 4226 2038 1116

2307 2062 2490 2147 gigas
2534 2060 2722 2125 miles
2764 2057 3234 2140 cataphractus,
3292 2056 3540 2139 reliqua
3582 2057 3870 2138 corporis
3928 2057 4220 2123 membra

2307 2159 2476 2214 tecta
2531 2146 2779 2210 habens
2821 2151 3088 2225 excepta
3127 2142 3357 2206 fronte.
3445 2141 3666 2221 Quare
3709 2139 3925 2206 David
3980 2142 4219 2209 multos

2307 2231 2550 2315 lapides
2591 2229 2987 2296 iaculaturus
3020 2223 3361 2295 videbatur
3392 2239 3742 2308 antequam
3767 2226 4013 2291 nudum
4035 2227 4214 2293 illam

2304 2316 2591 2400 corporis
2628 2326 2877 2398 partem
2900 2313 3264 2396 attingeret,
3308 2333 3458 2377 nam
3483 2312 3539 2377 si
3560 2311 3795 2377 millies
3817 2325 4214 2378 armaturam

2305 2403 2646 2485 attigisset,
2710 2401 2941 2465 inanes
3004 2399 3176 2463 ictus
3241 2397 3530 2473 fuissent,
3597 2395 3770 2479 quod
3827 2396 4027 2461 armis
4081 2402 4217 2464 suis

2303 2498 2514 2555 tectus
2565 2496 2874 2570 tanquam
2918 2483 3071 2549 forti
3115 2482 3591 2565 propugnaculo
3634 2493 3816 2547 tutus
3862 2482 4214 2549 videretur.

2307 2573 2577 2640 Davidis
2633 2574 2850 2653 itaque
2905 2589 3139 2634 manus
3195 2589 3432 2634 arcana
3486 2567 3616 2631 Dei
3658 2569 3904 2633 virtute
3948 2569 4211 2647 regitur,

2304 2670 2376 2724 ut
2420 2657 2555 2724 8616
2596 2658 2732 2724 ictu
2776 2655 3088 2739 superbus
3132 2664 3197 2717 et
3231 2653 3533 2717 immanis
3566 2652 3676 2717 ille
3711 2652 3896 2737 gigas
3931 2662 4209 2735 proster—
4321 2728 4324 2732 .

2302 2756 2516 2810 natur.
2603 2743 2715 2810 Sic
2771 2752 2997 2807 contra
3038 2739 3191 2804 licet
3231 2737 3476 2804 Davidi
3522 2736 3681 2804 Saul
3723 2739 3811 2802 sit
3852 2738 4209 2822 proximus,

2301 2839 2365 2896 et
2430 2829 2664 2895 habeat
2726 2828 2796 2891 in
2864 2836 3199 2909 potestate,
3264 2836 3336 2887 ut
3400 2844 3589 2888 nemo
3653 2824 3995 2905 prohibeat
4051 2825 4208 2908 quin

2300 2916 2554 2981 hastam
2597 2915 2669 2978 in
2711 2913 2930 2997 ipsum
2971 2908 3304 2986 iaculetur,
3347 2929 3477 2974 non
3514 2919 3728 2973 tamen
3764 2909 3975 2989 ferire,
4017 2931 4207 2991 quem

2299 3001 2577 3085 petebat,
2651 2997 2884 3082 potuit.
2971 2994 3419 3076 Conspicimus
3488 2993 3692 3076 igitur
3758 2993 4073 3076 quomodo
4127 3016 4207 3059 ex

2297 3097 2482 3170 parte
2523 3084 2707 3149 Deus
2748 3080 2966 3148 Saulis
3008 3100 3274 3144 manum
3317 3080 3573 3156 avertit,
3631 3077 3710 3141 ab
3755 3080 3961 3144 altera
4003 3080 4207 3145 Davi-

2298 3172 2397 3237 dis
2450 3168 2786 3237 brachium
2828 3166 3084 3231 direxit.
3169 3165 3277 3230 Ex
3318 3164 3461 3230 istis
3502 3163 3828 3240 discimus,
3897 3185 4015 3229 nos
4055 3164 4208 3230 licet

2297 3256 2522 3321 multis
2579 3252 2867 3335 undique
2919 3250 3236 3334 periculis,
3303 3249 3446 3314 Deo
3505 3250 3932 3331 permittente,
3986 3250 4203 3333 cinga-

2295 3362 2446 3407 mur
2510 3350 2576 3405 et
2638 3338 3062 3414 obsideamur,
3126 3345 3200 3400 ut
3256 3333 3336 3399 de
3398 3335 3581 3401 nobis
3632 3344 3845 3398 actum
3890 3355 4032 3400 esse
4072 3335 4203 3399 iam

2294 3425 2613 3503 videatur,
2649 3433 2864 3489 tamen
2902 3443 2984 3486 ex
3017 3419 3147 3485 illis
3181 3441 3300 3484 668
3333 3420 3602 3484 eruendi
3637 3421 3951 3484 rationem
3986 3419 4203 3485 Deum

2293 3512 2478 3578 facile
2518 3512 2959 3575 inventurum.
3044 3505 3215 3571 Nam
3252 3503 3443 3569 habet
3477 3506 3546 3568 in
3580 3512 3895 3587 potestate
3932 3525 4061 3570 666
4102 3525 4205 3570 so-

2292 3599 2427 3662 lum
2490 3596 2720 3660 mortis
2776 3592 3018 3658 exitus:
3076 3590 3189 3656 sed
3247 3598 3457 3672 potest
3500 3610 3583 3654 ex
3623 3590 3850 3655 mortis
3891 3589 4204 3674 faucibus,

2291 3703 2490 3765 quum
2547 3680 2721 3747 volet
2773 3697 3029 3743 eruere:
3090 3688 3156 3741 et
3212 3674 3404 3740 faciet
3460 3676 3656 3740 etiam
3702 3676 4207 3759 quotiescunque

2288 3767 2592 3833 fiduciam
2621 3784 2876 3830 omnem
2901 3768 3185 3826 nostram
3207 3762 3275 3825 in
3300 3762 3441 3844 ipso
3464 3760 3943 3826 collocabimus:
3981 3781 4206 3843 quem·

2290 3852 2637 3917 admodum
2713 3847 2898 3914 docet
2961 3846 3210 3912 Paulus
3272 3846 3342 3911 in
3387 3846 3448 3911 2.
3495 3845 3577 3911 ad
3621 3845 3772 3911 Cor.
3816 3868 3871 3913 c.
3922 3847 3978 3911 1.
4066 3846 4200 3912 Ita-

2287 3958 2414 4021 que
2499 3956 2698 4020 quum
2769 3933 2891 3998 hoc
2956 3932 3094 3997 loco
3162 3929 3427 3997 Saulem
3491 3930 3790 3996 audimus
3851 3930 4202 3997 iaculatum

2287 4023 2485 4089 fuisse
2553 4021 2705 4086 totis
2769 4017 3016 4084 viribus
3080 4015 3334 4082 hastam
3399 4018 3469 4080 in
3536 4015 3855 4082 Davidem
3919 4027 3994 4082 ut
4049 4038 4198 4082 eum

2287 4107 2740 4182 transfoderet,
2804 4124 2994 4187 quem
3054 4113 3269 4165 tamen
3314 4122 3445 4166 non
3490 4103 3723 4187 attigit,
3771 4123 4201 4186 agnoscamus

2286 4194 2540 4259 irritum
2595 4191 2796 4256 ictum
2838 4186 3005 4271 quod
3049 4185 3322 4252 Davidis
3365 4188 3505 4252 vita
3546 4187 3616 4251 in
3662 4187 3893 4253 umbra
3934 4185 4199 4251 Domini

2287 4288 2352 4344 te
2398 4288 2635 4356 eretur,
2700 4274 2813 4358 qui
2855 4294 3007 4339 suos
3050 4273 3297 4354 eripere
3340 4274 3523 4338 novit
3560 4294 3642 4337 ex
3686 4272 3984 4337 omnibus
4027 4272 4196 4355 peri-

2284 4301 2464 4440 culis,
2509 4371 2576 4428 et
2618 4380 2948 4443 nunquam
2988 4359 3059 4421 in
3101 4358 3296 4424 rebus
3330 4358 3593 4423 incertis
3629 4358 3885 4423 deserit.
3974 4356 4196 4438 Quare

2283 4448 2707 4533 promissione
2750 4444 2863 4510 illa
2907 4443 3212 4520 nitamur,
3254 4443 3472 4508 Deum
3518 4465 3632 4509 nos
3678 4452 3990 4525 tanquam
4024 4442 4195 4509 oculi

2282 4536 2386 4600 sui
2428 4533 2742 4617 pupillam
2785 4550 2967 4597 caros
3003 4527 3257 4607 habere,
3314 4539 3381 4592 et
3414 4528 3880 4593 occultaturum
3929 4527 4002 4591 in
4051 4548 4195 4611 pro-

2280 4619 2643 4705 pugnaculo
2707 4638 2846 4696 suo,
2909 4614 3003 4679 sic
3064 4624 3139 4679 ut
3203 4634 3322 4679 nec
3364 4613 3659 4678 homines
3702 4612 4013 4695 improbi,
4081 4614 4192 4696 qui

2280 4705 2504 4771 turbas
2549 4703 2704 4767 dare
2746 4712 2813 4765 et
2854 4720 3088 4766 nocere
3133 4710 3410 4781 possent,
3457 4720 3577 4764 nec
3619 4698 3753 4763 ulla
3787 4710 4191 4781 quantacun·

2278 4812 2403 4874 que
2446 4790 2547 4856 vis
2591 4790 2899 4871 ipsorum,
2965 4804 3086 4850 nec
3127 4784 3398 4850 consilia
3440 4785 3673 4865 quibus
3715 4785 3899 4848 obrui
3945 4796 4193 4867 potera·

2278 4898 2442 4950 mus,
2498 4875 2578 4939 ad
2638 4895 2756 4939 668
2813 4891 3020 4954 usque
3061 4868 3464 4953 perveniant,
3529 4888 3731 4952 quum
3776 4868 3957 4934 Deus
3999 4870 4196 4935 fuerit

2279 4961 2462 5028 nobis
2517 4961 2785 5045 clypeus
2836 4966 2903 5022 et
2944 4954 3520 5039 propugnaculum.
3607 4953 3831 5035 Quare
3872 4954 3944 5018 in
3988 4955 4193 5038 ipsius

2277 5047 2563 5112 bonitate
2620 5062 2970 5128 speremus,
3026 5041 3181 5106 licet
3223 5037 3401 5104 mille
3445 5039 3745 5121 periculis
3787 5039 4064 5107 obsessi:
4124 5050 4191 5105 et

2278 5154 2478 5216 quum
2556 5150 2643 5195 ne
2718 5147 2983 5212 passum
3060 5122 3319 5208 quidem
3392 5145 3773 5208 promovere
3834 5127 4190 5207 poterimus

2276 5219 2435 5302 quin
2477 5214 2819 5284 veniamus
2861 5213 2928 5277 in
2970 5210 3256 5277 hostium
3298 5209 3581 5294 laqueos,
3646 5212 3929 5278 sciamus
3970 5220 4189 5278 tamen
