5059 6059
295 337 409 403 41⁷

294 525 368 596 de
427 545 610 593 servo
676 524 763 590 sit
836 523 1288 609 dispositurus.
1400 526 1590 593 Licet
1654 527 1861 613 igitur
1921 528 2225 595 sensibus

293 612 567 680 externis
592 610 911 677 rationem
938 631 1069 677 non
1111 612 1429 695 percipiat
1472 612 1910 680 liberationis:
1956 614 2226 680 firmum

292 710 493 765 tamen
542 698 663 763 hoc
708 697 947 763 retinet
989 697 1489 763 fundamentum
1516 700 1729 765 Deum
1774 721 1892 766 suo
1935 711 2226 784 tempore

292 805 549 851 manum
592 804 781 848 suam
839 794 1291 863 exsarturum,
1353 785 1541 850 cuius
1601 785 2013 868 providentia
2065 786 2228 851 haec

292 870 495 938 omnia
539 867 1119 935 administrantur:
1180 891 1256 936 ac
1299 869 1451 938 licet
1498 872 1742 937 multae
1788 870 2226 938 revolutiones

291 967 350 1023 et
391 965 805 1038 tempestates
850 956 978 1021 Dei
1023 956 1355 1023 decretum
1399 958 1717 1023 remorari
1755 957 2121 1034 videantur,
2159 967 2226 1022 et

293 1051 464 1109 tanta
503 1061 725 1105 rerum
771 1042 1066 1106 omnium
1110 1063 1253 1108 esse
1276 1042 1567 1108 confusio
1612 1053 1687 1109 ut
1708 1042 1967 1110 coelum
2013 1057 2226 1108 terrae

291 1126 537 1194 misceri
563 1126 916 1205 videretur,
963 1138 1179 1192 tamen
1202 1127 1423 1194 David
1459 1129 1580 1195 hoc
1619 1128 1937 1213 principio
1973 1149 2227 1213 semper

289 1214 511 1280 nititur
569 1211 782 1279 Deum
835 1212 1153 1294 sedarum
1205 1224 1274 1279 et
1341 1233 1471 1281 non
1530 1224 1788 1281 tantum
1842 1216 1913 1281 in
1985 1234 2226 1299 genere

289 1300 433 1366 dicit
485 1298 812 1381 facturum
866 1297 983 1364 sed
1038 1300 1425 1365 nominatim
1483 1301 1703 1384 inquit
1754 1302 1829 1367 de
1869 1321 1985 1377 me,
2039 1300 2225 1384 quasi

288 1385 597 1451 fateretur
639 1406 711 1450 se
755 1383 1020 1467 quidem
1068 1386 1381 1451 miserum
1427 1398 1497 1451 et
1536 1386 1860 1453 abiectum
1895 1388 1966 1452 in
2010 1385 2224 1470 specie

288 1471 506 1547 videri,
574 1470 690 1536 sed
757 1490 891 1535 non
958 1470 1257 1536 dubitare
1334 1482 1557 1537 tamen
1638 1473 1792 1556 quin
1863 1473 2042 1539 Deus
2120 1471 2227 1539 sui

285 1558 698 1624 misereatur:
757 1565 824 1621 et
882 1556 1407 1641 quandoquidem
1477 1580 1609 1624 non
1676 1568 1936 1624 tantum
1995 1558 2084 1625 sit
2141 1557 2224 1623 ab

281 1643 418 1726 ipso
462 1653 727 1709 creatus
772 1641 887 1708 sed
927 1643 1121 1708 etiam
1171 1665 1291 1709 rex
1346 1644 1570 1727 populi
1629 1643 2028 1728 designatus,
2090 1664 2223 1709 non

279 1729 410 1794 fore
476 1728 606 1794 Dei
670 1727 950 1794 verbum
1015 1728 1214 1795 inane
1278 1751 1489 1813 neque
1568 1730 1873 1795 mendax.
1975 1731 2083 1796 En
2150 1739 2228 1795 ut

282 1813 494 1879 David
535 1834 672 1879 non
718 1823 978 1879 tantum
1022 1815 1257 1880 nititur
1310 1814 1602 1900 generali
1662 1816 1776 1882 illa
1824 1815 1949 1881 Dei
2006 1816 2223 1899 provi-

281 1898 513 1978 dentia,
560 1898 678 1967 sed
721 1898 1051 1983 singulari
1093 1901 1302 1984 ipsius
1345 1901 1800 1984 promissione,
1859 1921 2059 1985 quam
2100 1900 2226 1967 sibi

279 1986 368 2053 sic
410 1985 705 2070 applicat
752 1994 822 2050 ut
864 2006 1001 2051 non
1045 1986 1304 2053 dubitet
1345 1988 1510 2070 quin
1552 1988 1655 2055 sui
1688 1987 1874 2054 Deus
1918 1989 2227 2053 miserea-

275 2078 380 2138 tur
417 2085 484 2137 et
526 2070 702 2156 quod
725 2072 1113 2155 promiserat
1155 2093 1277 2138 suo
1301 2083 1592 2157 tempore
1626 2075 1894 2140 tandem
1937 2073 2226 2158 impleat.

438 2156 763 2241 Sequitur
821 2156 1128 2241 deinceps
1178 2158 1554 2243 prophdam
1616 2158 1787 2226 Geth
1841 2160 2085 2225 venisse
2141 2159 2229 2226 ad

276 2242 613 2327 Davidem,
658 2248 715 2308 et
757 2243 1160 2311 admonuisse
1201 2266 1278 2311 ne
1318 2250 1596 2312 manem
1628 2246 1700 2310 in
1722 2245 2075 2329 praesidio,
2118 2245 2229 2311 sed

269 2329 769 2412 proficisceretur
852 2331 924 2394 in
1002 2336 1237 2397 terram
1314 2332 1505 2399 Iuda.
1593 2332 1703 2397 En
1816 2331 2225 2398 ravissimam

274 2415 466 2482 aliam
529 2414 813 2482 Davidis
870 2416 1324 2483 tentationem:
1387 2439 1538 2484 nam
1598 2417 1725 2484 etsi
1835 2437 1955 2483 eus
1998 2418 2224 2502 singu·

272 2500 471 2568 larem
529 2501 614 2567 de
670 2503 813 2585 ipso
871 2522 1100 2569 curam
1144 2501 1384 2570 habere
1427 2525 1499 2569 se
1542 2511 1842 2584 testatur,
1894 2503 2095 2570 misso
2139 2502 2223 2569 ad

268 2587 482 2669 ipsum
548 2588 891 2672 propheta,
956 2590 1069 2672 qui
1130 2587 1291 2656 haec
1349 2589 1662 2656 mandata
1721 2588 1803 2655 ad
1847 2589 2064 2673 ipsum
2110 2587 2222 2655 de-

269 2673 499 2739 ferret:
561 2695 690 2756 quo
747 2674 990 2741 nuncio
1047 2673 1270 2741 David
1328 2676 1564 2741 certior
1606 2676 1817 2741 factus
1860 2683 1961 2741 est
2000 2675 2221 2741 Deum

268 2780 399 2825 non
442 2780 595 2826 esse
637 2759 740 2825 sui
774 2760 1052 2826 oblitum
1085 2758 1328 2847 (neque
1364 2764 1540 2827 enim
1576 2760 1795 2829 David
1830 2760 2219 2845 prophetam

268 2843 448 2912 Gath
475 2846 628 2911 sine
670 2844 859 2911 iussu
887 2846 1150 2912 Domini
1195 2868 1267 2912 se
1310 2845 1393 2913 ad
1439 2848 1561 2914 hoc
1603 2847 1957 2933 ingessisse
1995 2847 2216 2914 existi-

269 2932 477 2998 mavit
498 2982 514 3013 ,
578 2931 693 2998 sed
759 2952 911 2996 eum
978 2943 1052 2998 ut
1115 2953 1346 2999 verum
1405 2934 1533 3000 Dei
1589 2953 1857 3000 servum
1925 2933 2216 3019 agnovit,

262 3016 536 3101 eiusque
587 3017 803 3084 verbis
847 3016 1044 3083 fidem
1079 3018 1414 3086 adhibuit:
1462 3027 1532 3086 et
1567 3030 1640 3085 ut
1676 3018 2045 3085 videbimus
2081 3028 2216 3085 sta-

262 3104 378 3168 tim
438 3102 972 3187 obtemperavit),
1047 3104 1477 3172 nihilominus
1521 3115 1742 3172 tamen
1785 3105 2047 3172 difficile
2091 3106 2217 3171 fuit

258 3189 509 3256 Davidi
572 3210 656 3254 ex
713 3189 830 3254 illa
872 3190 1185 3273 spelunca
1227 3190 1310 3256 ad
1355 3191 1625 3257 Domini
1668 3192 2056 3257 mandatum
2100 3210 2215 3257 ex-

256 3272 490 3342 cedere
551 3283 621 3340 et
673 3274 992 3342 Iudaeam
1038 3278 1284 3344 venire.
1372 3277 1543 3343 Nam
1586 3299 1789 3361 quum
1834 3276 2056 3343 David
2102 3298 2213 3360 pe-

256 3368 454 3443 petuo
517 3361 890 3446 agitaretur
948 3363 1146 3429 variis
1191 3363 1554 3443 timoribus,
1609 3372 1676 3430 et
1721 3367 1791 3428 in
1836 3362 2213 3447 speluncam

254 3457 577 3531 tanquam
620 3446 833 3514 solum
878 3449 1253 3533 perfugium
1298 3450 1697 3534 confugisset
1740 3449 1923 3517 velut
1967 3449 2048 3516 ab
2093 3448 2214 3515 ho-

252 3532 513 3600 minum
562 3534 889 3600 consortio
933 3536 1262 3615 exsulans,
1322 3536 1377 3601 si
1429 3535 1619 3602 Deus
1676 3557 1940 3602 servare
1994 3536 2214 3620 ipsum

253 3618 542 3696 volebat,
591 3638 710 3684 cur
752 3619 1064 3703 spelunca
1105 3619 1221 3686 illa
1262 3621 1484 3705 egredi
1527 3620 1815 3707 iubebat,
1859 3643 1989 3688 non
2027 3643 2213 3687 mon·

247 3713 459 3771 strata
547 3715 792 3771 'tamen
903 3706 1225 3773 evadendi
1315 3730 1400 3772 ex
1492 3708 1796 3791 periculis
1909 3706 2208 3774 ratione?

247 3788 502 3876 Egredi
549 3790 742 3857 illum
785 3789 963 3858 iubet
1006 3815 1092 3858 ex
1135 3792 1466 3876 spelunca,
1511 3793 1626 3859 sed
1669 3815 1758 3859 an
1800 3794 2017 3877 aliquo
2041 3802 2211 3859 tutat

248 3875 601 3944 exercitu?
682 3899 767 3942 an
835 3876 1159 3963 aliquibus
1225 3879 1569 3962 praesidiis
1631 3879 1822 3945 illum
1885 3879 2204 3946 instruit?

245 3964 528 4029 minime
577 3964 910 4046 gentium:
969 3964 1083 4030 sed
1127 3964 1629 4050 quadringentis
1672 3965 1800 4031 illis
1847 3964 1927 4031 de
1970 3965 2208 4050 quibus

246 4048 513 4133 egimus
573 4048 889 4133 stipatum
932 4051 1113 4118 iubet
1156 4051 1224 4116 in
1269 4050 1581 4117 Iudaeam
1625 4051 1966 4137 proficisci.
2054 4050 2207 4132 Quo

242 4153 456 4216 quum
519 4137 847 4214 venirent,
913 4136 1097 4203 velut
1154 4137 1226 4202 in
1284 4136 1555 4203 leonum
1613 4140 1831 4205 fauces
1890 4137 2208 4221 pauculae

241 4238 404 4287 oves
461 4220 865 4287 inciderunt.
957 4222 1017 4287 N
1022 4244 1129 4289 am
1169 4222 1327 4306 quid
1368 4223 1483 4289 ille
1527 4245 1677 4290 cum
1720 4226 1961 4309 exigua
2004 4244 2208 4290 manu

241 4313 308 4370 et
374 4305 643 4372 imbelli
697 4314 956 4391 poterat
1012 4308 1325 4376 adversus
1382 4308 1606 4376 Saulis
1652 4313 2026 4392 potentiam,
2095 4311 2206 4394 qui

240 4392 311 4455 in
359 4393 642 4476 regione
687 4393 1162 4474 dominabatur,
1208 4407 1277 4461 et
1319 4407 1453 4461 tam
1497 4398 1565 4461 in
1608 4395 1856 4463 Iudaea
1899 4417 2093 4479 quam
2136 4396 2206 4461 in

239 4480 486 4560 quavis
551 4477 681 4544 alia
737 4489 926 4565 parte
959 4479 1256 4565 ’regionis
1301 4483 1670 4566 opprimere
1714 4483 1851 4549 solo
1895 4481 2206 4548 mandato

238 4562 472 4647 ipsum
524 4566 828 4648 poterat?
918 4567 1138 4633 David
1184 4568 1449 4651 quidem
1486 4588 1644 4634 sane
1683 4568 2027 4634 videbatur
2065 4589 2207 4652 gra·

237 4652 408 4716 tiam
483 4651 776 4732 aliquam
840 4652 910 4716 in
978 4651 1225 4718 Iudaea
1290 4654 1358 4718 in
1422 4675 1546 4737 qua
1606 4665 1804 4720 natus
1847 4663 1987 4720 erat
2030 4653 2205 4737 apud

238 4737 499 4802 multos
548 4738 716 4803 inire
760 4758 981 4822 posse:
1048 4760 1280 4804 verum
1324 4750 1829 4824 conquerentem
1865 4740 2051 4806 illum
2088 4761 2203 4805 au·

237 4820 469 4889 dimus
518 4823 647 4889 alio
690 4823 848 4905 loco,
901 4846 972 4890 se
1015 4824 1098 4889 ab
1142 4827 1446 4891 omnibus
1493 4825 1894 4903 derelictum,
1952 4838 2018 4891 et
2062 4827 2204 4911 qui-

238 4906 394 4974 dem
422 4932 466 4975 a
516 4912 835 4992 proximis
877 4932 916 4976 a
955 4911 1192 4994 quibus
1229 4912 1550 4977 auxilium
1587 4914 2024 4997 exspectabat,
2061 4914 2203 4979 sive

234 4995 647 5061 erudelitate
715 5008 779 5061 et
833 4997 1312 5063 inhumanitate
1370 5000 1449 5063 ab
1510 5001 1649 5066 eius
1706 5002 1951 5066 auxilio
1996 5001 2204 5065 deter-

233 5082 354 5144 riti
419 5082 584 5147 sint.
674 5081 857 5149 Deus
920 5084 1140 5166 itaque
1199 5083 1544 5150 videbatur
1589 5085 1920 5152 Davidem
1961 5106 2047 5151 ex
2089 5086 2206 5151 illa

232 5166 576 5248 spelunca
617 5168 921 5247 educens,
965 5173 1034 5234 in
1080 5190 1211 5253 qua
1255 5170 1457 5236 veluti
1498 5173 1795 5256 sepultus
1831 5171 2092 5252 latebat,
2140 5181 2206 5240 et

232 5253 307 5318 in
357 5261 677 5336 apertum
721 5253 977 5337 prodire
1021 5256 1254 5322 iubens
1299 5267 1369 5323 ut
1417 5258 1588 5324 vitae
1632 5259 1945 5339 consulat,
2002 5260 2204 5326 furori

467 5354 694 5412 calvini
717 5372 900 5426 opera.
950 5359 1074 5416 Vol.
1098 5359 1294 5421 XXX.

1563 336 1662 402 IN
1708 337 1761 403 1.
1809 336 1989 403 LIB.
2034 334 2437 408 SAMUEL.
2485 339 2684 407 CAP.
2730 341 2962 407 XXII.

4148 342 4279 409 418

2328 537 2399 595 et
2462 529 2839 596 crudelitati
2896 527 3120 596 Saulis
3176 527 3577 615 exposuisse.
3665 527 3857 611 Quae
3913 549 4072 597 sane
4128 551 4279 615 gra-

2330 614 2602 682 vissima
2633 617 2758 699 ipsi
2794 614 2919 681 fuit
2955 615 3252 681 tentatio.
3322 614 3800 681 Verumtamen
3838 636 3970 682 non
4006 616 4280 683 dubium

2327 708 2429 767 est
2491 702 2650 785 quin
2697 699 2920 767 David
2963 720 3271 785 magnam
3315 700 3822 768 consolationem
3868 722 3954 767 ex
3998 700 4279 785 prophe·

2329 794 2434 851 tae
2491 787 2710 854 verbis
2754 787 3093 870 acceperit,
3154 796 3221 852 et
3262 806 3658 870 magnopere
3702 787 3787 853 sit
3831 789 4278 868 confirmatus,

2326 872 2480 940 licet
2526 873 2718 939 novis
2763 872 3072 957 periculis
3112 885 3576 956 exponeretur.

2498 961 2609 1025 Ex
2673 958 2796 1025 hoc
2858 959 3060 1043 igitur
3117 958 3261 1024 loco
3325 957 3692 1025 doctrinam
3751 956 4166 1025 utilissimam
4211 967 4279 1027 et

2328 1044 2519 1112 valde
2560 1046 2994 1112 necessariam
3040 1044 3444 1129 colligamus,
3490 1053 3559 1109 et
3599 1045 3669 1107 in
3706 1044 3935 1127 primis
3968 1047 4275 1113 observe-

2328 1151 2478 1196 mus
2535 1132 2751 1197 Deum
2811 1151 2931 1195 nos
2989 1128 3190 1196 verbo
3234 1150 3355 1196 suo
3400 1128 3725 1196 solantem
3769 1150 3902 1195 non
3947 1152 4081 1197 uno
4134 1153 4278 1200 mo-

2328 1228 2553 1282 mento
2618 1237 2741 1282 nos
2801 1215 3106 1282 omnibus
3171 1214 3504 1281 doloribus
3569 1223 3638 1280 et
3701 1215 3974 1282 tristitia
4028 1218 4279 1300 levare,

2328 1323 2540 1386 neque
2585 1324 2702 1368 nos
2744 1301 2913 1369 velle
2958 1310 3092 1366 tam
3138 1300 3449 1368 delicatos
3484 1322 3628 1367 esse
3663 1311 3740 1367 ut
3772 1301 3960 1367 nulla
3995 1304 4280 1389 amplius

2327 1387 2756 1467 solicitudine,
2813 1387 2997 1453 nulla
3041 1386 3330 1467 tristitia,
3376 1386 3559 1452 nullo
3604 1397 3785 1453 metu
3830 1408 4273 1471 exerceamur,

2327 1474 2442 1540 sed
2501 1474 2651 1540 ideo
2707 1472 2911 1540 solari
2967 1473 3169 1539 verbo
3212 1493 3353 1553 suo,
3415 1482 3491 1537 ut
3531 1481 3785 1539 certum
3829 1475 4279 1542 testimonium

2326 1560 2687 1627 habeamus
2744 1560 2963 1644 ipsum
3021 1580 3163 1625 esse
3221 1559 3408 1626 nobis
3465 1569 3741 1642 patrem,
3798 1567 3868 1625 et
3906 1558 4281 1629 laborantes

2326 1646 2532 1712 oculis
2575 1646 2712 1712 suis
2756 1645 3100 1728 respicere.
3191 1642 3379 1726 Quae
3423 1644 3722 1711 doctrina
3764 1645 3821 1710 si
3857 1646 4101 1711 nostris
4135 1647 4279 1713 ani·

2327 1732 2452 1797 mis
2507 1730 2900 1810 adhaeserit,
2958 1730 3288 1797 sufficeret
3348 1729 3431 1796 ad
3490 1750 3719 1796 omnes
3775 1750 3965 1796 casus
4021 1733 4282 1799 fortiter

2327 1816 2650 1884 ferendos.
2742 1815 2863 1884 Sin
2910 1836 3066 1883 vero
3108 1837 3248 1881 non
3290 1817 3577 1883 sufficiat
3614 1815 4132 1889 inexcusabilem
4175 1819 4279 1883 in-

2449 1902 2800 1970 titudinem
2887 1913 3181 1972 nostram
3267 1901 3708 1968 ostendemus.
3833 1900 4279 1984 Quamobrem

2376 1990 2658 2056 ‘scamus
2728 1987 2858 2054 tale
2916 1987 3223 2055 solatium
3277 1986 3521 2054 nostris
3578 1986 3911 2054 doloribus
3965 2009 4279 2073 quaerere

2326 2085 2395 2142 et
2427 2075 2500 2140 in
2534 2095 2792 2142 summa
2827 2074 3097 2141 tristitia
3130 2073 3386 2154 laetari,
3431 2082 3506 2139 ut
3545 2094 3679 2139 non
3714 2080 4103 2157 appetamus
4142 2085 4277 2142 ter·

2327 2182 2561 2228 renam
2618 2160 2906 2246 aliquam
2963 2159 3455 2237 beatitudinem,
3513 2159 3584 2224 in
3643 2178 3771 2242 qua
3829 2160 4013 2227 nobis
4056 2161 4280 2229 omnia
4325 2180 4341 2198 ·

2327 2246 2605 2327 rideant,
2669 2245 2787 2312 sed
2850 2245 3141 2311 contenti
3197 2244 3404 2311 simus
3458 2244 3587 2312 Dei
3640 2243 3861 2326 verbo,
3939 2246 4111 2330 quod
4154 2268 4276 2315 nos

2326 2333 2508 2400 iubet
2543 2352 2826 2417 sperare,
2866 2333 3082 2398 Deum
3110 2333 3488 2398 invocantes
3512 2351 3844 2415 nunquam
3869 2330 4279 2415 deserendos,

2326 2418 2457 2485 Dei
2500 2417 2760 2485 oculum
2806 2437 3007 2502 super
3047 2417 3257 2483 iustos
3300 2437 3462 2484 esse.
3550 2414 3776 2498 Quare
3820 2437 4278 2501 quamcunque

2331 2505 2769 2571 conditionem
2833 2505 3016 2570 Deus
3073 2501 3346 2580 dederit,
3404 2523 3484 2569 ea
3524 2502 3816 2569 contenti
3859 2503 4086 2570 simus.
4174 2506 4277 2573 Ae

2326 2612 2484 2658 sane
2549 2590 2719 2674 quod
2784 2589 2858 2655 in
2923 2588 3127 2656 sacris
3192 2588 3517 2673 audimus,
3583 2609 3703 2655 nos
3759 2588 3828 2654 in
3888 2588 4019 2655 Dei
4062 2592 4278 2675 gratia

2324 2676 2569 2744 habere
2622 2674 2937 2760 quidquid
2994 2674 3214 2758 expeti
3270 2683 3501 2758 potest,
3561 2674 3928 2741 doctrinam
3985 2675 4277 2744 continet

2324 2784 2523 2847 quam
2566 2783 2688 2847 per
2729 2782 2993 2828 omnem
3038 2759 3246 2826 vitam
3291 2760 3595 2827 meditari
3638 2779 3762 2827 nos
3800 2770 4063 2847 oportet
4099 2773 4170 2828 et
4203 2763 4275 2829 in

2323 2869 2519 2916 usum
2586 2868 2914 2916 revocare.
2999 2845 3177 2912 Nam
3218 2866 3297 2911 ea
3338 2853 3440 2912 est
3483 2846 3831 2912 hominum
3875 2847 4275 2929 perversitas

2323 2944 2393 3001 et
2434 2934 2686 3001 malitia
2730 2940 2804 2999 ut
2845 2933 3055 2999 vitam
3100 2931 3524 3015 tranquillam
3560 2938 3627 2997 et
3659 2933 3968 3014 quietam,
4010 2931 4271 3016 laboris,

2321 3041 2807 3100 aerumnarum,
2866 3019 3263 3098 morborum,
3321 3026 3562 3097 aestus,
3620 3017 3885 3101 frigoris
3928 3027 4270 3101 expertem

2320 3115 2387 3173 et
2429 3107 2813 3187 immunem,
2857 3113 3190 3188 expetant,
3236 3112 3303 3169 et
3343 3102 3472 3187 ipsi
3507 3103 3650 3169 Deo
3686 3102 3898 3188 legem
3932 3104 4271 3186 imponere

2317 3193 2606 3277 cupiant.
2688 3191 2896 3276 Atqui
2929 3210 3051 3257 nos
3084 3190 3272 3257 Deus
3311 3187 3457 3259 vult
3493 3196 3663 3254 totos
3698 3209 3739 3253 a
3771 3210 3895 3255 sua
3927 3189 4270 3259 voluntate

2318 3277 2634 3363 pendere:
2698 3286 2769 3344 et
2831 3278 2925 3344 sic
2990 3275 3163 3343 affici
3228 3284 3301 3342 ut
3365 3275 3438 3340 in
3502 3272 3736 3340 mediis
3802 3273 4269 3345 afflictionibus

2315 3364 2607 3450 gaudere
2674 3384 2812 3430 non
2877 3361 3274 3430 desinamus.
3360 3359 3517 3427 Alia
3572 3367 3913 3443 praeterea
3970 3361 4269 3431 doctrina

2315 3472 2400 3517 ex
2464 3450 2589 3518 hoc
2653 3450 2793 3517 loco
2861 3447 3170 3527 eruenda,
3236 3447 3457 3513 Deum
3521 3445 3978 3531 providentem
4022 3450 4268 3519 nostris

2313 3535 2830 3616 necessitatibus,
2887 3534 3042 3601 licet
3101 3533 3431 3600 rationem
3474 3540 3787 3616 sequatur
3831 3534 4073 3600 nostris
4116 3557 4267 3603 sen-

2311 3624 2492 3689 sibus
2536 3622 2811 3688 minime
2853 3620 3353 3688 convenientem
3371 3668 3389 3696 ,
3434 3618 3601 3684 velle
3639 3628 3861 3684 tamen
3895 3627 3965 3685 et
3998 3640 4267 3703 poscere

2313 3729 2353 3773 a
2395 3707 2584 3776 nobis
2627 3717 2702 3790 ut
2746 3707 2888 3774 eius
2933 3708 3129 3773 unius
3174 3704 3507 3772 voluntati
3540 3706 4047 3787 acquiescamus,
4106 3709 4264 3791 quid

2312 3795 2502 3861 nobis
2537 3793 2866 3879 expediat,
2904 3793 3121 3860 novit:
3159 3811 3234 3857 ac
3267 3789 3539 3874 proinde
3572 3789 3992 3860 cohibeamus
4018 3794 4259 3877 oculos,

2311 3901 2394 3946 ne
2450 3881 2523 3946 in
2568 3901 2646 3946 ea
2688 3900 2854 3965 quae
2896 3900 3032 3945 non
3075 3885 3335 3962 oportet
3371 3876 3752 3942 intueamur
3770 3927 3787 3957 ,
3846 3878 3961 3944 sed
4006 3879 4261 3963 placide

2310 3987 2431 4034 nos
2474 3966 2620 4032 Deo
2663 3964 2984 4051 regendos
3028 3964 3505 4048 permittamus.
3593 3962 4047 4031 confirmatur
4099 3967 4260 4035 haec

2312 4051 2612 4119 doctrina
2652 4050 2937 4119 Davidis
2982 4049 3301 4132 exemplo,
3361 4050 3550 4116 euius
3594 4048 3965 4116 obedientia
4009 4066 4108 4118 est
4152 4054 4254 4118 in-

2309 4139 2535 4222 signis.
2624 4138 2798 4204 Nam
2843 4136 3080 4220 alioqui
3125 4133 3524 4218 blasphemis
3570 4136 3833 4202 vocibus
3877 4135 4095 4202 Deum
4163 4139 4257 4203 of-

2310 4223 2641 4308 fendisset,
2684 4225 2741 4289 si
2787 4223 3101 4289 adversus
3147 4221 3534 4306 prophetam
3582 4221 3843 4305 obloqui
3883 4230 3952 4286 et
3984 4233 4253 4289 conten-

2311 4309 2465 4376 dere
2510 4311 2848 4395 voluisset,
2897 4308 3068 4393 quod
3109 4308 3208 4372 illi
3253 4321 3470 4372 tamen
3517 4328 3751 4374 sensus
3795 4306 3959 4372 ratio
4004 4306 4252 4376 dictare

2309 4404 2584 4479 poterat.
2647 4396 2823 4462 Nam
2851 4396 3249 4478 excepisset:
3298 4392 3648 4476 Quomodo
3693 4413 3797 4457 me
3842 4391 4025 4460 Deus
4070 4395 4251 4462 iubet

2307 4482 2691 4566 speluncam
2735 4482 2930 4547 istam
2977 4480 3220 4566 egredi,
3266 4481 3336 4545 in
3379 4499 3508 4563 quo
3552 4479 3703 4543 licet
3746 4478 4033 4549 occultus
4069 4491 4135 4545 et
4169 4482 4249 4549 ab

2309 4568 2650 4633 hominum
2729 4567 3058 4635 consortio
3140 4566 3342 4634 veluti
3424 4565 3724 4631 revulsus
3787 4586 3920 4628 non
3987 4587 4248 4648 possum

2307 4664 2524 4719 tamen
2572 4653 2795 4720 Saulis
2838 4675 2994 4739 erga
3037 4674 3144 4718 me
3188 4653 3473 4718 furorem
3520 4659 3587 4715 et
3624 4648 4073 4716 crudelitatem
4113 4653 4248 4737 pla-

2305 4740 2498 4807 care?
2589 4739 2767 4821 Quid
2831 4761 2988 4825 ergo
3051 4760 3157 4804 me
3224 4737 3459 4802 misero
3517 4737 3806 4800 futurum
3866 4737 3921 4801 si
3978 4737 4131 4804 hinc
4174 4739 4248 4805 in

2304 4826 2614 4892 Iudaeam
2670 4826 3045 4910 proficiscar
3105 4825 3228 4890 nisi
3285 4820 3459 4906 quod
3518 4821 3725 4904 magis
3770 4843 3845 4887 ac
3890 4824 4099 4907 magis
4142 4826 4246 4891 fu·

2304 4932 2520 4978 rorem
2579 4913 2787 4997 ipsius
2829 4920 3058 4977 contra
3098 4931 3205 4975 me
3249 4906 3683 4984 inflammabo,
3742 4908 3925 4973 cuius
3969 4930 4248 4994 regnum

2304 4997 2621 5064 invadere
2700 4997 2869 5062 velle
2936 4994 3249 5062 videbor?
3340 4993 3490 5058 Non
3557 4991 3733 5058 istud
3797 5015 3917 5078 ego
3983 5015 4245 5078 quaero,

2305 5094 2567 5168 tempus
2624 5083 2948 5168 patienter
3003 5092 3306 5164 exspecto
3363 5100 3489 5161 quo
3550 5100 3654 5144 me
3713 5078 3899 5145 Deus
3940 5081 4010 5146 in
4054 5085 4246 5168 regni

2305 5171 2783 5253 possessionem
2826 5169 3065 5244 mittat,
3109 5167 3239 5231 imo
3286 5175 3549 5249 paratus
3591 5185 3739 5231 sum
3784 5165 3926 5232 iure
3960 5188 4105 5235 meo
4140 5191 4246 5237 ce·

2307 5255 2480 5334 dere,
2545 5256 2625 5322 ad
2685 5256 2907 5321 ovium
2966 5274 3204 5338 pascua
3261 5251 3493 5316 redire.
3583 5250 3732 5317 Non
3793 5251 3996 5320 ducor
4041 5255 4249 5322 hono-
