5059 6059
818 293 948 358 683

821 485 972 551 Non
1038 482 1241 565 igitur
1305 480 1446 544 sine
1512 497 1709 543 causa
1775 484 1890 542 aut
1953 483 2197 542 temere
2256 474 2523 542 Samuel
2573 495 2758 539 suam

825 566 1266 636 innocentiam
1317 564 1567 630 studuit
1615 565 1684 628 in
1739 564 2030 628 omnium
2079 572 2266 627 coetu
2305 560 2758 627 Israelitarum

825 655 1125 741 agnosci:
1184 650 1299 716 sed
1358 662 1432 714 ut
1488 670 1716 715 omnes
1774 650 2078 714 certiores
2133 650 2368 713 fierent
2428 647 2509 712 de
2552 646 2760 728 ipsius

825 745 895 808 iu
940 741 1067 806 Dei
1112 738 1292 803 cultu
1340 734 1776 819 promovendo
1820 734 2053 814 studio,
2097 746 2161 798 et
2206 735 2273 799 in
2321 733 2516 799 rebus
2553 731 2759 795 admi-

824 823 1181 893 nistrandis
1246 823 1643 905 integritate.
1730 820 1955 901 Quare
2014 820 2203 885 docet
2262 841 2332 885 se
2389 840 2428 883 a
2487 818 2630 883 Deo
2689 819 2760 882 in

825 916 946 978 1166
991 911 1331 994 dignitatis
1376 908 1582 990 gradu
1627 907 2032 985 collocatum,
2078 926 2341 988 operam
2388 902 2645 970 dedisse
2686 913 2764 968 ut

824 997 1137 1064 mandata
1160 994 1284 1059 sibi
1322 993 1601 1058 fideliter
1635 1003 2119 1075 exsequeretur,
2157 1013 2285 1075 quo
2320 992 2390 1055 in
2427 1002 2762 1073 posterum

823 1088 909 1151 sit
953 1085 1030 1148 iis
1076 1079 1377 1161 exemplo
1420 1079 1821 1162 integritatis
1866 1090 1933 1143 et
1976 1078 2308 1142 fidelitatis
2353 1079 2464 1159 qui
2506 1076 2587 1140 ad
2634 1076 2761 1139 rei-

823 1166 1123 1256 publicae
1160 1165 1606 1250 gubernacula
1640 1165 1883 1230 sessuri
1920 1175 2103 1229 sunt:
2149 1173 2215 1227 et
2245 1163 2541 1228 doctrina
2564 1182 2762 1244 quam

823 1256 1159 1341 proposuit
1204 1261 1351 1336 post
1394 1251 1638 1316 obitum
1677 1272 1868 1315 suum
1904 1252 2286 1324 retineatur,
2331 1260 2642 1329 tanquam
2681 1246 2762 1312 ab

826 1346 968 1427 ipso
1039 1342 1178 1405 Deo
1223 1337 1530 1421 profecta.
1621 1335 1882 1402 Scimus
1923 1335 2099 1400 enim
2146 1335 2334 1399 illum
2379 1332 2762 1416 prophetiae

826 1429 1017 1505 dono,
1057 1425 1284 1507 siquis
1330 1424 1495 1488 alius
1539 1444 1827 1503 unquam
1874 1420 2207 1504 propheta,
2251 1421 2500 1486 clarum
2548 1430 2616 1482 et
2660 1419 2759 1482 in-

826 1517 1082 1598 signem
1153 1512 1384 1588 fuisse,
1456 1506 1996 1591 quemadmodum
2052 1507 2242 1571 initio
2302 1506 2501 1570 huius
2560 1504 2762 1569 histo-

823 1602 958 1666 riae
1013 1597 1372 1664 docuimus.
1460 1593 1594 1660 Sed
1654 1594 1711 1658 si
1759 1594 1902 1659 sine
1947 1593 2322 1658 testimonio
2365 1590 2763 1673 integritatis

824 1695 890 1752 et
933 1683 1326 1750 sinceritatis
1370 1679 1690 1763 dignitate
1734 1700 1852 1744 sua
1895 1679 2122 1744 fuisset
2165 1678 2520 1754 abdicatus,
2568 1698 2761 1759 quae-

826 1773 976 1839 dam
1038 1769 1112 1834 in
1177 1776 1510 1851 posterum
1569 1766 1908 1830 hominum
1968 1764 2205 1829 animis
2264 1764 2545 1846 suspicio
2608 1761 2763 1826 hae-

825 1861 1048 1925 sisset:
1094 1875 1297 1936 quare
1343 1852 1655 1937 abrogata
1688 1861 1858 1917 esset
1892 1850 1986 1915 illi
2025 1850 2335 1934 dignitas,
2379 1870 2453 1914 ac
2488 1847 2763 1931 proinde

823 1945 1029 2028 ipsius
1088 1940 1384 2006 doctrina
1439 1939 1507 2001 111
1568 1937 1835 2002 dubium
1884 1947 2203 2013 revocata,
2261 1948 2327 2000 et
2371 1934 2531 1999 fides
2577 1933 2762 1998 abro-

825 2038 979 2113 gata
1035 2027 1300 2102 fuisset,
1357 2025 1614 2107 Deique
1674 2023 1946 2106 proinde
2005 2023 2214 2106 gratia
2258 2021 2465 2085 veluti
2509 2019 2764 2100 sepulta

821 2115 1149 2182 iacuisset.
1238 2110 1680 2191 Quamobrem
1741 2108 2028 2191 oportuit
2072 2107 2275 2190 ipsius
2320 2106 2761 2170 innocentiam

825 2202 1120 2268 omnium
1181 2196 1553 2261 testimonio
1612 2193 2038 2277 comprobari,
2099 2205 2170 2257 ut
2224 2191 2552 2257 Samuelis
2598 2204 2763 2254 tcm-

826 2287 1088 2372 poribus
1143 2285 1362 2348 Deum
1421 2281 1522 2346 sui
1567 2280 1790 2364 populi
1837 2282 2173 2345 misertum
2221 2279 2418 2343 fuisse
2462 2278 2765 2355 sciretur,

826 2382 895 2439 et
949 2369 1282 2436 beneficiis
1336 2367 1574 2433 divinis
1618 2367 1821 2432 fuisse
1864 2366 2263 2432 cumulatum
2314 2363 2616 2428 omnibus
2656 2364 2764 2426 fic·

828 2466 933 2524 ret
989 2454 1427 2537 conspicuum.
1518 2451 1774 2516 Deinde
1832 2450 2121 2535 oportuit
2169 2449 2494 2516 Samuelis
2539 2469 2761 2515 exem-

827 2545 1009 2628 plum
1056 2542 1336 2607 transire
1380 2538 1459 2604 ad
1507 2558 1933 2618 successores,
1978 2548 2054 2601 ut
2096 2558 2180 2601 ex
2224 2557 2298 2600 eo
2323 2533 2759 2611 erudirentur,

830 2638 896 2695 et
941 2648 1127 2712 reges
1171 2626 1295 2708 ipsi
1340 2625 1665 2690 discerent
1699 2646 1782 2688 ex
1822 2622 2146 2689 Samuelis
2184 2620 2515 2704 fidelitate,
2562 2619 2762 2702 quod·

830 2736 984 2780 nam
1062 2722 1232 2778 esset
1296 2732 1490 2775 suum
1555 2711 1868 2775 officium:
1951 2708 2500 2793 quemadmodum
2566 2707 2762 2771 etiam

829 2801 1066 2867 minari
1110 2819 1260 2863 eum
1304 2795 1622 2875 videmus,
1666 2796 1802 2861 fore
1846 2803 1919 2861 ut
1963 2816 2238 2878 regnum
2286 2794 2568 2858 intereat
2636 2791 2763 2855 nisi

827 2908 1013 2972 reges
1087 2907 1156 2950 66
1216 2883 1298 2949 ad
1357 2904 1547 2947 suum
1606 2882 1976 2964 exemplum
2037 2890 2446 2962 componant.
2540 2842 2763 2958 Quare

826 2974 936 3057 qui
993 2992 1124 3038 non
1184 2969 1561 3034 innocentia
1616 2980 1728 3033 aut
1770 2967 2164 3050 integritate,
2219 2966 2332 3032 sed
2378 2964 2517 3030 sola
2561 2965 2762 3029 iacta-

828 3062 1024 3138 tione,
1070 3077 1212 3123 sese
1257 3052 1735 3131 commendant,
1781 3054 1948 3118 nihil
1995 3053 2233 3118 habent
2269 3071 2415 3116 cum
2454 3050 2763 3115 Samuele

824 3164 1188 3219 commune,
1248 3141 1378 3206 nisi
1433 3139 1739 3222 loquendi
1794 3141 2104 3222 speciem:
2168 3158 2331 3219 quae
2387 3157 2504 3219 per
2547 3158 2617 3201 se
2662 3144 2763 3199 ta·

820 3253 971 3295 men
1032 3226 1218 3297 nihil.
1270 3235 1402 3292 est:
1469 3226 1620 3291 finis
1684 3226 1862 3291 enim
1928 3224 2345 3291 consiliorum
2391 3221 2762 3287 istiusmodi

819 3316 1161 3383 hominum
1230 3312 1620 3396 spectandus
1686 3330 1803 3391 est,
1869 3320 1934 3377 et
1999 3331 2181 3375 mens
2239 3309 2513 3373 illorum'
2550 3309 2761 3373 consi-

820 3400 1126 3469 deranda.
1215 3399 1502 3465 Sanctus
1578 3399 1822 3462 Paulus
1881 3418 2039 3463 sane
2098 3395 2471 3461 Samuelem
2528 3395 2762 3458 merito

824 3489 1058 3553 dobere
1117 3486 1413 3551 excusari
1468 3484 1769 3563 ostendit,
1829 3504 1905 3548 ac
1948 3483 2375 3547 necessariam
2424 3491 2489 3545 et
2531 3480 2762 3544 utilem

821 3575 999 3640 illius
1052 3573 1253 3637 fuisse
1299 3571 1850 3653 protestationem.
1939 3569 2110 3634 Nam
2155 3567 2473 3651 gloriatur
2516 3565 2763 3631 Paulus

823 3682 893 3726 66
933 3658 1174 3722 11666111
1211 3668 1542 3721 certamen
1579 3656 1949 3733 certavisse,
1988 3666 2055 3719 et
2089 3652 2352 3736 quidem
2389 3664 2528 3718 tam
2566 3653 2763 3735 longo

824 3756 1135 3827 temporo,
1191 3763 1261 3807 66
1319 3752 1420 3806 161·
1461 3741 1818 3824 lapidatum
1863 3740 2082 3815 fuisse,
2141 3740 2398 3822 saepius
2441 3740 2509 3802 in
2559 3738 2762 3803 variis

828 3830 1059 3896 mortis
1094 3828 1398 3910 periculis
1432 3828 1652 3903 fuisse,
1691 3838 1755 3892 et
1795 3846 2131 3910 nunquam
2168 3825 2497 3890 defecisse.
2566 3826 2765 3889 Prae-

827 3928 1008 3983 terea
1074 3914 1392 3997 gloriatur
1455 3913 1653 3978 etiam
1712 3913 1791 3978 de
1848 3912 2163 3977 donorum
2223 3911 2498 3993 spiritus
2556 3909 2765 3975 excel-

827 4002 1052 4080 lentia,
1088 4019 1365 4082 quorum
1402 3999 1824 4077 abundantia,
1862 3997 2128 4075 nemini,
2170 4018 2252 4062 ne
2289 3996 2600 4080 apostolis
2624 3995 2763 4079 qui-

827 4087 975 4153 dem
1021 4086 1180 4169 ipsis
1224 4085 1426 4165 cedat,
1473 4085 1631 4151 adeo
1674 4096 1750 4151 ut
1793 4083 2195 4168 apostolatus
2241 4082 2518 4167 gradum
2564 4082 2685 4146 sibi
2724 4103 2763 4146 a

827 4177 971 4240 Deo
1053 4171 1357 4238 collatum
1438 4192 1589 4236 cum
1667 4172 1797 4236 illis
1862 4171 2061 4237 faciat
2125 4170 2485 4251 aequalem.
2575 4167 2762 4248 Quae

825 4280 1027 4345 quum
1073 4256 1404 4340 apostolus
1448 4255 1741 4338 pluribus
1789 4257 1868 4321 de
1911 4278 1981 4321 se
2017 4256 2366 4339 praedicet,
2409 4255 2594 4319 inani
2631 4255 2760 4336 glo·

825 4347 927 4412 ria
1001 4345 1148 4410 duci
1216 4340 1566 4409 videretur.
1654 4343 1743 4406 Et
1806 4342 2067 4425 quidem
2132 4343 2407 4424 ipsemet
2470 4360 2543 4405 se
2603 4340 2762 4427 11161-

822 4433 1116 4517 pientem
1175 4450 1321 4493 esse
1364 4427 1539 4506 dicit,
1601 4426 1756 4493 dum
1803 4450 1953 4494 suas
1999 4428 2091 4492 ita
2135 4428 2364 4493 laudes
2412 4427 2759 4510 praedicat.

824 4518 958 4585 Sed
1006 4538 1120 4600 per
1163 4514 1646 4581 concessionem
1684 4514 1926 4578 dictum
1964 4513 2126 4578 illud
2162 4511 2606 4596 accipiendum
2644 4524 2762 4592 est,

823 4604 1007 4687 quasi
1074 4601 1350 4668 diceret:
1431 4601 1590 4664 Esto
1655 4601 1780 4666 sim
1845 4601 2180 4682 insipiens,
2246 4610 2314 4665 et
2376 4600 2764 4681 insipienter

824 4689 1012 4772 apud
1066 4709 1180 4755 vos
1249 4685 1446 4752 verba
1498 4686 1762 4767 faciam3
1833 4707 1945 4751 vos
2003 4695 2225 4751 tamen
2283 4707 2390 4751 me
2436 4685 2763 4750 Corinthii

825 4776 1062 4859 cogitis
1144 4773 1236 4839 sic
1307 4771 1693 4853 insipienter
1758 4772 1954 4854 loqui.
2043 4770 2219 4851 Quid
2286 4769 2420 4837 ita?
2510 4772 2764 4855 Nempe

826 4861 1001 4944 quod
1043 4857 1429 4942 loquacibus
1467 4869 1534 4922 et
1577 4858 1863 4942 garrulis
1907 4856 2294 4940 quibusdam
2339 4878 2530 4923 aures
2577 4879 2763 4941 prae-

823 4947 1138 5023 buissent,
1198 4945 1308 5028 qui
1363 4953 1581 5008 tamen
1644 4944 1950 5010 ecclesiae
2007 4944 2441 5010 aedificationi
2495 4944 2764 5008 minime

825 5031 1195 5110 studebant,
1240 5052 1451 5114 neque
1495 5030 1618 5096 Dei
1665 5030 1965 5095 timorem
2009 5029 2215 5094 ullum
2263 5013 2603 5107 habebatit,
2650 5027 2765 5093 sed

831 5117 1180 5184 verborum
1249 5116 1660 5201 quorundam
1719 5116 1976 5200 fulgore
2034 5117 2157 5182 sibi
2218 5116 2498 5200 gratiam
2557 5116 2766 5181 conci-

829 5204 1100 5285 liabant,
1166 5211 1231 5269 et
1289 5203 1594 5270 ecclesiae
1653 5223 1786 5268 non
1833 5223 2111 5286 parvum
2160 5202 2466 5269 damnum
2514 5200 2765 5268 adfere-

2501 285 2914 351 HOMILIA
2958 286 3110 353 XL.

4653 296 4744 361 684

2861 475 3041 541 bant.
3132 477 3384 543 Paulus
3461 478 3679 562 itaque
3751 478 4284 546 animadvertens
4358 482 4743 564 evangelicam

2864 561 3348 645 simplicitatem
3394 565 3621 629 venire
3665 565 3735 630 in
3778 578 4226 648 contemptum
4285 587 4403 649 per
4459 566 4741 633 hominum

2862 646 3141 713 istorum
3201 651 3665 733 arrogantiam,
3726 662 3791 714 et
3835 651 4216 717 Corinthios
4261 652 4568 718 delicatas
4604 675 4745 719 aures

2866 732 3180 800 habentes
3226 734 3518 801 fastidire
3555 736 3859 803 docentes
3895 738 4041 803 illos
4076 759 4302 803 verum
4328 738 4457 803 Dei
4484 740 4745 823 timorem,

2865 828 2933 883 et
2976 830 3261 886 attentas
3306 841 3495 887 aures
3543 824 3850 904 praebere
3895 823 4264 890 doctoribus
4309 826 4418 906 qui
4464 824 4750 891 rhetoricis

2868 906 3210 986 coloribus,
3270 916 3335 972 et
3392 908 3748 991 pigmentis
3807 911 4059 974 fucatas
4121 932 4275 975 suas
4331 912 4749 993 speculationes

2866 991 3022 1074 ipsis
3065 992 3518 1069 obtrudebant,
3582 994 3740 1059 dicit
3792 1017 3861 1059 se
3920 995 4001 1058 ab
4045 995 4178 1061 illis
4224 998 4365 1079 cogi
4411 995 4493 1060 de
4536 1018 4599 1061 se
4636 998 4750 1061 insi-

2865 1078 3123 1160 pienter
3165 1078 3360 1162 loqui,
3406 1100 3686 1162 suasque
3732 1080 3958 1145 laudes
4004 1080 4396 1162 praedicare.
4481 1080 4750 1148 Samuelis

2866 1162 3090 1227 eadem
3136 1166 3306 1229 ratio
3351 1176 3468 1244 est,
3512 1187 3705 1248 quem
3753 1167 4050 1232 videmus
4096 1169 4176 1232 de
4219 1190 4291 1233 se
4328 1168 4608 1232 voluisse
4636 1169 4753 1233 ferri

2867 1250 3331 1327 testimonium,
3392 1263 3458 1315 et
3516 1253 3596 1316 de
3640 1273 3758 1317 sua
3801 1253 4179 1318 innocentia
4225 1254 4441 1337 palam
4486 1276 4622 1318 esse
4658 1266 4753 1318 tes·

2866 1344 3099 1410 tatum,
3144 1357 3343 1419 quum
3389 1336 3640 1403 videret
3684 1359 3927 1403 munus
3971 1337 4132 1402 illud
4178 1339 4349 1422 quod
4396 1352 4701 1422 acceptum
4728 1362 4753 1403 a

2867 1420 3155 1486 Domino
3213 1433 3312 1487 tot
3373 1445 3580 1488 annos
3624 1434 3938 1506 gesserat,
3984 1446 4173 1506 posse
4218 1426 4287 1488 in
4333 1426 4618 1508 aliquam
4655 1448 4755 1490 6116·

2865 1507 3188 1591 picionem
3216 1510 3453 1587 venire,
3498 1520 3563 1573 et
3598 1510 3690 1573 illi
3732 1519 3987 1592 turpem
4025 1511 4305 1593 aliquam
4344 1527 4572 1577 notam
4605 1512 4755 1589 inuri,

2867 1601 3251 1675 tantumque
3273 1594 3398 1660 Dei
3438 1593 3644 1675 gloria
3679 1605 3745 1659 et
3786 1598 3997 1679 gratia
4032 1595 4389 1676 obscurari,
4437 1617 4602 1680 quae
4642 1620 4757 1663 ven·

2870 1678 3037 1744 turis
3095 1680 3251 1744 olim
3296 1681 3570 1745 saeculis
3614 1680 3835 1761 agnita
3895 1682 4200 1764 prodesse
4261 1696 4535 1766 poterat.
4622 1683 4757 1747 Haeo

2866 1785 3025 1829 63116
3079 1766 3508 1831 consideratio
3556 1764 3934 1832 Samuelem
3986 1770 4269 1852 impulit,
4324 1790 4519 1852 quem
4569 1769 4759 1850 alioqui

2867 1862 3117 1916 certum
3178 1862 3279 1916 est
3332 1873 3464 1916 non
3511 1854 3709 1918 fuisse
3754 1873 4152 1937 magnopere
4198 1852 4277 1918 de
4322 1854 4654 1919 hominum
4691 1857 4758 1917 iu·

2868 1936 3053 2002 diciis
3098 1935 3178 2002 de
3222 1960 3293 2003 66
3337 1938 3803 2018 laboraturum,
3865 1941 4055 2005 modo
4101 1961 4141 2004 a
4184 1942 4323 2006 suis
4369 1954 4547 2006 stare
4591 1940 4758 2004 Deum

2867 2024 3161 2104 partibus
3222 2036 3400 2090 certo
3465 2045 3818 2106 persuasus
3867 2035 4056 2090 esset.
4150 2027 4403 2091 Verum
4450 2039 4516 2091 et
4564 2027 4759 2091 utilitas

2864 2108 3148 2191 publica,
3236 2119 3303 2174 et
3372 2110 3544 2192 regis
3611 2111 3984 2187 instructio,
4077 2113 4541 2195 doctrinaeque
4608 2134 4755 2195 quam

2866 2194 3134 2259 Samuel
3184 2195 3495 2260 docuerat
3539 2197 3857 2262 autoritas
3924 2199 4380 2279 postulabant,
4451 2208 4523 2263 ut
4592 2200 4758 2281 palam

2867 2279 3160 2347 Samueli
3207 2283 3651 2346 testimonium
3701 2280 3783 2346 ab
3827 2285 4128 2349 omnibus
4165 2285 4243 2348 de
4279 2307 4399 2349 sua
4438 2285 4761 2349 innocentis

2867 2364 3153 2445 daretur,
3198 2367 3365 2449 quod
3403 2389 3628 2432 omnes
3663 2370 4107 2452 cuiuscunque
4144 2371 4487 2454 dignitatis
4523 2384 4593 2436 et
4630 2382 4764 2434 aeta·

2868 2454 2952 2518 tis
2997 2453 3294 2519 homines
3338 2453 3802 2537 intelligerent.

3040 2539 3181 2603 Iam
3258 2551 3558 2622 superest
3620 2540 3823 2622 ipsius
3899 2542 4102 2607 verba
4180 2541 4657 2625 expendamus:
4713 2561 4763 2605 se

2867 2625 3156 2708 primum
3204 2634 3484 2689 testatur
3528 2648 3597 2690 se
3641 2647 3846 2707 neque
3892 2630 4292 2710 rapinarum,
4353 2651 4567 2711 neque
4610 2648 4761 2693 vexa·

2870 2712 3066 2776 tionis
3134 2710 3336 2776 ullius
3388 2711 3680 2777 accusari
3737 2733 3942 2794 posse,
4016 2735 4216 2796 quum
4277 2715 4372 2779 ait
4429 2737 4500 2780 66
4569 2714 4764 2778 nullius

2871 2797 3124 2871 bovem,
3171 2796 3500 2861 nulliusve
3533 2799 3788 2862 asinum
3814 2801 4153 2882 accepisse,
4201 2800 4455 2866 duabus
4500 2799 4627 2865 illis
4658 2820 4763 2880 6116-

2868 2882 3089 2949 ciebus
3147 2884 3524 2965 complexus
3576 2903 3768 2948 omne
3828 2888 4210 2967 rapinarum
4278 2909 4505 2968 genus,
4576 2884 4763 2968 quibus

2869 2969 3219 3051 primariae
3265 2969 3602 3052 dignitatis
3650 2969 3775 3035 viri
3818 2972 4113 3036 subditos
4151 2986 4414 3052 vexant,
4460 2993 4655 3055 quum
4690 2969 4765 3031 vel

2868 3075 3002 3119 11611
3048 3054 3348 3132 audeant,
3399 3056 3496 3120 vel
3542 3076 3673 3120 non
3719 3057 3972 3138 possint
4015 3059 4337 3124 resistere.
4431 3060 4635 3123 Porro
4673 3057 4762 3120 sei·

2868 3163 3015 3205 mus
3082 3160 3192 3205 eos
3258 3141 3364 3222 qui
3433 3161 3724 3206 summos
3791 3142 4112 3207 honorum
4179 3144 4423 3228 gradus
4489 3143 4764 3211 obtinent.

2867 3226 3086 3292 omnia
3130 3226 3253 3291 sibi
3299 3227 3494 3291 licere
3540 3227 3877 3292 arbitrari:
3923 3230 4172 3312 sibique
4205 3230 4562 3312 praedandi
4586 3228 4763 3312 populi

2867 3312 3196 3377 licentiam
3243 3314 3415 3391 dare,
3462 3333 3662 3394 quum
3700 3315 3971 3396 privatis
4016 3317 4151 3381 suis
4194 3316 4614 3381 facultatibus
4653 3334 4765 3396 par·

2867 3408 3042 3465 cant.
3155 3396 3423 3465 Samuel
3490 3412 3717 3464 contra
3784 3423 3855 3465 se
3922 3400 4003 3464 ab
4070 3402 4211 3465 istis
4278 3401 4764 3468 concussionibus

2866 3486 3224 3549 immunem
3270 3497 3334 3548 et
3380 3506 3615 3567 purum
3664 3507 3807 3550 esse
3848 3485 4050 3563 docet,
4098 3487 4266 3569 quod
4305 3489 4554 3554 nemini
4592 3488 4765 3550 facere

2866 3571 3174 3635 iniuriam
3214 3570 3510 3637 voluerit.
3582 3572 3789 3636 Porro
3826 3594 4024 3654 quum
4064 3575 4333 3656 rapinae
4372 3584 4489 3639 aut
4533 3570 4764 3656 praedae

2866 3656 3193 3733 meminit,
3295 3656 3749 3738 complectitur
3839 3680 4065 3723 omnes
4159 3659 4409 3742 aliquas
4504 3660 4765 3731 rationes,

2867 3741 3101 3825 quibus
3147 3762 3187 3806 a
3229 3742 3671 3825 superioribus
3734 3743 3975 3809 subditi
4040 3748 4261 3809 vexari
4309 3746 4543 3811 solent.
4630 3743 4765 3809 Nam

2867 3848 3060 3910 saepe
3125 3828 3386 3911 quidem
3454 3850 3586 3892 non
3667 3829 4097 3895 substantiam
4178 3832 4469 3913 ipsorum
4536 3828 4763 3914 praeda·

2867 3914 3143 3979 buntur:
3222 3914 3335 3979 sed
3424 3914 3548 3979 sibi
3628 3936 3734 3980 res
3801 3918 4200 3982 necessarias
4276 3932 4341 3981 et
4409 3918 4600 3982 utiles
4658 3917 4766 3980 sine

2867 4010 3162 4083 respectu
3221 4000 3352 4065 ullo
3412 4001 3748 4083 accipient.
3838 4003 4142 4086 Exempli
4204 4004 4450 4086 gratia,
4509 4006 4559 4067 si
4622 4002 4764 4084 prin·

2866 4107 3019 4169 ceps
3067 4085 3386 4166 voluptati
3430 4086 3665 4152 habeat
3722 4088 4071 4169 equitando
4107 4090 4320 4155 facere
4371 4091 4495 4156 sibi
4531 4088 4767 4155 (16111166,

2865 4171 3065 4236 1161116
3110 4172 3294 4253 equis
3341 4173 3746 4254 privatorum
3793 4189 4117 4257 parcetur,
4163 4177 4320 4257 quin
4374 4178 4499 4242 huc
4540 4186 4601 4239 et
4640 4171 4761 4236 illuc

2867 4269 3168 4341 agantur,
3211 4257 3371 4321 adeo
3417 4274 3489 4323 ut
3530 4260 3744 4325 miseri
3783 4280 3974 4341 saepe
4011 4259 4090 4324 de
4130 4262 4581 4343 recuperandis
4614 4256 4765 4340 equis

2867 4357 2931 4409 et
2976 4344 3282 4407 iumentis
3325 4343 3638 4421 laborent,
3686 4346 3923 4427 quibus
3966 4345 4089 4409 sibi
4135 4362 4200 4411 et
4236 4348 4517 4413 familiae
4552 4347 4759 4411 victum

2868 4430 3297 4512 quaerebant:
3359 4444 3421 4494 et
3480 4442 3701 4495 tamen
3747 4453 3816 4496 se
3862 4432 3958 4496 illi
4005 4455 4043 4497 a
4088 4433 4332 4515 rapinis
4380 4433 4761 4500 excusabunt.

2869 4517 3116 4581 Verum
3165 4514 3481 4598 quidquid
3525 4516 3788 4582 tandem
3838 4530 4241 4600 praetexant,
4288 4541 4420 4584 11611
4467 4532 4558 4585 661
4598 4534 4759 4582 excu-

2868 4602 3233 4666 sationibus
3298 4601 3459 4679 istis,
3527 4624 3738 4684 neque
3805 4624 4020 4669 coram
4088 4606 4245 4685 Dec,
4318 4627 4521 4688 neque
4575 4618 4759 4669 coram

2869 4688 3238 4753 hominibus
3283 4687 3482 4754 166116.
3572 4687 3843 4756 Samuel
3890 4712 4044 4756 vero
4092 4704 4162 4755 ut
4205 4713 4275 4756 se
4321 4692 4403 4755 ab
4451 4694 4560 4757 hac
4602 4706 4761 4753 accu-

2869 4775 3121 4839 satione
3180 4782 3245 4838 et
3303 4775 3619 4840 violentia
3676 4797 3913 4858 purum
3960 4797 4100 4841 esse
4144 4780 4469 4862 ostendat,
4530 4775 4669 4840 dicit
4705 4788 4759 4832 ³0

2871 4860 3145 4941 proximi
3191 4861 3290 4924 sui
3337 4860 3701 4926 iumentum
3748 4884 3875 4927 non
3924 4864 4262 4945 accepisse,
4307 4868 4489 4945 quasi
4524 4863 4677 4925 dicat
4706 4875 4759 4919 se

2871 4946 3032 5010 null-i
3078 4945 3389 5010 damnum
3436 4958 3546 5011 aut
3592 4948 4053 5012 detrimentum
4115 4950 4503 5014 iniuriamve
4547 4947 4757 5011 secisse-

2872 5032 3223 5097 Praeterea
3269 5032 3455 5097 docet
3498 5054 3567 5097 se
3616 5034 3866 5098 nullum
3914 5034 4337 5107 fraudavisse,
4393 5055 4585 5117 neque
4630 5051 4757 5094 eon·

2870 5117 3165 5183 cussisse.
3254 5117 3649 5200 Quanquam
3713 5120 3892 5201 prius
3947 5120 4109 5184 illud
4156 5120 4535 5185 vocabulum
4572 5117 4758 5181 Frau-

2871 5200 3145 5285 davisse,
3193 5205 3272 5270 de
3307 5204 3633 5270 calumnia
3668 5218 3878 5288 potest
3913 5209 4110 5271 etiam
4150 5206 4447 5291 intelligi,
4484 5216 4547 5271 ut
4573 5214 4759 5268 osten·
