5059 6059
319 307 450 374 369

320 498 483 574 lans,
527 494 601 562 in
641 494 753 560 illo
1084 493 1190 561 vel
1233 515 1452 572 avum,
1497 490 1603 559 vel
1649 489 1926 577 denique
1968 493 2246 560 maiores

317 582 527 669 punit.
618 578 805 662 Quae
836 579 1081 647 iudicia
1122 581 1275 647 licet
1314 579 1397 646 ob
1439 578 1678 644 mentis
1721 589 1987 645 nostrae
2029 580 2245 645 tenui-

318 676 525 735 tatem
580 687 707 733 non
765 668 1079 750 capimus,
1138 678 1357 733 tamen
1413 662 1744 732 adoranda
1798 673 1954 730 suut
1999 666 2068 731 in
2111 665 2245 731 illis

319 753 444 818 Dei
504 751 791 830 consilia,
837 752 1027 837 eique
1071 761 1256 818 tanta
1298 759 1561 835 tamque
1601 750 1887 833 perfecta
1929 758 1996 817 et
2036 749 2243 817 admi-

316 836 525 906 randa
580 838 898 922 sapientia
932 836 1298 917 tribuenda,
1343 846 1419 903 ut
1460 836 1542 902 ad
1585 856 1732 902 eam
1776 837 1996 903 omnia
2023 847 2245 903 nostra

320 923 598 990 consilia
659 923 1050 1005 referamus,
1109 944 1429 1008 sensuque
1494 941 1719 988 omnes
1776 920 1983 988 eidem
2051 922 2247 989 subii-

312 1009 580 1078 ciamus.
671 1008 775 1075 En
820 1010 1038 1093 itaque
1081 1018 1156 1075 ιιι
1195 1009 1382 1076 Deus
1423 1006 1686 1092 quidem
1734 1007 2084 1091 unicuique
2146 1029 2244 1074 se-

311 1095 603 1163 cundum
646 1115 840 1161 suum
881 1096 928 1160 fl
1017 1094 1204 1161 'tium
1242 1093 1561 1180 rependit,
1615 1100 1683 1158 et
1717 1102 1934 1160 tamen
1978 1102 2239 1179 patrum

311 1181 382 1248 in
422 1180 557 1247 illis
601 1179 865 1262 scelera,
1036 1183 1291 1247 tertiam
1334 1189 1714 1264 quartamve
1754 1179 2238 1264 generationem

311 1265 668 1334 ulciscitur.
754 1264 847 1331 Et
902 1266 1165 1348 quidem
1220 1265 1567 1333 verborum
1622 1263 1882 1330 illorum
1938 1264 2048 1333 hic
2089 1285 2239 1332 sen-

309 1373 419 1420 sus
472 1362 597 1426 est,
657 1359 719 1417 et
777 1351 1054 1436 insignis
1099 1351 1414 1434 doctrina,
1454 1370 1658 1435 quum
1702 1350 1918 1416 Deum
1963 1350 2239 1417 suscita·

310 1447 529 1503 turum
570 1435 832 1503 fidelem
889 1437 1287 1504 sacerdotem
1338 1460 1371 1503 s
1419 1438 1608 1502 iritus
1649 1436 1979 1518 praedicit,
2044 1456 2239 1520 quem

310 1521 623 1592 Solomon
687 1521 992 1607 deinceps
1033 1524 1102 1589 iu
1159 1544 1344 1591 sacer
1389 1532 1562 1587 otem
1605 1519 1934 1587 ordinavit
1972 1542 2049 1589 ac
2091 1521 2242 1589 licet

306 1608 384 1675 (le
436 1608 671 1675 diviua
729 1608 1053 1676 sententia
1093 1630 1222 1675 non
1282 1608 1594 1691 cogitaret
1645 1606 2077 1691 exsequenda,
2117 1609 2240 1672 mi-

305 1696 576 1761 nisterio
664 1701 885 1760 tamen
964 1705 1082 1760 suo·
1147 1693 1444 1762 divinum
1509 1691 1838 1758 decretum
1916 1692 2237 1776 implevit.

305 1780 406 1848 Eu
456 1777 703 1864 quibus
756 1777 969 1846 modis
1024 1779 1207 1846 Deus
1251 1781 1661 1862 omnipotens
1704 1776 1787 1843 ad
1830 1776 2237 1845 decretorum

305 1886 566 2018 αξιοι-ἔω
625 1864 1313 2017 ἰωρίοιίιοιιῗξηωτθὶιυε
1353 1864 1658 2015 {mgnum
1667 1864 1972 2014 dereatiz
1989 1872 2238 2015 ιιιῖἕςιιτ,

302 1973 337 2018 e
405 1973 444 2018 a
531 1971 725 2017 suam
770 1972 856 2016 vo
882 1972 971 2016 un
1112 1972 1181 2017 m
1220 1972 1357 2035 imp
1386 1971 1466 2016 en
1515 1970 1622 2015 am
1712 1970 1899 2034 ispon
1973 1999 1989 2015 .
2128 1969 2234 2049 am

300 2047 742 2201 ιιιωιι
778 2034 1444 2189 suffiscus.
1486 2035 2234 2220 ssffiffiffigz

300 2207 478 2274 <liciis
536 2207 670 2274 hac
712 2207 964 2274 ratione
1019 2208 1127 2273 via
1166 2208 1340 2275 facta
1379 2214 1499 2287 est,
1541 2205 1685 2271 Deo
1741 2227 1810 2271 m
1854 2206 2236 2273 Abiatharis

302 2314 575 2378 persona
619 2292 829 2359 Helin
887 2292 1200 2378 puniente
1254 2301 1323 2360 et
1377 2292 1449 2357 in
1506 2292 1646 2358 eius
1702 2291 2017 2357 familiam
2062 2291 2234 2376 quod

300 2401 366 2446 se
418 2379 758 2447 facturum
812 2388 956 2444 erat
1005 2379 1311 2459 minatus,
1369 2375 1649 2444 dedecus
1691 2387 1757 2443 et
1809 2376 2232 2462 ignominiam

300 2464 659 2531 derivante.
747 2462 1005 2546 Quibus
1059 2465 1365 2531 omnibus
1420 2483 1498 2529 ea
1550 2482 1747 2547 quam
1794 2462 2096 2546 superius
2137 2469 2234 2528 at-

302 2551 560 2635 tigimus
606 2549 910 2616 doctrina
950 2551 1403 2631 confirmatur,
1442 2548 1587 2614 Deo
1632 2569 1763 2615 non
1806 2547 2235 2634 patefaciente

301 2657 560 2704 suorum
603 2633 999 2704 iudiciorum
1041 2636 1231 2720 signa
1266 2633 1630 2714 manifesta,
1671 2654 1945 2717 quorum
1988 2634 2235 2700 intuitu

304 2730 686 2804 terreamur,
729 2739 862 2787 non
907 2720 1053 2786 ideo
1097 2729 1317 2787 tamen
1351 2718 1891 2797 insolescendum,
1933 2718 2048 2785 sed
2093 2739 2233 2784 mo-

302 2806 475 2874 deste
519 2806 601 2873 de
651 2826 722 2871 se
765 2804 1178 2873 sentiendum
1223 2815 1289 2872 et
1330 2825 1548 2872 coram
1570 2804 1857 2871 Domino
1897 2803 2235 2870 ambulan-

303 2893 465 2973 dum,
523 2889 1052 2977 quandoquidem
1096 2902 1164 2958 et
1215 2898 1371 2976 post
1410 2891 1548 2957 fata
1589 2911 1742 2957 suas
1783 2891 2072 2957 rationes
2114 2889 2235 2955 ha-

304 2978 421 3059 bet,
475 2999 625 3060 nos,
681 3000 815 3043 non
870 2978 1089 3043 minus
1148 2996 1345 3062 quam
1401 2975 1544 3041 vita
1604 2978 1971 3063 fungentes,
2033 2975 2231 3042 corri-

304 3063 514 3147 piendi
593 3071 668 3131 et
745 3062 1129 3164 castigandi.-
1235 3061 1325 3128 Et
1412 3061 1731 3129 hactenus
1815 3060 2075 3147 quidem
2153 3060 2233 3126 de

307 3149 675 3216 divinorum
739 3148 1127 3216 iudiciorum
1205 3148 1473 3219 occultis
1535 3149 1666 3215 viis
1728 3156 1795 3213 et
1867 3147 2233 3213 rationibus

306 3232 537 3301 dictum
595 3242 741 3301 est:
813 3233 983 3318 qnod
1039 3242 1261 3301 tamen
1327 3242 1789 3319 argumentum
1853 3233 2231 3317 ampliorem

306 3328 655 3388 tractatum
706 3328 1020 3420 posceret,
1077 3317 1191 3387 sed
1234 3319 1305 3385 in
1347 3319 1717 3404 praesentia
1758 3339 1959 3403 quum
2002 3318 2083 3385 de
2125 3338 2233 3385 oc·

310 3404 493 3473 cultis
534 3404 674 3473 Dei
715 3404 975 3473 iudiciis
1016 3413 1267 3491 agatur,
1311 3404 1715 3471 intellexisse
1758 3405 2055 3484 sufficiat,
2099 3423 2234 3469 non

311 3490 511 3559 inulta
555 3492 761 3558 fuisse
802 3490 1087 3558 filiorum
1131 3490 1288 3557 Heli
1330 3491 1415 3556 fla
1465 3489 1597 3573 ’tia,
1638 3490 1793 3558 licet
1841 3489 1913 3555 in
1973 3495 2235 3589 tempus

314 3596 506 3661 usque
551 3576 929 3645 Solomonis
983 3576 1183 3643 dilata
1236 3575 1324 3641 sit
1378 3597 1420 3641 u
1449 3576 1567 3642 tio:
1628 3595 1706 3642 ac
1762 3574 2035 3660 proinde
2084 3574 2237 3640 hcet

317 3665 611 3747 temporis
683 3661 1165 3746 longinquitate
1218 3660 1473 3745 sepulta
1528 3669 1597 3728 et
1636 3661 1979 3727 obliterata
2031 3659 2236 3726 videri

316 3757 518 3831 posset
555 3748 899 3832 iniquitas,
947 3748 1020 3813 in
1063 3748 1193 3812 Dei
1234 3756 1455 3813 tamen
1496 3747 1766 3815 consilio
1807 3760 2071 3813 aeterno
2114 3746 2234 3811 im-

317 3853 588 3915 pressam
636 3844 705 3899 et
747 3833 1138 3917 insculptam
1172 3832 1489 3899 hacteuus
1530 3831 1938 3900 remansisse.

476 3917 795 4005 Sequitur
816 3919 885 3986 in
912 3919 1268 4004 prophetae
1291 3918 1541 3986 verbis:
1584 3917 1800 3985 Deum
1842 3917 1942 3984 illi
1982 3917 2238 3983 domum

317 4003 810 4088 aedificaturum,
853 4004 1092 4088 quibus
1126 4002 1343 4072 verbis
1367 4003 1498 4070 alia
1530 4002 1974 4088 metaphorica
2006 4001 2235 4087 loquu-

318 4088 401 4155 tio
438 4093 829 4157 continetur.
875 4089 1185 4156 Domum
1221 4090 1397 4157 enim
1442 4088 1780 4157 aedificare
1821 4087 2080 4172 dicitur,
2124 4087 2236 4170 qui

316 4183 548 4241 statum
608 4175 897 4260 aliquem
950 4175 1219 4241 firmum
1274 4183 1342 4240 et
1396 4174 1694 4242 stabilem
1757 4175 1973 4256 efficit,
2038 4172 2236 4240 nullis

318 4260 780 4328 mutationibus
822 4262 1192 4334 obnoxium.
1282 4258 1395 4330 Sic
1436 4260 1704 4328 Psalmo
1749 4260 1893 4340 127,
1930 4261 1988 4326 1.
2033 4280 2235 4343 quum

319 4342 574 4411 dicitur:
634 4345 915 4414 Domum
951 4346 1201 4430 frustra
1263 4345 1608 4430 aedificari,
1670 4366 1862 4430 quom
1917 4342 2238 4411 Dominus

317 4449 429 4530 ⁸9¹²
467 4432 911 4533 αοᾱίβωιζεήι,
966 4452 1098 4498 non
1143 4432 1941 4534 parietum-lignorumve
1984 4439 2100 4531 aut
2139 4430 2233 4496 la-

319 4515 1231 4684 fisszmssatffizssffffffi‘
1254 4515 2233 4683 ffl‘fflfftffztffifflffi

320 4707 501 4769 quam
543 4690 673 4756 sibi
714 4690 1013 4756 homines
1055 4687 1375 4775 augendis
1415 4689 1682 4756 familiis
1720 4688 1949 4773 opibus
1981 4696 2049 4754 et
2091 4687 2233 4774 dig-

323 4772 623 4843 nitatibus
665 4775 904 4842 intenti
949 4776 1211 4855 frustra,
1264 4774 1404 4842 sine
1445 4775 1574 4841 Dei
1618 4774 1882 4851 auxilio,
1925 4773 2233 4858 pollicen-

325 4865 443 4923 tur.
539 4859 758 4944 Atque
823 4861 893 4926 in
971 4860 1315 4946 scripturis
1379 4862 1540 4929 haec
1611 4859 1913 4945 loquendi
1979 4859 2235 4944 phrasis

323 4946 595 5011 occurrit
649 4966 759 5012 sae
843 4997 860 5026 ,
903 4946 1123 5013 Deum
1168 4946 1508 5013 aedificare
1543 4946 1826 5025 domum,
1881 4966 2085 5030 quum
2142 4947 2237 5012 ita

329 5028 526 5096 servis
582 5033 718 5098 suis
760 4966 1114 5111 ffinedicit,
1168 5041 1244 5098 ut
1292 5040 1431 5099 tam
1484 5032 1809 5117 corporeis
1864 5033 2005 5098 eius
2050 5031 2235 5100 donis

326 5131 509 5194 quam
551 5117 998 5202 spiritualibus
1041 5125 1406 5203 augeantur
1424 5127 1492 5183 et
1531 5118 2022 5218 locupletentur.
2068 5116 2233 5200 Qui-

328 5195 439 5265 bus
500 5200 803 5270 docsmur
859 5225 992 5269 non
1047 5202 1179 5269 nisi
1234 5202 1361 5269 Dei
1427 5202 1828 5290 benignitate
1884 5211 1951 5269 et
2013 5204 2233 5271 favore

521 5303 737 5360 Calvino·
759 5320 943 5376 opera.
991 5302 1112 5365 Vol.
1136 5300 1368 5364 ΧΧΠ.

1680 306 1782 374 IN
1818 305 1874 375 1.
1919 307 2098 374 LIB.
2145 305 2546 375 SAMUEL.
2588 304 2785 373 OAP.
2830 304 2918 373 11.

4148 309 4281 377 370

2346 493 2646 561 homines
2726 492 2833 560 vel
2907 491 2989 558 ad
3056 515 3346 563 summos
3419 496 3700 564 honores
3775 503 3842 566 et
3919 497 4270 584 dignitates

2344 579 2556 658 evehi,
2599 578 2704 645 vel
2747 576 2995 646 divitiis
3035 590 3102 648 et
3142 581 3373 665 opibus
3416 581 3770 669 abundare,
3811 582 3964 652 licet
4005 584 4108 651 vel
4151 606 4276 652 sua

2344 664 2670 731 industria
2709 673 2778 731 et
2819 665 3055 747 labore,
3114 668 3223 734 vel
3265 669 3464 734 etiam
3522 689 3676 737 casu
3720 680 3785 735 et
3827 671 4096 738 fortuna
4182 671 4272 736 le-

2344 771 2491 816 rum
2541 772 2622 817 ue
2665 750 3013 817 videantur
3053 751 3169 819 illa
3208 756 3610 838 consequuti.
3677 754 3838 823 Sola
3877 757 4096 839 itaque
4207 755 4273 823 ei

2343 836 2508 902 bene
2555 837 2788 903 ictione
2850 837 2981 904 ista
3041 839 3417 923 contingere
3483 840 3820 907 sciendum
3883 852 4017 920 est,
4094 841 4267 926 quod

2341 922 2525 988 Deus
2568 923 2636 988 iu
2672 943 2899 988 omnes
2930 944 3038 989 res
3070 937 3317 992 creatas
3351 925 3702 1009 imperium
3738 926 4047 1006 obtineat,
4082 929 4268 994 cuius

2340 1007 2792 1159 ἕέῗιέἱὲξῗῗέ
2822 1009 4268 1183 31¹3?ssiimiffldiulffiibfflqffioiffi‘

2340 1178 2525 1246 chiae
2583 1188 2649 1245 et
2702 1187 2915 1246 status
2964 1180 3331 1267 quicunque
3389 1182 3792 1261 validissimi,
3854 1193 4071 1250 tamen
4129 1203 4266 1250 cor-

2342 1264 2631 1332 ruituros
2674 1273 2740 1332 et
2781 1265 2849 1330 in
2895 1264 3170 1332 nihilum
3225 1265 3630 1350 redigendos,
3682 1268 3933 1353 quoties
3982 1270 4121 1338 Deo
4164 1270 4269 1336 vi-

2341 1349 2619 1428 debitur,
2698 1350 2827 1418 nisi
2902 1371 3105 1418 manu
3182 1360 3250 1417 et
3322 1351 3547 1420 favore
3614 1353 3822 1439 ipsius
3900 1355 4267 1422 fulciantur.

2342 1434 2783 1518 Quamobrem
2806 1448 3113 1520 parentes
3146 1437 3368 1505 liberis
3401 1439 3625 1507 domos
3660 1439 4074 1507 aedificantes
4107 1441 4268 1509 haec

2341 1522 2553 1590 iacere
2597 1521 3040 1602 fundamenta,
3098 1522 3457 1607 liberosque
3511 1547 3662 1593 suos
3715 1526 3940 1591 eadem
3994 1526 4266 1595 edocere

2340 1608 3664 1778 zssngi.0¹x:sazzi:.zsffisc
3692 1611 3976 1765 ιι.
3993 1612 4266 1766 ιιι

2338 1779 2639 1845 sacerdos
2698 1778 3148 1846 ambulaturus
3206 1778 3461 1862 dicitur,
3519 1781 3588 1846 id
3639 1790 3759 1861 est,
3816 1803 4034 1850 coram
4093 1805 4265 1870 rege,

2335 1865 2449 1948 qui
2495 1865 2759 1930 Domini
2803 1866 2985 1930 iussu
3027 1865 3403 1950 inungetur.
3491 1867 3677 1934 Tunc
3721 1890 3874 1935 vero
3933 1869 4266 1953 temporis,

2338 1948 2561 2016 nullus
2613 1949 2826 2016 adhuc
2881 1951 2948 2015 in
2997 1950 3239 2018 Israele
3294 1952 3540 2036 regiam
3585 1952 3971 2038 dignitatem
4012 1955 4264 2022 obtine·

2336 2033 2479 2100 bat:
2514 2036 2637 2102 etsi
2673 2035 2848 2120 regis
2882 2036 3142 2119 quidem
3177 2056 3217 2101 a
3264 2036 3348 2102 ud
3373 2038 3598 2104 Mosen
3637 2038 3855 2123 aliqua
3887 2040 3967 2106 fit
3986 2042 4270 2109 mentio:

2335 2141 2569 2187 verum
2610 2130 2831 2187 tamen
2876 2120 3098 2187 nullus
3130 2121 3210 2187 ad
3262 2144 3341 2189 uc
3381 2123 3463 2188 ad
3489 2121 3814 2190 Samuelis
3857 2146 4059 2210 usque
4102 2138 4266 2193 tem-

2335 2226 2498 2289 pora
2541 2227 2658 2271 rex
2701 2207 2921 2273 fuerat
2962 2207 3031 2272 in
3054 2207 3317 2288 Israele,
3359 2208 3471 2275 sed
3515 2209 3658 2275 sine
3702 2230 3856 2295 rege
3898 2210 4264 2296 respublica

2335 2291 2685 2359 israelitica
2741 2291 2957 2358 fuerat
3011 2292 3486 2360 administrata.
3575 2293 3755 2377 Quin
3812 2303 3882 2362 et
3941 2297 4104 2363 illud
4149 2297 4265 2365 ob-

2335 2378 2757 2454 servandum,
2815 2399 2899 2444 ne
2945 2376 3167 2451 Saulis
3222 2378 3482 2463 quidem
3538 2400 3817 2465 regnum
3859 2382 4060 2451 fuisse
4101 2382 4265 2471 legi-

2337 2463 2593 2543 timum,
2637 2464 2758 2529 etsi
2805 2463 3112 2547 populum
3147 2466 3285 2531 suis
3317 2464 3568 2550 legibus
3603 2468 3791 2547 rexit,
3833 2478 3900 2533 et
3932 2467 4264 2536 subditum

2338 2568 2415 2614 ac
2477 2549 2940 2633 obsequentem
3002 2549 3265 2632 habuit,
3331 2552 3472 2636 ipse
3535 2572 3575 2616 a
3640 2550 3945 2619 Samuele
4008 2565 4263 2623 unctus.

2338 2634 2589 2700 Verum
2646 2645 2867 2700 tamen
2925 2632 3099 2701 haud
3158 2636 3302 2702 Deo
3355 2635 3604 2720 placuit
3661 2639 3979 2706 eiusmodi
4043 2639 4267 2708 Saulis

2337 2719 2584 2799 electio,
2643 2740 2809 2805 quae
2866 2721 3178 2786 nimirum
3221 2740 3262 2785 a
3313 2721 3648 2804 seditione,
3703 2745 3831 2789 non
3891 2734 4267 2810 exspectato

2336 2806 2463 2872 Dei
2503 2806 2704 2883 iussu,
2746 2815 3065 2889 coeperat.
3151 2806 3322 2882 Nam
3376 2816 3568 2874 antea
3620 2806 3881 2893 quidem
3927 2811 4106 2877 Deus
4162 2834 4267 2880 re·

2336 2912 2483 2976 gem
2528 2891 2762 2958 Israeli
2805 2890 3179 2972 destinarat,
3242 2891 3356 2959 sed
3401 2892 3911 2976 exspectandum
3967 2905 4111 2962 erat
4149 2917 4266 2982 po·
4329 2893 4336 2898 ’

2337 2975 2491 3061 pulo
2547 2976 2703 3043 dum
2760 2978 2900 3061 ipse
2942 2976 3129 3044 Deus
3184 2999 3403 3065 regem
3465 2978 3670 3056 daret,
3734 3000 3863 3045 non
3908 2979 4110 3064 ipsius
4152 2982 4264 3048 de·

2335 3071 2585 3129 cretum
2629 3063 3004 3146 importuna
3040 3064 3127 3128 fla
3175 3063 3441 3130 ‘tatione
3475 3064 4048 3148 praeveniendum.
4116 3067 4265 3134 Pri·

2334 3169 2487 3214 mus
2528 3148 2749 3232 itaque
2791 3170 2910 3214 rex
2952 3148 3134 3215 Israe
3161 3149 3217 3215 is
3261 3150 3387 3216 fuit
3418 3149 3660 3228 David,
3708 3149 3960 3217 Christi
3997 3152 4265 3220 Domini

2337 3234 2545 3300 nostri
2598 3234 2832 3319 figura.
2918 3232 3141 3316 Quare
3197 3255 3397 3319 quum
3458 3235 3699 3302 dicitur
3757 3235 4058 3304 sacerdos
4110 3248 4264 3305 aute

2335 3318 2681 3385 Christum
2766 3318 3253 3405 ambulaturus,
3335 3318 3417 3386 ad
3497 3328 3753 3404 tempus
3829 3322 4259 3391 sacerdotium

2335 3403 2771 3473 exercendum
2813 3404 3105 3490 docetur,
3154 3407 3263 3471 cui
3316 3406 3516 3470 finem
3560 3417 3732 3471 esset
3772 3408 4010 3473 summi
4054 3430 4265 3478 sacer-

2324 3490 2505 3574 dotis
2548 3489 2800 3557 Christi
2841 3492 2912 3556 in
2955 3511 3212 3557 carnem
3273 3489 3595 3558 adventus
3638 3491 4082 3575 impositurus,
4136 3516 4261 3580 quo

2335 3582 2629 3660 tempore
2670 3598 2858 3642 suam
2901 3575 3359 3661 perfectionem
3417 3575 3688 3643 ecclesia
3742 3590 4261 3663 consequeretur.

2338 3665 2429 3726 Ac
2491 3661 2762 3746 proinde
2824 3682 2956 3727 non
3020 3659 3286 3727 dubium
3350 3661 3509 3746 quin
3576 3660 3892 3746 propheta
3943 3664 4047 3731 hic
4102 3665 4261 3733 Heli

2337 3746 2675 3831 alloquens
2716 3747 3021 3813 indicarit
3063 3746 3199 3812 fore
3240 3747 3671 3813 sacerdotium
3717 3759 4261 3834 momentaneum,

2337 3833 2465 3900 etsi
2506 3834 2579 3898 in
2620 3833 2824 3917 ipsius
2867 3830 3114 3898 familia
3147 3831 3577 3915 perdurasset.
3624 3832 3814 3901 doceo
3847 3855 4032 3901 suam
4068 3837 4265 3905 eccle-

2336 3919 2501 3985 siam
2545 3917 2628 3983 ad
2673 3918 2942 4003 gloriam
2988 3925 3054 3983 et
3095 3917 3468 3984 felicitatem
3515 3917 3841 3985 duxisset:
3885 3941 4068 4003 quae,
4112 3923 4265 3990 licet

2336 4005 2478 4088 ipse
2521 4004 2827 4071 Christus
2868 4005 2936 4068 in
2994 4024 3189 4071 carne
3250 4002 3518 4069 veniens
3576 4024 3709 4069 non
3767 4005 3998 4072 fuisset
4053 4008 4261 4075 factus

2336 4091 2738 4175 conspicuus,
2782 4097 3006 4155 tamen
3047 4095 3191 4156 erat
3245 4088 3580 4155 ecclesiam
3636 4088 4062 4171 illustratura,
4119 4093 4263 4178 ipso

2337 4197 2481 4243 sese
2539 4174 3063 4260 conspiciendum
3122 4174 3190 4239 in
3251 4173 3526 4240 Davidis
3589 4183 3656 4239 et
3709 4175 3984 4242 aliorum
4047 4178 4262 4278 figura

2337 4260 2707 4345 praebente.
2795 4261 2975 4327 Dicit
3029 4261 3247 4343 itaque
3300 4259 3615 4343 propbeta
3657 4260 3815 4326 Heli
3857 4270 4011 4327 tunc
4053 4285 4113 4327 ei
4155 4282 4260 4328 sa-

2335 4346 2696 4414 cerdotium
2753 4344 3189 4425 adimendum,
3245 4365 3443 4428 quum
3487 4344 3672 4411 Deus
3714 4345 3855 4431 ipse
3899 4346 4101 4413 veluti
4145 4370 4261 4416 ve·

2335 4431 2571 4498 xillum
2634 4432 2863 4498 salutis
2928 4430 3257 4512 extulerit,
3321 4451 3396 4496 ac
3460 4451 3602 4497 sese
3664 4452 3794 4496 non
3860 4431 4100 4499 frustra
4156 4453 4259 4500 re·

2337 4518 2736 4602 demptorem
2784 4538 2924 4583 esse
2957 4516 3315 4601 pollicitum
3355 4535 3426 4580 re
3459 4516 3601 4599 ipsa
3634 4516 4028 4602 patefecerit,
4062 4538 4260 4603 seque

2334 4624 2614 4688 regnare
2657 4602 2824 4669 velle
2882 4600 3262 4669 ostenderit.
3349 4600 3698 4668 Caeterum
3763 4601 4260 4683 observandum,

2335 4699 2612 4773 sequuta
2666 4710 2808 4755 esse
2852 4687 3224 4756 Solomonis
3279 4698 3553 4753 mortem
3611 4693 3904 4771 tempora
3959 4687 4261 4770 infelicia,

2335 4796 2572 4859 nempe
2605 4774 2806 4841 totius
2840 4774 3062 4859 populi
3099 4771 3504 4860 divisionem,
3541 4771 3759 4839 decem
3795 4771 3928 4840 illis
3960 4774 4260 4842 tribubus

2333 4883 2376 4927 a
2419 4859 2699 4926 Davidis
2742 4859 2932 4927 domo
2975 4857 3454 4926 deficientibus:
3520 4878 3594 4924 ac
3638 4857 3912 4940 proinde
3953 4859 4023 4923 in
4070 4857 4258 4926 Solo-

2333 4967 2549 5027 mone,
2594 4967 2726 5012 non
2766 4946 2837 5012 in
2881 4944 3237 5023 Roboamo,
3292 4964 3423 5008 non
3483 4941 3758 5026 denique
3801 4942 3871 5007 in
3916 4942 4061 5010 aliis
4103 4944 4259 5014 ullis

2333 5054 2375 5100 a
2416 5031 2675 5100 Davide
2716 5032 2978 5117 regibus
3018 5028 3309 5097 oriundis
3352 5026 3537 5094 nobis
3578 5025 4091 5116 subsistendum,
4140 5030 4260 5098 sed

2331 5118 2455 5185 sub
2498 5127 2651 5204 typo
2691 5127 2762 5185 et
2802 5119 3012 5202 figura
3069 5115 3410 5182 veritatem
3476 5111 3914 5200 quaerendam
3971 5123 4038 5181 et
4078 5137 4255 5183 com·

2333 5202 2891 5291 prehendendam:
2935 5199 3207 5288 perinde
3261 5220 3336 5266 ac
3393 5199 3449 5267 si
3501 5200 3587 5267 sit
3625 5198 3861 5266 horum
3905 5200 4259 5271 verborum.
