5059 6059
718 331 852 401 879

722 531 959 594 nostra
1021 522 1237 590 salute
1281 521 1618 590 videbitur
1670 523 2012 589 hominum
2069 523 2376 608 opinione
2431 523 2688 591 concla-

655 613 667 626 ‘
724 621 1002 679 matum.
1092 609 1280 674 ‘l'unc
1332 609 1518 673 enim
1575 609 2087 694 promissionum
2133 610 2508 675 divinarum
2553 609 2690 676 vir-

725 706 934 764 tutem
995 702 1065 759 et
1123 694 1483 761 efficaciam
1537 714 1697 760 vere
1761 695 1939 778 perci
1987 697 2193 775 imus,
2260 715 2465 779 quum
2511 695 2691 761 itlius

725 781 899 849 ratis
945 779 1136 846 nobis
1192 779 1447 846 oeculta
1491 790 1612 861 est,
1672 788 1740 845 et
1799 716 2229 847 nihifeminus
2290 779 2418 845 fide
2461 801 2693 847 omnes

727 857 1158 934 difficultates
1193 885 1611 949 superamus.
1657 865 1834 932 Nam
1870 866 2182 950 quamdiu
2206 865 2392 932 Deus
2431 886 2508 930 re
2549 868 2691 949 ipsa

724 953 834 1021 sui
875 951 1130 1019 favoris
1172 953 1365 1035 signa
1410 950 1599 1017 nobis
1641 951 1948 1030 ostendit,
1993 959 2062 1017 et
2087 953 2254 1018 votis
2289 954 2531 1018 nostris
2572 973 2689 1017 an-

723 1040 888 1119 uuit,
936 1038 1048 1104 vix
1093 1038 1422 1104 sentimus
1453 1037 1590 1102 vim
1633 1036 1819 1102 illam
1865 1037 2242 1102 divinarum
2286 1036 2491 1121 ipsius
2536 1056 2687 1121 pro·

723 1124 1152 1276 Rissiggum:
1199 1121 1607 1274 quedlgtgile
1650 1123 1742 1223 sit
1771 1132 1961 1273 ἕζεο,
2007 1124 2413 1274 rgggstputa
2456 1143 2693 1224 secuu-

827 1261 843 1289 ,
997 1228 1210 1275 umam
1269 1230 1338 1273 m
1543 1228 1609 1273 m
1664 1229 1769 1276 rac
1841 1229 1929 1275 re.
2240 1230 2352 1274 um
2400 1228 2689 1274 maxime

726 1296 998 1363 divinae
1056 1294 1532 1378 promissiones
1587 1294 1726 1359 vim
1774 1313 1959 1359 suam
2006 1295 2074 1359 in
2120 1295 2310 1361 nobis
2354 1303 2689 1373 exserunt,

725 1402 930 1466 quum
982 1381 1162 1445 omni
1209 1378 1498 1444 humana
1546 1399 1671 1463 ope
1715 1379 2054 1446 destitutis
2097 1399 2481 1465 quoeunque
2536 1400 2688 1446 ocu-

723 1468 822 1534 les
869 1475 1233 1546 vertamus,
1297 1463 1482 1531 nulla
1525 1486 1675 1549 spes
1732 1475 2003 1550 apparet
2044 1466 2295 1545 auxilii,
2355 1471 2697 1531 et'omnes

722 1572 838 1619 res
876 1560 1138 1620 creatus
1188 1571 1380 1616 suam
1415 1571 1607 1634 opem
1653 1548 2008 1636 denegant,
2054 1553 2118 1616 in
2159 1572 2417 1618 summo
2461 1550 2693 1617 discri-

722 1639 909 1704 mine
974 1656 1360 1717 versamur,
1433 1651 1748 1720 tanquam
1809 1638 1878 1702 in
1939 1638 2147 1721 ipsius
2201 1638 2337 1703 orei
2396 1638 2693 1703 faucibus

726 1723 957 1802 simus,
1007 1734 1185 1801 tune,
1234 1724 1532 1805 inquam,
1577 1721 1846 1788 divinae
1880 1724 2343 1806 promissiones
2383 1723 2455 1787 in
2502 1722 2693 1788 nobis

724 1811 864 1876 vim
916 1828 1108 1875 suam
1152 1816 1512 1873 exserunt:
1572 1808 1664 1873 Bt
1706 1829 1868 1875 sane
1925 1808 2073 1874 illas
2116 1815 2376 1893 oportet
2418 1829 2457 1874 a
2501 1808 2695 1874 nobis

725 1896 970 1962 assumi
996 1894 1318 1960 adversus
1342 1893 1674 1977 quaslibet
1695 1895 2111 1975 tentationes,
2153 1904 2469 1977 tanquam
2508 1913 2695 1959 arma

722 1980 1024 2046 omnium
1078 1982 1334 2065 optima
1392 1990 1464 2044 et
1509 1979 1864 2046 tutissima.
1952 1980 2090 2046 Nos
2145 1980 2372 2062 itaque
2411 1979 2699 2045 Davidis

723 2066 1099 2151 exemplum
1149 2066 1412 2148 sequuti
1458 2066 1526 2130 in
1551 2064 1694 2130 Dei·
1730 2065 2197 2149 promissiones
2241 2066 2695 2150 respiciamus,

724 2165 796 2218 et
838 2152 905 2218 in
953 2152 1086 2217 illis
1134 2152 1254 2216 toti
1303 2150 1730 2217 haereamus:
1778 2152 2079 2235 persuasi
2115 2172 2234 2222 nos
2271 2152 2484 2235 ipsum
2532 2171 2696 2235 pure

722 2239 1130 2316 invocantes,
1191 2245 1266 2301 et
1323 2257 1406 2302 ex
1468 2238 1692 2302 animo
1748 2237 2057 2316 colentes,
2116 2247 2184 2303 et
2240 2237 2446 2322 ipsius
2491 2237 2697 2303 verbo

721 2324 1157 2408 obsequentes
1202 2342 1546 2405 nunquam
1594 2321 2013 2402 deserendos,
2058 2322 2171 2390 sed
2212 2323 2418 2406 ipsius
2447 2324 2696 2388 auxilio

721 2409 1076 2485 iuvandos,
1154 2427 1560 2491 causamque
1639 2417 1936 2473 nostram
2003 2409 2324 2475 adversus
2388 2408 2695 2475 inimicos

725 2493 1229 2560 defendendam.
1319 2492 1651 2560 Hostibus
1711 2493 1734 2558 i
1788 2495 1920 2558 ‘tur
1974 2504 2370 2580 arroganter
2425 2513 2570 2560 sese
2628 2503 2697 2559 et

722 2579 1094 2645 insolenter
1127 2578 1575 2656 efferentibus,
1623 2587 1690 2646 et
1726 2514 1871 2644 fin
1904 2599 2200 2664 quaeque
2264 2580 2692 2659 minantibus,

724 2674 802 2730 ut
845 2665 928 2730 ad
974 2664 1271 2748 ipsorum
1321 2665 1542 2731 minas
1575 2673 1646 2731 et
1679 2673 1996 2730 terrorem
2023 2667 2137 2732 vix
2160 2665 2418 2731 hiscere
2453 2664 2695 2731 audea-

725 2771 895 2830 mus,
955 2750 1014 2816 si
1058 2750 1283 2815 animo
1345 2751 1555 2815 fixum
1599 2749 1784 2816 istud
1828 2750 2138 2830 haeserit,
2196 2750 2415 2817 Deum
2461 2750 2698 2817 nihilo-

724 2836 956 2902 minus
998 2855 1144 2902 esse
1190 2855 1520 2915 ver-seem,
1582 2837 1870 2919 profecto
1911 2837 2222 2923 cogitatio
2265 2837 2382 2903 illa
2427 2836 2703 2904 divinae

727 2920 1027 2990 veritatis
1071 2922 1199 2986 erit
1247 2922 1625 2987 tutissimus
1670 2922 1946 3006 elypeus
1989 2922 2070 2988 ad
2118 2943 2346 2988 omnes
2403 2921 2694 2989 hostium

724 3008 896 3074 ictus
941 3005 1376 3091 excipiendos
1423 3016 1489 3074 et
1533 3006 2005 3090 retundendos,
2050 3009 2221 3093 quod
2267 3007 2488 3074 Deum
2538 3008 2696 3074 fide-

723 3093 858 3160 lem
900 3112 1048 3160 ems
1091 3093 1400 3172 nmmos,
1460 3102 1530 3158 et
1586 3094 1810 3178 ipsum
1850 3093 2315 3162 invocantibus
2359 3115 2404 3160 n

725 3179 970 3258 deesse,
1030 3198 1351 3262 spemque
1409 3178 1707 3279 ipsorum
1771 3199 2104 3263 uunquam
2151 3181 2475 3246 stusmri.
2577 3178 2697 3248 So·

724 3266 958 3416 ηυξ
998 3263 1238 3365 deinde
1271 3263 1556 3416 Qffl⁹
1595 3264 1969 3416 ‘mfiarffi
2010 3266 2199 3415 aettio,
2229 3265 2327 3416 ἇὶε
2371 3265 2705 3417 qugifltxi:

726 3371 768 3417 a
1000 3370 1144 3416 suis
1204 3369 1386 3433 pree:
1535 3370 1737 3434 :qua
1793 3370 1831 3433 q
2021 3371 2179 3418 ane
2272 3372 2417 3418 ocni
2462 3371 2538 3417 eo

723 3446 975 3515 matur,
1027 3455 1188 3502 nem
1278 3487 1294 3516 ‚
1338 3435 1500 3503 licet
1546 3456 1792 3501 causae
1833 3447 2104 3503 nostrae
2144 3436 2437 3503 bonitate
2479 3439 2701 3513 fretos,

727 3533 952 3587 tamen
1015 3521 1098 3587 ad
1237 3539 1392 3587 eum
1458 3541 1612 3588 eum
1672 3520 2053 3588 humilitate
2112 3524 2467 3609 confugere
2512 3544 2702 3608 opor-

727 3614 901 3673 tere:
948 3605 1141 3691 quod·
1216 3628 1326 3673 ars
1363 3609 1455 3673 sit
1477 3606 1706 3672 cultus
1744 3606 1924 3674 iliius
1961 3628 2155 3691 quem
2195 3610 2323 3693 ipsi
2370 3607 2701 3675 debemus.

728 3692 872 3760 Nos
912 3692 1134 3776 itaque
1169 3627 1335 3759 {ieet
1382 3713 1650 3759 eausam
1711 3692 1955 3759 iuswm
2005 3713 2296 3778 agamus,
2356 3703 2424 3760 st
2463 3694 2551 3761 ab
2592 3694 2705 3760 ho·

727 3777 1018 3845 minibus
1082 3778 1504 3879 reiieiamur&
1550 3778 1635 3843 ad
1695 3777 1917 3844 Deum
1985 3781 2461 3865 confugiamus,
2527 3799 2707 3846 eum·

732 3863 1312 4015 ffiufflffffl
1367 3875 1550 4014 32¹ss
1603 3875 2104 4033 22⁶...00'22223413‘
2129 3876 2707 4031 ,Ξέῗέἰοᾷἶῗὲῗεῗ

732 4034 847 4102 sed
895 4055 979 4100 ex
1024 4033 1232 4100 animi
1267 4034 1692 4101 vehementia
1727 4045 1798 4101 et
1840 4036 2116 4102 ardore:
2156 4036 2328 4120 quod
2356 4037 2440 4101 de
2473 4059 2546 4103 se
2570 4037 2703 4103 Da»-

731 4119 854 4190 vid
894 4121 1258 4204 praedicat,
1307 4140 1510 4204 quum
1549 4122 1644 4186 ait
1678 4141 1834 4187 suos
1880 4141 2215 4188 sermones
2259 4142 2299 4187 a
2322 4124 2465 4190 Deo
2504 4144 2704 4188 exau·

738 4207 945 4273 ditos:
1005 4205 1178 4290 quod
1224 4226 1358 4271 non
1423 4206 1891 4292 perfunctorie,
1951 4218 2070 4274 aut
2128 4229 2209 4274 ex
2255 4229 2455 4286 more,
2502 4209 2709 4275 semel

738 4300 937 4376 atque
982 4293 1226 4358 iterum
1271 4291 1498 4357 Deum
1540 4291 1932 4377 invocasset,
1993 4294 2105 4359 sed
2170 4294 2454 4360 assiduis
2497 4295 2707 4378 presi·

737 4379 868 4448 bus
908 4377 1356 4458 sollicitasset,
1402 4386 1468 4442 st
1492 4376 1752 4443 ardenti
1777 4379 1982 4444 animi
2007 4380 2244 4458 studio,
2292 4380 2498 4445 donec
2520 4379 2711 4446 Deus

740 4483 818 4528 re
865 4464 1008 4547 ipsa
1079 4464 1503 4548 patefecisset
1569 4484 1641 4530 se
1707 4462 1918 4547 ipsias
1974 4485 2204 4550 preses
2267 4467 2708 4532 exaudivisse.

741 4548 1152 4632 Usurpanda
1203 4549 1418 4632 igitur
1469 4548 1634 4616 haee
1677 4548 1997 4630 doctrina,
2058 4560 2124 4616 et
2165 4572 2316 4635 spes
2360 4561 2428 4618 et
2469 4550 2712 4617 fiducia

745 4644 973 4700 nostra
1018 4636 1088 4699 in
1132 4634 1281 4700 Deo
1347 4635 1745 4720 reponenda,
1803 4644 1879 4701 ut
1937 4657 2084 4701 enm
2132 4638 2417 4704 sciamus
2476 4659 2596 4703 nos
2640 4639 2711 4702 in

745 4720 1125 4786 elientelam
1178 4741 1366 4787 suam
1426 4723 1738 4805 resipere,
1799 4730 2233 4806 nostrumque
2307 4733 2711 4788 servatorem

745 4825 925 4871 esse:
1004 4804 1120 4871 sed
1185 4807 1493 4872 vicissim*
1541 4807 1714 4873 velle
1768 4827 1809 4873 a
1867 4807 2058 4872 nobis
2115 4809 2442 4888 invocari,
2519 4809 2715 4892 eique

746 4985 1044 5043 nostram
1092 4975 1523 5060 deponamus,
1570 4979 1854 5062 eiusque
1887 4979 2338 5045 misericordia
2380 5000 2501 5045 nos
2539 4980 2713 5044 indi·

745 5083 901 5148 gere
961 5061 1354 5129 sentiamus.
1458 5063 1634 5128 Nam
1692 5066 1818 5129 etsi
1901 5085 2102 5131 eausa
2169 5086 2364 5148 quam
2425 5064 2717 5131 defendi·

743 5168 896 5214 mus
935 5148 1112 5214 iusta
1145 5159 1266 5223 est,
1314 5149 1747 5216 nihilominus
1781 5149 2006 5215 miseri
2042 5171 2276 5217 sumus
2518 5161 2713 5230 tores,

744 5242 818 5301 et
857 5233 1090 5301 multis
1133 5234 1322 5302 vitiis
1354 5255 1584 5302 ceram
1601 5234 1752 5303 Deo
1791 5236 2051 5316 foedati,
2091 5258 2169 5304 ae
2213 5236 2485 5322 proinde
2519 5257 2710 5321 prae-

2361 333 2775 402 HOMILIA
2826 331 3089 400 XCIII.
4605 333 4717 400 580

2792 521 3029 622 sidium
3077 519 3365 589 unicum‘
3396 533 3695 589 nostrum
3738 522 3810 587 in
3868 522 4172 605 precibus
4211 533 4275 588 et
4335 523 4726 590 orationibus

2940 617 3079 671 tum
3117 609 3238 673 aio.

2793 626 2935 691 pom
2967 692 3159 775 Quod
3208 713 3364 759 vero
3408 691 3624 758 David
3685 694 4106 776 conqueritur
4160 713 4235 759 eo
4291 693 4438 760 loco
4482 702 4733 761 exteros

2793 778 2862 843 in
2908 799 2978 845 se
3038 780 3500 859 insurrexisse,
3556 790 3625 845 et
3677 779 4005 846 violentes
4064 779 4265 844 vitam
4312 799 4503 846 suam
4548 799 4733 862 quae-

2794 884 2960 943 rere,
3009 885 3141 929 non
3186 874 3286 930 est
3328 863 3833 967 intelligendum
3871 865 3955 930 de
3989 863 4388 946 Philistaeis,
4435 873 4561 930 aut
4602 867 4739 933 aliis

2795 949 3021 1034 populi
3064 949 3194 1015 Dei
3252 951 3608 1018 coniuratis
3657 950 3958 1051 hostibus
4017 971 4059 1015 a
4113 951 4349 1034 quibus
4409 963 4571 1016 tunc
4616 971 4735 1018 nou

2792 1034 3142 1187 3:333&ss
3150 1084 3184 1190 ‹i›
3222 1035 4741 1206 ffiffssssfflissssssffdp‘ssssffifffiffffi

2794 1221 3123 1288 careatur,
3167 1210 3233 1286 ii,
3279 1208 3567 1290 inquam,
3614 1230 3695 1273 ex
3733 1206 3995 1274 Iudaeis
4041 1210 4151 1290 qui
4187 1228 4335 1273 cum
4374 1208 4741 1275 SauleDs·

2793 1292 3016 1358 videm
3086 1292 3686 1376 persequebantur:
3752 1313 3967 1377 neque
4032 1294 4315 1359 filiorum
4376 1293 4742 1359 Abrahami

2794 1378 3063 1443 nomine
3106 1380 3372 1464 gloriari
3420 1390 3743 1463 poterant,
3801 1378 3972 1462 quod
4018 1379 4099 1445 ab
4154 1382 4296 1463 ipso
4346 1399 4473 1446 sua
4516 1380 4745 1446 crude-

2794 1462 2983 1529 litate
3007 1463 3537 1548 degenerassent,
3584 1477 3652 1530 et
3685 1465 3891 1531 foedis
3913 1466 4307 1531 facinoribus
4327 1485 4405 1531 se
4437 1465 4744 1550 indignos

2796 1551 2997 1632 quiin
3026 1551 3304 1633 posteris
3342 1551 3547 1633 ipsius
3579 1549 3982 1616 haberentur
4015 1551 4473 1617 reddidissent.
4526 1551 4743 1617 David

2796 1636 4091 1788 {tfsszssz‘zzzzszff‘fflxesstg¹²„35:
4122 1637 4578 1807 immi
4612 1657 4749 1788 ἓξῒ

2798 1807 3105 1891 gentibus
3127 1808 3235 1890 qni
3258 1806 3691 1873 christianum
3734 1827 3970 1873 nomen
4018 1809 4285 1889 iactant,
4329 1817 4397 1875 et
4418 1808 4749 1874 erudelius

2799 1892 3350 1977 persequentibus
3407 1913 3603 1977 quam
3664 1893 3790 1976 ipsi
3850 1894 4105 1959 'fureas
4159 1904 4277 1959 ant
4342 1895 4517 1960 aliae
4580 1896 4749 1960 ferse

2799 1980 3114 2056 nationes,
3160 1998 3329 2062 quae
3361 1978 3562 2044 fuerit
3593 1977 3879 2044 Davidis
3911 1978 4199 2045 conditio
4232 1981 4747 2064 meminerimus,

2800 2072 2875 2128 ut
2939 2063 3118 2129 illius
3180 2064 3462 2149 vestigia
3525 2084 3945 2148 premamus,
4034 2074 4101 2130 et
4167 2065 4413 2131 nedum
4482 2067 4748 2132 molest·

2800 2150 2889 2214 sit
2930 2150 3123 2216 nobis
3166 2159 3395 2216 nostra
3437 2150 3757 2216 conditio:
3817 2149 3931 2216 sed
3991 2150 4353 2216 fidelissimi
4400 2151 4535 2217 Dei
4577 2152 4747 2217 servi

2802 2235 3097 2336 vestigia·
3130 2247 3509 2338 sequentes,
3541 2235 3653 2320 qui
3698 2235 3847 2338 fuit·
3868 2236 4043 2301 unici
4088 2234 4221 2301 Dei
4263 2236 4385 2301 filii
4426 2238 4650 2321 figura
4690 2251 4750 2301 et

2800 2341 3039 2472 2³:5⁰·
3054 2329 4751 2507 &30303033205223‘223330‘2022'mffiffi

2801 2493 3200 2558 commoveri
3248 2492 3707 2560 vehementius
3765 2511 3971 2576 quum
4020 2513 4265 2562 nomen
4312 2494 4746 2560 christianum

2801 2579 3221 2661 profitentes,
3290 2578 3648 2661 eodemque
3713 2578 4041 2663 baptismo
4102 2580 4443 2646 nobiseum
4514 2580 4747 2645 initiati

2801 2671 3116 2748 tauquam
3183 2665 3493 2731 efferatae
3557 2662 3817 2729 belluae
3888 2665 3958 2729 in
4026 2673 4319 2730 nostram
4396 2667 4751 2748 perniciem

2801 2750 3198 2833 conspirant,
3243 2759 3312 2817 et
3353 2750 3436 2816 ad
3476 2748 3803 2815 lanienam
3850 2751 4134 2834 rapiunt,
4184 2763 4565 2816 nostrorum
4608 2772 4753 2817 san-

2801 2836 3078 2920 guinem
3126 2838 3456 2903 sitientes:
3508 2835 3620 2901 sed
3668 2835 3937 2900 fortiter
3974 2835 4290 2902 adversus
4332 2837 4607 2902 illorum
4654 2855 4759 2902 rs·

2804 2922 2973 2987 biem
3021 2921 3474 3007 depugnemus
3518 2939 3595 2986 ea
3637 2921 3875 2986 fiducia
3913 2921 4061 2986 freti
4100 2941 4227 3007 qua
4260 2920 4510 2999 David,
4552 2941 4755 3006 quum

2804 3010 2871 3073 in
2912 3007 3280 3074 istiusmodi
3318 3006 3817 3072 difficultatibus
3836 3005 3921 3072 ad
3942 3004 4159 3072 Deum
4183 3007 4504 3091 confugit.
4549 3008 4761 3074 Porro

2806 3101 3067 3159 exteros
3112 3103 3302 3160 vocat
3347 3092 3674 3193 ziphaeos
3715 3090 3956 3172 David,
4016 3113 4150 3158 non
4193 3102 4452 3158 tautum
4494 3105 4763 3177 propter

2805 3177 3264 3245 crudelitatem
3310 3189 3379 3243 et
3421 3178 3905 3243 immanitatem
3949 3179 4263 3262 ipsorum,
4325 3179 4443 3243 sed
4492 3189 4763 3264 propter

2808 3265 3143 3348 ingentem
3190 3267 3481 3349 ipsorum
3526 3262 4040 3341 multitudinem,
4086 3275 4160 3329 ut
4204 3264 4441 3330 merito
4477 3285 4767 3332 eommo-

2809 3351 2952 3415 veri
2999 3351 3183 3416 visus
3214 3351 3320 3416 sit.
3363 3349 3534 3416 Nam
3565 3349 3795 3433 quales
3829 3360 4020 3415 erant
4044 3349 4325 3416 Doridis
4358 3350 4555 3429 vires,
4604 3370 4767 3436 qun

2810 3433 3036 3502 Saulis
3071 3435 3273 3520 copiis
3309 3437 3719 3520 opponeret?
3762 3434 3905 3501 Nae
3939 3436 4153 3519 imper
4181 3449 4326 3500 erat
4347 3455 4469 3501 eon

2808 3521 2949 3588 Nos
2990 3522 3215 3604 itaque
3269 3540 3471 3604 quum
3533 3521 3755 3586 hostes
3813 3530 4077 3604 praeter
4132 3520 4319 3587 illum
4366 3541 4565 3587 suum
4614 3523 4771 3588 bru·

2812 3615 2955 3672 tum
3002 3609 3289 3673 furorem
3335 3617 3407 3671 et
3446 3607 3712 3673 efferam
3768 3606 4243 3672 immanitatem
4288 3626 4419 3690 qna
4464 3608 4775 3675 feruntur

2812 3692 3167 3758 adversum
3229 3712 3350 3758 nos
3406 3694 3605 3758 etiam
3652 3692 3905 3758 viribus
3960 3691 4320 3776 pollebunt,
4379 3693 4627 3775 quibus
4668 3711 4769 3759 re-

2813 3777 3104 3844 sistendo
3161 3777 3448 3861 impares
3502 3777 3864 3856 videamur,
3924 3776 4093 3860 quod
4154 3777 4359 3861 longe
4410 3778 4547 3845 illis
4604 3779 4771 3845 infe—

2813 3865 3023 3930 riores
3068 3863 3319 3931 viribus
3364 3865 3592 3942 simus,
3636 3864 4033 3929 commoveri
4084 3862 4473 3946 turbarique
4530 3866 4773 3931 merite

2815 3970 3176 4035 possemus,
3235 3948 3363 4015 nisi
3421 3969 3808 4032 persuasum
3869 3948 4282 4028 haberemus,
4340 3947 4567 4017 Deum
4628 3951 4771 4016 illus

2768 4067 2769 4084 2
2814 4036 2972 4102 licet
3015 4035 3268 4116 ingenti
3313 4034 3739 4099 multitudine
3783 4035 4164 4117 gloriantes,
4204 4043 4273 4099 et
4318 4035 4613 4102 saevitia
4650 4037 4771 4102 im-

2768 4187 2769 4190 ,
2814 4140 3043 4186 manes
3099 4120 3675 4203 perturbaturum,
3748 4129 3816 4184 et
3873 4140 4069 4203 quam
4126 4119 4441 4186 horrifiea
4495 4124 4591 4187 sit
4644 4121 4771 4189 illis

2812 4207 3021 4291 ipsius
3064 4207 3374 4271 maiestas
3431 4207 3928 4289 patefacturum.
4009 4206 4227 4272 Deum
4283 4206 4499 4290 igitur
4540 4209 4765 4274 timeu-

2813 4314 2981 4369 mus,
3029 4300 3099 4357 et
3138 4311 3357 4358 ceram
3402 4293 3545 4374 ipso
3587 4289 3985 4370 deiieiamns,
4046 4293 4299 4375 ipsique
4342 4293 4767 4358 subiiciamus

2813 4379 3143 4444 humanas
3177 4397 3402 4442 omnes
3446 4378 3643 4457 vires,
3688 4386 3757 4442 et
3799 4377 4160 4460 potentiam
4200 4378 4386 4443 flocci
4433 4379 4762 4454 Mensa

2815 4463 2984 4548 quod
3030 4461 3161 4527 Dei
3219 4462 3532 4528 virtutem
3592 4474 3660 4528 et
3715 4463 4074 4545 potentiam
4132 4464 4445 4529 sufficere
4486 4466 4767 4531 seiamu

2813 4550 2896 4617 ad
2940 4547 3281 4615 terrendos
3326 4547 3579 4613 hostes:
3633 4549 3823 4615 cuius
3867 4548 4007 4614 irae
4046 4557 4113 4614 et
4155 4549 4395 4614 furoris
4438 4559 4634 4616 tanta
4674 4561 4763 4616 est

2770 4717 2771 4720 Ἴ
2817 4637 2939 4713 vis,
2993 4642 3071 4701 ut
3126 4633 3232 4698 vel
3289 4633 3525 4699 umbra
3566 4634 3773 4717 ipsius
3819 4633 4043 4699 hostes
4086 4636 4559 4717 perterrefiant
4604 4638 4767 4721 ipsos

2770 4747 2771 4758 ¹
2816 4721 3001 4789 nullo
3042 4721 3432 4802 insequente
3475 4740 3692 4803 neque
3729 4719 3944 4784 mines
3988 4721 4382 4799 intentante,
4452 4732 4761 4807 tanquam

2770 4857 2771 4898 3
2819 4807 3149 4892 profligati
3197 4806 3635 4891 dissipentur:
3696 4805 4051 4888 divinaque
4108 4808 4407 4891 potentia
4465 4816 4532 4873 et
4578 4809 4761 4873 maie

744 4891 928 4957 hunc
991 4890 1308 4956 honorem
1379 4892 1622 4958 deferri
1681 4901 1757 4958 nt
1815 4893 1885 4957 in
1943 4893 2152 4977 ipsius
2209 4915 2445 4961 manus
2500 4895 2711 4959 vitam

2817 4904 2991 4960 stass
3005 4892 3105 4959 sic
3116 4899 3481 4972 teneantur,
3504 4905 3578 4957 ut
3592 4892 3752 4958 licet
3768 4891 4048 4957 salutem
4062 4892 4363 4975 ipsorum
4378 4911 4767 4977 quaeramus

2817 4989 2887 5045 et
2927 4978 3011 5044 ad
3058 4978 3394 5043 meliorem
3437 4988 3725 5043 mentem
3782 4995 4097 5044 revocare
4146 4978 4328 5061 ipsos
4371 4980 4762 5054 studeamus,

2816 5065 3003 5131 Deus
3044 5075 3269 5129 temen
3314 5071 3570 5128 tantum
3618 5064 3911 5147 ipsorum
3972 5064 4213 5130 animis
4260 5075 4585 5131 terrorem
4630 5067 4761 5131 inii-

2818 5152 2968 5233 ciat,
3027 5159 3107 5214 ut
3164 5149 3338 5213 ultro
3397 5148 3468 5212 iu
3524 5169 3717 5214 suum
3762 5147 4061 5228 exitium,
4120 5149 4309 5216 nullo
4367 5151 4758 5235 insequente,

2816 5235 3207 5321 praecipites
3250 5234 3572 5300 ferantur.
