5059 6059
877 280 999 345 191

2570 275 2978 343 HOMILIA
3023 277 3175 344 LX.
4658 289 4732 354 192

872 477 1128 554 gerunt,
1173 466 1288 533 sed
1323 466 1539 549 potius
1575 472 1798 531 contra
1832 464 2195 531 humanum
2229 487 2495 532 sensum
2542 465 2811 549 impleta
2917 472 3020 537 his
3041 468 3286 536 verbis:
3339 466 3548 548 Quare
3589 467 3844 532 venistis
3875 468 4099 548 paratv·
4139 467 4227 532 ad
4260 467 4595 560 praelium?
4619 493 4739 540 m..

876 568 1048 623 sunt.
1136 554 1464 635 Deinceps
1525 571 1715 635 porro
1772 562 2017 633 quanto
2060 553 2339 636 populus
2384 572 2626 636 pavore
2668 573 2813 635 per-

871 643 1092 708 culsus
1128 640 1214 704 sit
1246 638 1704 720 inspiciamus;
1748 658 1901 702 nam
1945 637 2168 703 hostes
2211 635 2438 703 vident
2481 638 2553 702 in
2596 637 2812 703 media

875 727 1050 792 tribu
1075 724 1275 789 Iudae
1311 731 1802 789 castrametatos
1841 723 2057 803 fuisse,
2102 733 2169 788 et
2188 723 2453 788 interim
2476 743 2617 789 sese
2638 723 2814 788 intra

876 812 1279 879 munitiones
1323 809 1677 876 continent.
1743 808 1916 873 Nam
1959 810 2080 875 etsi
2125 810 2294 874 acies
2337 809 2813 890 instruxerunt,

876 898 1258 982 praeliaturi
1315 915 1462 959 cum
1507 893 1887 960 Philistaeis
1932 896 1987 960 si
2031 897 2383 961 necessitas
2426 914 2540 959 eos
2584 893 2811 977 impel-

876 985 1061 1064 leret,
1118 991 1342 1047 tamen
1384 981 1454 1044 in
1496 989 1715 1044 monte
1757 982 2215 1060 constiterunt,
2260 1001 2387 1046 non
2435 980 2810 1064 aggressuri

878 1072 1097 1136 hostes
1166 1087 1374 1150 neque
1441 1065 1819 1148 praeliaturi
1883 1068 2013 1132 nisi
2072 1067 2296 1133 coacti.
2395 1066 2528 1132 Hic
2588 1064 2813 1131 debuit

876 1154 1161 1241 populus
1198 1151 1718 1217 animadvertere
1742 1151 1869 1216 Dei
1903 1173 2171 1218 manum
2216 1153 2339 1218 sibi
2382 1152 2810 1218 contrariam:

881 1263 1033 1307 nam
1077 1259 1279 1323 quum
1323 1239 1393 1302 in
1436 1247 1621 1302 tanta
1664 1257 1882 1302 rerum
1925 1239 2285 1304 mutatione
2331 1236 2492 1305 Saul
2536 1238 2813 1303 reiectus

881 1335 1073 1404 esset,
1139 1325 1333 1390 etiam
1396 1324 1781 1388 immutatus
1846 1335 1979 1388 est:
2045 1333 2112 1390 et
2177 1344 2293 1408 pro
2357 1323 2637 1406 pristina
2696 1321 2814 1387 illa

882 1411 1421 1496 magnanimitate
1494 1421 1560 1473 et
1636 1408 2021 1475 fortitudine
2096 1429 2295 1492 quam
2360 1418 2697 1491 acceperat
2773 1427 2815 1471 a

879 1498 1187 1575 Domiu0,
1231 1496 1515 1578 ignavus
1551 1504 1618 1559 et
1652 1496 1973 1561 attonitus
2007 1496 2358 1579 obstupuit.
2425 1494 2816 1559 Recesserat

880 1585 1196 1649 nimirum
1241 1583 1321 1646 ab
1364 1580 1506 1663 ipso
1551 1581 1819 1665 spiritus
1865 1581 2165 1647 Domini:
2229 1580 2384 1645 hinc
2426 1579 2537 1644 ille
2581 1589 2812 1656 metus,

882 1670 1036 1736 hinc
1100 1679 1350 1750 stupor,
1417 1678 1764 1749 antequam
1830 1668 1912 1731 ad
1973 1688 2206 1732 manus
2261 1666 2476 1732 adhuc
2543 1676 2813 1731 ventum

883 1764 1085 1822 esset:
1131 1750 1653 1836 quandoquidem
1689 1772 1839 1816 eum
1864 1753 2044 1818 Dens
2078 1753 2194 1817 illa
2228 1749 2609 1817 fortitudine
2649 1772 2816 1833 quae

883 1861 1108 1925 regem
1189 1837 1370 1904 decet
1442 1837 1524 1901 ad
1590 1836 1880 1902 subditos
1945 1835 2256 1905 adversus
2322 1838 2458 1902 vim
2525 1837 2817 1902 hostium

881 1924 1192 1994 tutandos
1251 1932 1318 1988 et
1362 1921 1799 1989 defendendos
1844 1924 2175 2006 spoliarat.
2260 1924 2442 2007 Ergo
2488 1943 2816 2004 quaecun-

878 2033 1004 2098 que
1039 2013 1110 2077 in
1146 2012 1313 2076 bono
1348 2008 1510 2074 duce
1546 2008 2019 2089 desiderantur,
2063 2011 2191 2073 iam
2226 2009 2444 2093 ipsum
2483 2006 2815 2083 deficiunt,

879 2100 993 2166 ubi
1029 2097 1212 2162 Deus
1257 2095 1561 2178 spiritum
1606 2115 1794 2159 suum
1840 2094 1936 2159 illi
1981 2094 2242 2160 ademit.
2312 2094 2420 2159 Ve
2452 2115 2565 2160 um
2611 2093 2817 2158 enim·

885 2208 1040 2251 vero
1072 2180 1347 2266 populus
1385 2180 1670 2246 nondum
1707 2182 1832 2245 ista
1867 2182 2229 2264 perspexit:
2268 2178 2817 2262 quemadmodum

886 2291 1081 2354 saepe
1135 2266 1264 2333 Dei
1317 2265 1555 2332 iudicia
1612 2275 1869 2331 nostros
1923 2267 2141 2332 oculos
2199 2265 2693 2349 perstringunt,
2753 2273 2819 2327 et

886 2357 1167 2439 fugiunt,
1227 2362 1490 2435 propter
1546 2353 1846 2416 innatum
1904 2353 2088 2418 nobis
2146 2363 2499 2435 stuporem,
2556 2370 2683 2432 quo
2741 2350 2817 2414 fit

885 2451 983 2517 ut,
1043 2461 1175 2504 non
1235 2437 1492 2520 quidem
1549 2438 1812 2502 omnino
1853 2437 2060 2504 simus
2100 2437 2363 2504 illorum
2406 2437 2644 2519 ignari,
2701 2433 2815 2499 sed

889 2524 1333 2610 negligentius
1398 2524 1515 2588 illa
1575 2523 2082 2605 perpendamus:
2149 2536 2215 2588 et
2277 2522 2406 2587 Dei
2464 2542 2679 2604 opera,
2744 2520 2817 2584 in

891 2613 1127 2695 quibus
1161 2607 1550 2674 meditandis
1586 2619 1882 2674 nostrum
1928 2609 2220 2676 studium
2265 2608 2581 2675 collocare
2624 2605 2815 2671 debe·

893 2718 1130 2774 remus,
1175 2716 1306 2760 non
1351 2694 1850 2760 consideremus.
1905 2695 2011 2762 Ita
2054 2694 2220 2763 solet
2262 2715 2450 2760 sacra
2493 2693 2817 2775 scriptura

891 2793 1219 2866 stuporem
1279 2780 1617 2844 hominum
1677 2801 1960 2864 carpere,
2018 2801 2218 2864 quum
2263 2781 2375 2857 ait,
2435 2800 2570 2844 non
2614 2777 2815 2844 fuisse

891 2869 1236 2954 diligentes
1280 2867 1349 2930 in
1393 2866 1870 2950 perpendendis
1912 2866 2156 2933 divinis
2198 2866 2513 2950 operibus.
2586 2864 2812 2948 Agno-

891 2975 1145 3022 scamus
1203 2953 1421 3034 itaque
1480 2952 1649 3016 hanc
1706 2952 1892 3020 nobis
1945 2954 2242 3018 innatam
2299 2952 2684 3026 socordiam,
2739 2956 2815 3013 ut

891 3041 1020 3107 Dei
1075 3038 1316 3104 iudicia
1373 3058 1502 3103 non
1562 3038 1749 3103 modo
1792 3061 1922 3104 non
1967 3048 2215 3106 attente
2257 3047 2334 3103 ut
2374 3037 2560 3104 decet
2601 3033 2812 3102 consi-

887 3126 1207 3201 deremus,
1272 3132 1338 3189 et
1389 3145 1470 3188 ex
1528 3123 1612 3188 iis
1671 3124 1754 3189 ad
1810 3125 2086 3190 salutem
2141 3126 2428 3208 aspirare
2487 3135 2555 3189 et
2609 3120 2814 3205 ipsius

884 3214 1050 3278 iram
1089 3220 1379 3275 metuere
1416 3209 1761 3292 discamus,
1812 3211 1925 3277 sed
1960 3221 2188 3278 contra
2223 3217 2491 3292 repente
2525 3208 2813 3283 effluant,

891 3309 958 3364 et
1022 3317 1107 3361 ex
1169 3295 1301 3361 illis
1366 3295 1612 3360 nullam
1678 3297 2026 3362 utilitatem
2084 3296 2536 3381 percipiamus.
2637 3292 2815 3358 Hinc

891 3384 1139 3448 factum
1197 3389 1272 3445 ut
1331 3380 1606 3464 populus
1649 3382 2050 3449 Israeliticus
2104 3405 2238 3449 non
2283 3379 2816 3448 animadverterit

895 3468 1114 3534 Saulis
1148 3475 1479 3549 stuporem
1515 3488 1555 3532 a
1597 3464 1819 3533 divino
1859 3469 2094 3536 iudicio
2137 3486 2435 3534 manare:
2480 3477 2549 3531 et
2588 3483 2815 3529 omnes

895 3553 1366 3635 obstupuerint,
1425 3552 1567 3617 Deo
1626 3554 1777 3619 licet
1833 3577 1959 3620 non
2019 3556 2217 3621 dubia
2259 3555 2450 3638 signa
2491 3548 2814 3617 vindictae

892 3660 1046 3705 suae
1105 3639 1594 3704 demonstrante
1651 3639 1961 3707 adversus
2002 3663 2223 3725 regem
2272 3638 2561 3717 Saulem,
2605 3638 2699 3702 ita
2742 3644 2816 3699 ut

894 3725 1008 3790 illa
1066 3744 1199 3789 non
1251 3731 1404 3788 ante
1447 3727 1916 3807 perspexerint,
1975 3748 2169 3810 quam
2213 3724 2313 3790 illi
2357 3726 2557 3789 alium
2603 3742 2815 3787 surro-

895 3821 1133 3895 gasset.
1219 3810 1533 3892 Magnam
1576 3817 1792 3876 autem
1834 3821 2048 3879 metus
2091 3813 2490 3878 occasionem
2531 3810 2815 3873 oblatam

896 3895 1133 3980 populo
1191 3905 1438 3960 certum
1496 3907 1613 3975 est,
1672 3917 1802 3962 non
1859 3907 2112 3963 tantum
2173 3895 2344 3980 quod
2389 3895 2662 3962 Goliath
2704 3894 2816 3958 ille

897 3984 1084 4068 gigas
1142 3990 1524 4063 provocaret
1566 3983 1896 4048 Israelitas
1949 3984 2031 4049 ad
2088 3983 2423 4068 singulare
2467 3991 2815 4056 certamen,

894 4066 977 4133 ad
1032 4067 1217 4133 cuius
1273 4065 1481 4130 solum
1539 4077 1954 4151 conspectum
2011 4091 2234 4136 omnes
2279 4068 2647 4143 horrebant,
2704 4065 2814 4131 sed

896 4155 1088 4218 etiam
1149 4151 1323 4235 quod
1381 4150 1732 4218 verisimile
1775 4156 1863 4219 sit
1903 4155 2412 4221 Philistaeorum
2455 4153 2814 4217 exercitum

897 4240 1096 4304 fuisse
1179 4238 1816 4320 numerosissimum,
1901 4262 2098 4323 quum
2180 4249 2374 4306 antea
2458 4236 2816 4304 viderimus

896 4325 1289 4390 Philistaeos
1367 4325 1433 4387 in
1515 4324 1806 4390 exercitu
1885 4327 2186 4392 habuisse
2261 4324 2535 4409 triginta
2611 4323 2817 4387 millia

896 4430 1229 4484 curruum,
1276 4417 1342 4473 et
1384 4431 1499 4475 sex
1543 4409 1749 4475 millia
1792 4413 2100 4494 equitum,
2143 4411 2393 4496 pedites
2436 4430 2590 4476 vero
2633 4417 2816 4472 tanta

895 4495 1317 4561 multitudine
1371 4504 1448 4559 ut
1505 4505 1721 4560 essent
1780 4499 1947 4562 sicut
2002 4520 2202 4564 arena
2244 4517 2407 4580 quae
2450 4505 2554 4560 est
2594 4494 2664 4558 in
2707 4493 2813 4557 lit-

898 4591 1039 4647 tore
1075 4581 1292 4646 maris.
1355 4579 1548 4645 Nunc
1582 4583 1800 4665 itaque
1835 4604 2032 4667 quum
2079 4582 2588 4667 redintegrarint
2628 4599 2816 4645 exer·

896 4670 1118 4743 citum,
1189 4665 1538 4733 verisimile
1603 4677 1703 4733 est
1766 4670 2064 4754 ingentes
2127 4669 2272 4734 illos
2324 4688 2545 4735 secum
2599 4664 2815 4746 copias

897 4753 1184 4831 duxisse,
1242 4761 1317 4816 ut
1369 4773 1500 4819 non
1556 4755 1880 4821 immerito
1936 4755 2211 4839 populus
2264 4755 2352 4819 sit
2393 4751 2707 4819 attonitus
2749 4759 2816 4815 et

899 4837 1399 4919 obstupefactus.

1066 4921 1432 4989 Accedebat
1453 4924 1531 4990 ad
1565 4934 1814 4990 metum
1842 4926 2028 4991 illum
2062 4936 2128 4990 et
2169 4944 2494 4992 summum
2539 4921 2815 4987 dedecus

899 5016 965 5072 et
1005 5009 1412 5089 contumelia,
1469 5031 1671 5093 quum
1716 5013 1796 5077 ad
1842 5011 2171 5096 singulare
2213 5021 2538 5078 certamen
2583 5027 2814 5090 provo-

899 5103 1149 5169 cantur,
1209 5105 1274 5159 et
1333 5094 1611 5161 ludibrio
1670 5097 1992 5163 habentur
2048 5097 2401 5182 phalanges
2442 5093 2666 5171 Israel,
2723 5092 2816 5176 gi-

897 5189 1093 5263 gante
1126 5179 1239 5244 illo
1276 5192 1671 5264 proponente
1713 5183 1870 5268 ipsis
1911 5185 2163 5267 iniquas
2207 5183 2382 5268 leges
2425 5179 2812 5259 certaminis,

2913 557 3068 640 quid
3130 573 3239 639 eqo
3296 573 3420 619 non
3472 573 3614 619 sum
3676 551 4084 635 Philistaeus,
4140 561 4196 619 et
4251 574 4360 620 vos
4411 558 4559 620 emi
4602 555 4738 627 Saul?

2912 642 3151 725 Eliyite
3183 661 3258 706 ex
3289 639 3458 705 vobis
3500 639 3726 715 virum,
3770 644 3827 703 et
3867 638 4191 705 descendat
4229 640 4318 705 ad
4356 640 4633 723 simulare
4660 664 4741 711 cer·

2913 735 3149 794 tamen.-
3189 727 3251 793 si
3293 725 3565 807 quiverit
3586 744 3878 806 puqnare
3910 744 4167 808 mecum,
4213 730 4268 789 et
4303 729 4637 805 percusserit
4663 750 4739 811 m,

2912 815 3149 880 erimus
3188 811 3359 877 vobis
3399 811 3596 875 servi:
3636 810 3699 876 si
3740 814 3947 875 autom
3984 831 4090 893 eqo
4120 811 4543 895 praevaluero,
4579 819 4622 877 ot
4642 836 4743 897 per-

2911 919 3157 966 cussero
3189 918 3348 979 eum,
3390 915 3499 961 vos
3530 896 3700 961 servi
3739 896 3935 974 aritia,
3978 901 4038 961 et
4076 897 4358 962 servietis
4399 896 4572 963 nobis.
4625 898 4742 967 Sana

2913 985 3342 1051 vehementer
3425 981 3574 1047 illos
3653 980 3942 1065 oportuit
4015 983 4158 1048 istis
4235 982 4745 1066 exprobrationibus

2914 1070 3330 1146 commoveri,
3389 1074 3456 1133 et
3512 1076 3764 1132 tantam
3821 1067 4103 1132 hominis
4151 1068 4519 1134 iactantiam
4554 1072 4745 1152 gravius

2914 1166 2983 1222 et
3050 1156 3338 1238 iniquius
3410 1152 3583 1218 ferre
3640 1172 3835 1234 quam
3890 1154 4101 1235 ipsum
4161 1154 4392 1220 mortis
4447 1155 4751 1236 periculum:

2913 1262 3116 1324 quum
3171 1239 3554 1325 praesertim
3613 1238 3834 1303 nullus
3874 1238 3946 1303 in
3991 1246 4123 1304 toto
4166 1238 4589 1305 Israelitarum
4623 1263 4752 1308 exer·

2914 1329 3048 1394 citu
3085 1347 3225 1392 sese
3261 1325 3342 1391 ad
3379 1335 3712 1390 certamen
3748 1323 4064 1389 adversus
4105 1324 4441 1409 gigantem
4478 1325 4633 1391 illum
4664 1329 4753 1395 itc-

2916 1412 3271 1477 tabundum
3294 1412 3575 1476 offerret.
3644 1410 3733 1474 Et
3766 1429 3922 1475 sane
3956 1410 4100 1492 quis
4136 1431 4265 1475 non
4301 1410 4475 1477 illius
4505 1423 4752 1493 aspectum

2917 1499 3229 1576 horreret,
3269 1517 3461 1581 quem
3500 1517 3583 1561 ex
3624 1495 4134 1562 circumstantiis
4178 1495 4475 1580 singulis,
4520 1517 4657 1578 quae
4687 1500 4757 1565 hio

2916 1583 3391 1662 describuntur,
3433 1581 3833 1646 horrendum
3877 1582 4075 1647 fuisse
4118 1581 4433 1664 apparet?
4496 1581 4640 1648 Nam
4657 1585 4759 1667 quis

2916 1690 3051 1734 non
3108 1668 3188 1735 ad
3243 1678 3380 1733 tam
3427 1668 3715 1732 enormis
3772 1676 4062 1732 staturae
4120 1666 4502 1751 adspectum
4551 1678 4608 1733 et
4649 1670 4757 1736 tales

2919 1756 3132 1820 minas
3187 1764 3361 1819 totus
3417 1750 3869 1818 cohorrescat?
3929 1751 4095 1817 adde
4152 1755 4515 1819 universam
4554 1755 4668 1818 eius
4699 1776 4765 1819 sr-

2917 1851 3241 1906 maturam
3259 1888 3276 1918 ,
3376 1837 3633 1922 galeam
3709 1858 3997 1918 aeream,
4072 1839 4341 1903 loricam
4420 1851 4762 1921 squamatum,

2919 1926 3104 1992 cuius
3163 1923 3419 2008 pondus
3476 1932 3620 1987 erat
3678 1923 3964 2005 quinque
4022 1924 4231 1988 millia
4286 1925 4587 1991 siclorum
4632 1925 4763 2003 aens,

2917 2013 3241 2095 clypeum,
3298 2029 3519 2075 ocreas
3564 2029 3806 2085 aereas,
3850 2017 3917 2074 et
3961 2009 4213 2093 reliqua
4256 2030 4425 2094 quae
4466 2011 4639 2075 fidem
4671 2030 4763 2074 om·

2918 2118 3068 2161 nem
3126 2116 3432 2178 superare
3488 2093 3816 2160 videntur.
3906 2095 4205 2178 Denique
4249 2096 4520 2162 Goliath
4570 2095 4767 2161 videtur

2917 2203 3060 2249 esse
3103 2182 3312 2246 instar
3355 2180 3537 2263 rupis
3580 2179 3939 2260 cuiusdam,
3984 2180 4067 2245 ad
4112 2200 4309 2264 quam
4350 2180 4695 2247 accedentes
4722 2182 4766 2245 in

2917 2268 3118 2351 ipsius
3175 2277 3558 2351 potestatem
3604 2266 3868 2330 venturi
3911 2265 4175 2343 fuerint,
4222 2288 4298 2333 ac
4342 2267 4601 2350 proinde
4636 2266 4770 2333 vehe-

2918 2364 3173 2419 menter
3229 2351 3518 2435 singulos
3575 2351 3907 2426 terruisse,
3961 2360 4038 2416 ut
4076 2373 4295 2419 coram
4337 2355 4481 2435 ipso
4520 2372 4639 2417 non
4674 2352 4769 2416 ausi

2917 2441 3053 2504 sint
3110 2437 3478 2504 subsistere.
3568 2437 3880 2518 Magnam
3925 2458 4082 2504 sane
4128 2438 4259 2502 vim
4304 2439 4655 2504 habuerunt
4687 2438 4773 2502 ista

2920 2525 3003 2591 ad
3060 2523 3509 2590 Israelitarum
3568 2523 3823 2588 animos
3868 2522 4260 2590 deiiciendos
4303 2535 4371 2589 et
4413 2525 4483 2589 in
4526 2523 4773 2588 montium

2916 2610 3184 2676 latebris
3258 2608 3672 2675 occultandos
3690 2658 3704 2685 ,
3782 2607 3985 2674 donec
4061 2610 4575 2693 inexspectatum
4644 2609 4772 2674 Deua

2919 2695 3238 2762 auxilium
3304 2693 3629 2761 Davidem
3693 2694 4001 2760 mitteret.
4105 2694 4400 2778 Dignum
4465 2693 4775 2776 exemplum

2919 2781 3089 2865 quod
3120 2801 3376 2864 semper
3409 2791 3560 2845 ante
3594 2778 3813 2845 oculos
3850 2800 4186 2862 ponamus,
4220 2789 4294 2846 ut
4314 2779 4462 2845 Deo
4498 2802 4611 2845 nos
4637 2778 4774 2845 casti-

2966 2889 3075 2933 are
3130 2867 3391 2932 volente
3449 2865 3936 2930 meminerimus
3993 2867 4573 2933 comminationum
4607 2865 4776 2949 ipsius,

2946 2974 3057 3018 ore
3116 2953 3426 3017 nimirum
3486 2960 3560 3016 ut
3616 2956 3969 3033 antequam
4021 2951 4243 3017 hostes
4302 2972 4423 3019 nos
4483 2948 4777 3018 invaserint

2917 3049 3304 3117 metuamus,
3362 3047 3429 3102 et
3470 3045 3818 3119 antequam
3859 3037 4064 3102 ictum
4109 3036 4408 3103 dederint
4465 3038 4656 3104 victos
4696 3054 4780 3100 11oe

2918 3126 3255 3189 fateamur.
3345 3122 3455 3190 Sic
3509 3122 3684 3187 enim
3729 3122 3948 3188 Moses
3992 3121 4072 3189 de
4115 3122 4243 3189 Dei
4293 3124 4583 3190 vindicta
4618 3123 4676 3186 in
4708 3141 4779 3183 m—

2915 3209 3147 3276 bellem
3207 3209 3515 3292 populum
3569 3209 3841 3290 loquens
3899 3209 4017 3273 ait:
4086 3208 4399 3289 Quomodo
4436 3211 4779 3292 pasequatut

2914 3316 3082 3362 unus
3112 3295 3299 3378 mille,
3344 3300 3401 3360 et
3432 3295 3556 3360 duo
3593 3295 3883 3377 fuyarmt
3922 3294 4123 3360 decem
4164 3295 4427 3361 millia?
4473 3315 4657 3360 noane
4688 3293 4782 3357 ideo

2913 3382 3066 3464 quia
3116 3380 3294 3446 Deus
3347 3400 3507 3446 suus
3560 3380 3839 3446 vendidit
3889 3400 4018 3459 eoo,
4074 3385 4128 3444 et
4181 3380 4503 3448 Dominus
4554 3377 4781 3446 condar&

2914 3467 3109 3533 illos?
3192 3467 3299 3532 Ex
3357 3466 3590 3548 quibus
3649 3464 3955 3531 discimus
3997 3467 4093 3529 ita
4132 3466 4205 3531 in
4252 3468 4382 3533 Dei
4430 3469 4653 3532 timore
4687 3483 4783 3528 am·

2915 3552 3292 3628 bulandum,
3359 3561 3433 3617 ut
3496 3573 3642 3618 cum
3708 3551 3916 3617 Paulo
3984 3551 4277 3634 apostolo
4343 3555 4578 3619 merito
4626 3551 4781 3614 dicero

2914 3638 3266 3721 possimus:
3312 3635 3388 3702 Si
3415 3636 3599 3703 Deus
3631 3657 3752 3719 pro
3792 3636 3988 3714 nobie,
4031 3637 4174 3718 quis
4216 3645 4435 3705 consta
4478 3638 4631 3704 nos?
4683 3635 4782 3699 Imo

2915 3724 3019 3790 vel
3074 3726 3245 3808 ipsos
3285 3723 3574 3789 diabolos
3615 3722 3844 3789 subiici
3887 3723 4075 3787 nobis
4117 3735 4395 3807 oportet.
4491 3723 4615 3790 Sed
4651 3723 4696 3786 si
4728 3719 4781 3782 ab

2914 3809 3118 3893 ipsius
3152 3809 3329 3875 cultu
3374 3811 3847 3886 recesserimus,
3893 3809 3959 3873 in
4006 3829 4083 3873 eo
4126 3809 4319 3875 talem
4367 3805 4785 3877 contumaciam

2915 3894 3346 3973 ostendemus,
3404 3902 3477 3959 ut
3530 3895 3654 3977 ipsi
3701 3894 3939 3959 bellum
3980 3894 4223 3961 inferre
4268 3897 4446 3962 velle
4490 3895 4784 3962 videamur,

2918 3991 2984 4046 et
3025 3979 3469 4046 adversarium
3515 3981 3726 4062 ipsum
3766 3977 4027 4044 habere.
4115 3980 4361 4063 Ecquis
4407 4002 4565 4048 vero
4603 3989 4783 4045 mortt-

2916 4066 3078 4131 lium
3134 4066 3338 4148 ipsius
3384 4065 3756 4130 fortitudini
3800 4075 3866 4131 et
3908 4067 4239 4149 potentiae
4282 4066 4597 4134 resistat?
4671 4063 4783 4138 Nae,

2919 4151 3019 4218 vel
3084 4152 3245 4234 ipsis
3304 4152 3546 4217 muscis
3601 4150 3705 4216 vel
3762 4151 4028 4217 insectis
4084 4151 4439 4219 adversum
4496 4173 4611 4218 nos
4660 4148 4783 4214 virm

2914 4236 3387 4319 suppeditabit,
3445 4258 3485 4302 a
3541 4235 3795 4319 quibus,
3860 4237 3981 4303 etsi
4040 4238 4166 4302 viri
4225 4239 4431 4305 fortes
4492 4237 4783 4306 videamur,

2915 4321 3216 4388 facillime
3282 4321 3697 4390 debellemur.
3805 4321 3999 4404 Quod
4057 4324 4113 4388 si
4170 4324 4498 4391 adversus
4554 4321 4782 4388 homines

2914 4407 3340 4492 pugnandum
3397 4408 3540 4487 erit,
3599 4408 3721 4472 etei
3776 4409 3966 4493 pauci
4013 4409 4165 4492 sint,
4210 4411 4399 4477 Deus
4446 4423 4652 4476 tamen
4687 4424 4785 4487 per·

2917 4496 3131 4559 mittet
3187 4502 3263 4557 ut
3316 4514 3465 4559 cum
3517 4514 3771 4560 summo
3829 4493 4139 4559 dedecore
4182 4495 4252 4559 in
4296 4497 4591 4579 ipsorum
4630 4500 4781 4576 pot&-

2916 4589 3113 4644 tatem
3151 4578 3518 4645 veniamus:
3565 4579 3840 4661 denique
3871 4580 4222 4664 incognitis
4254 4583 4454 4647 no'bis
4491 4575 4783 4646 rationibus

2915 4666 3007 4730 sic
3033 4663 3393 4747 castigabit,
3432 4674 3505 4730 ut
3539 4663 3720 4729 nulla
3752 4685 3872 4730 nos
3910 4665 4201 4732 humana
4235 4668 4566 4751 praesidia
4595 4665 4780 4754 iuvent,

2914 4770 3046 4814 non
3098 4770 3303 4833 reges,
3364 4770 3494 4815 non
3553 4750 3894 4833 principes,
3938 4750 4095 4817 licet
4134 4752 4208 4816 in
4253 4754 4450 4819 bellis
4492 4749 4782 4842 exercita&

2914 4856 3046 4900 non
3081 4836 3589 4919 propugnacula,
3634 4836 3815 4902 nulla
3849 4836 4128 4919 denique
4162 4838 4265 4904 vis
4302 4840 4594 4905 humana
4629 4841 4779 4918 poem

2915 4920 3228 4988 adversus
3272 4920 3401 4986 Dei
3458 4922 3740 4987 furorem
3784 4923 4104 4988 auxilium
4148 4925 4337 4992 ferre.
4432 4924 4777 5006 Quapropoer

2915 5027 2994 5072 ex
3031 5007 3174 5073 istis
3218 5008 3633 5084 retineamus,
3679 5016 3927 5073 metum
3969 5009 4154 5075 illum
4198 5011 4537 5094 ingentem
4580 5001 4778 5074 Israeli·

2913 5101 3131 5158 tarum
3188 5091 3389 5157 fuisse
3434 5094 3674 5158 iustam
3718 5113 3758 5157 a
3802 5095 3944 5160 Deo
3986 5096 4146 5179 ipsis
4188 5098 4517 5164 inflictam
4556 5089 4775 5180 punitio·

2915 5199 3084 5244 nem.
3184 5177 3483 5262 Namque
3552 5178 3812 5245 fuerant
3867 5179 4240 5250 audaciores
4295 5181 4559 5268 quando
4604 5191 4663 5243 et
4701 5171 4777 5238 ubi
