5059 6059
264 323 297 388 9
991 270 1010 293 '⁰
1551 322 1649 388 IN
1694 323 1749 388 1.
1797 320 1973 387 ms.
2023 320 2423 389 SAMUEL.
2468 320 2669 389 oAP.
2712 322 2909 389 xm.
4108 328 4194 394 10

258 529 484 579 causam
527 507 689 575 Saul
749 509 1015 575 absente
1059 508 1367 579 Samuele
1427 512 1792 578 sacrificare
1838 512 2151 596 quodam·

257 596 422 664 modo
462 608 713 661 coactus
757 607 874 673 est,
920 596 1091 678 quod
1140 610 1358 662 tamen
1396 598 1523 680 ipsi
1561 619 1971 682 nequaquam
2008 598 2156 663 lice-

262 686 372 749 bat.
444 679 877 761 Quamobrem
923 684 1116 747 etiam
1160 704 1606 766 quamcunque
1652 683 1913 748 tandem
1958 706 2154 750 excu-

259 771 542 835 sationem
566 765 678 829 ille
703 778 1061 849 praetexat,
1100 790 1138 832 a
1165 768 1449 834 Domino
1471 769 1957 845 condemnatur,
1984 769 2154 853 quod

257 875 371 919 non
434 852 751 936 patienter
818 852 942 917 Dei
987 855 1389 923 ,mandatum
1457 860 1870 939 exspectarit,
1949 876 2154 937 neque

255 939 338 1003 illi
390 958 454 1002 se
509 948 715 1002 totum
777 939 1164 1021 permiserit.
1253 940 1700 1006 Nihilominus
1759 957 1974 1006 tamen
2031 942 2154 1006 hoc

254 1036 559 1109 peccatum
621 1024 714 1087 ita
755 1026 1249 1103 condemnatur,
1305 1040 1379 1099 ut
1437 1049 1710 1111 regnum
1771 1028 1848 1091 ad
1900 1042 2154 1109 tempus

256 1110 492 1174 tandem
536 1122 957 1193 prorogetur:
1014 1109 1125 1174 sed
1171 1132 1247 1175 ea
1306 1125 1521 1178 tamen
1568 1113 1709 1196 lege
1755 1134 1836 1177 ne
1881 1116 1965 1178 sit
2010 1115 2153 1177 diu-

254 1207 428 1260 turna
483 1195 667 1278 regni
728 1196 1068 1278 possessio,
1127 1210 1194 1261 et
1251 1197 1332 1262 ad
1401 1210 1688 1280 posteros
1748 1199 1953 1281 ipsius
2021 1218 2153 1262 non

253 1293 547 1345 transeat:
624 1280 737 1345 sed
804 1281 1063 1346 tandem
1130 1303 1281 1346 cum
1345 1304 1600 1347 summa
1663 1286 2024 1367 ignominia
2090 1291 2157 1348 et

250 1366 534 1431 dedecore
581 1378 1060 1432 exauctoretur.
1147 1367 1278 1435 Hic
1321 1370 1520 1453 igitur
1557 1370 1623 1434 in
1668 1370 1899 1453 primis
1942 1371 2151 1435 obser·

249 1451 537 1529 vandum,
584 1451 822 1516 bellum
871 1461 1286 1536 suscepturos
1329 1455 1479 1519 licet
1523 1456 1784 1530 iustum,
1845 1456 2156 1520 adversus

249 1538 452 1603 hostes
502 1537 764 1602 iniuriis
821 1537 1232 1619 lacessentes,
1290 1552 1585 1624 oportere
1641 1541 1901 1624 longius
1958 1561 2155 1624 quam

245 1625 302 1687 in
366 1622 646 1706 primum
706 1624 857 1689 belli
915 1623 1086 1688 diem
1153 1626 1412 1690 intueri.
1514 1626 1683 1690 Nam
1749 1627 2156 1691 Ionathanus

245 1708 485 1792 quidem
530 1722 600 1777 et
644 1711 750 1791 qui
795 1709 986 1775 illum
1030 1724 1185 1774 sunt
1228 1713 1520 1777 comitati
1568 1713 1805 1777 milites
1849 1732 2155 1795 praesen·

245 1807 332 1859 tes
386 1806 451 1859 et
493 1794 695 1859 fortes
740 1795 992 1860 animos
1040 1795 1428 1878 habuerunt,
1488 1810 1562 1862 ut
1607 1798 1758 1864 licet
1804 1799 1992 1881 pauci
2037 1818 2155 1861 nu·

243 1899 428 1956 merc,
473 1894 538 1945 et
583 1881 696 1945 vix
741 1902 909 1944 unus
953 1883 1267 1947 adversus
1314 1883 1512 1963 mille,
1566 1883 1724 1948 adeo
1769 1895 1843 1949 ut
1886 1903 2156 1967 magnos

242 1980 556 2048 reportare
636 1966 1002 2048 triumphos
1083 1969 1444 2051 nequirent,
1523 1980 1741 2034 tamen
1815 1972 1955 2035 ausi
2022 1969 2157 2033 sint

242 2064 364 2115 tam
420 2071 837 2116 numerosum
887 2051 1394 2119 Philistaeorum
1451 2055 1812 2120 exercitum
1873 2054 2155 2119 adoriri:

237 2158 355 2218 qua
393 2137 461 2200 in
509 2158 582 2201 re
630 2158 836 2220 neque
883 2136 1349 2217 Ionathanum,
1406 2161 1614 2223 neque
1672 2140 1880 2220 ipsius
1916 2140 2155 2205 milites

239 2224 600 2305 vituperare
639 2243 1006 2305 possumus:
1043 2226 1154 2288 sed
1194 2226 1502 2308 populum
1540 2229 1828 2310 graviter
1857 2247 2154 2310 peccasse

240 2307 518 2374 dicimus.
612 2308 780 2373 Nam
840 2308 1025 2375 facile
1085 2310 1163 2375 ad
1224 2311 1416 2376 tubae
1458 2314 1743 2376 sonitum
1789 2324 1856 2377 et
1896 2312 2155 2396 clango-

237 2415 363 2458 rem
427 2396 703 2473 excitus,
773 2393 852 2457 ad
922 2415 1206 2479 pugnam
1273 2417 1416 2463 sese
1494 2418 1904 2480 comparasse
1970 2400 2154 2463 visus

237 2490 344 2553 est,
388 2480 502 2544 sed
550 2479 718 2544 nihil
763 2480 1043 2563 amplius
1089 2482 1422 2565 cogitasse.
1483 2481 1732 2547 Verum
1782 2484 2153 2548 meminisse

234 2587 340 2630 nos
383 2578 644 2648 oportet
688 2565 867 2630 illius
911 2567 1355 2632 similitudinis
1391 2589 1520 2651 qua
1563 2568 1888 2635 Dominus
1933 2581 2154 2634 noster

233 2649 407 2715 Iesus
450 2651 764 2717 Christus
817 2652 1041 2728 utitur,
1101 2654 1419 2735 inquiens,
1478 2666 1774 2736 oportere
1832 2675 1982 2720 eum
2042 2657 2152 2737 qui

237 2735 464 2801 bellum
531 2736 796 2819 aliquod
866 2738 1149 2817 molitur,
1227 2737 1510 2804 sedendo
1575 2762 1791 2805 secum
1873 2741 2154 2805 rationes

237 2823 373 2887 belli
417 2843 653 2888 omnes
695 2834 760 2886 et
820 2837 1118 2906 sumptus
1160 2824 1527 2908 expendere
1572 2838 1917 2909 antequam
1964 2825 2149 2908 quid-

233 2930 413 2990 quam
483 2909 928 2992 aggrediatur.
1018 2913 1115 2975 Ac
1178 2930 1335 2975 sane
1399 2911 1584 2979 facile
1628 2924 1728 2976 est
1784 2910 2003 2978 hostes
2059 2912 2149 2976 la-

234 3013 508 3060 cessere:
594 2995 707 3060 sed
773 2994 1131 3059 cavendum
1201 3016 1282 3060 ne
1351 2997 1595 3061 viribus
1660 2997 1789 3063 illis
1854 3000 2152 3079 impares,

235 3078 373 3145 licet
420 3081 633 3162 primo
675 3081 920 3163 impetu
966 3086 1169 3145 multa
1206 3081 1391 3146 nobis
1433 3082 1886 3164 polliceamur,
1931 3096 2152 3147 tamen

233 3166 326 3253 ad·
361 3166 628 3231 illorum
673 3179 1085 3249 conspectum
1147 3178 1526 3248 terreamur,
1589 3178 1656 3232 et
1711 3169 1963 3233 animos
2005 3168 2153 3233 illos

235 3272 384 3334 quos
442 3264 643 3317 antea
701 3251 1088 3334 gerebamus
1147 3273 1295 3317 cum
1362 3251 1674 3319 dedecore
1733 3255 2153 3336 deponamus,

231 3350 288 3402 et
344 3359 555 3421 quum
614 3337 699 3401 ad
756 3357 1020 3402 manum
1086 3339 1210 3402 erit
1273 3352 1555 3414 ventum,
1616 3339 2154 3420 despondeamus.

234 3424 389 3488 Nam
447 3424 589 3487 fere
651 3425 745 3503 fit,
807 3424 974 3505 quod
1033 3445 1444 3507 summopere
1501 3424 1976 3491 observandum
2037 3436 2156 3504 est,

232 3524 296 3573 ut
347 3510 459 3593 qui
517 3521 677 3573 ante
733 3523 1114 3592 conspectos
1170 3508 1394 3574 hostes
1449 3511 1784 3575 fortissimi
1846 3510 2153 3576 videban-

230 3607 348 3669 tur,
410 3596 681 3660 tandem
743 3596 953 3659 instar
998 3596 1395 3659 ebriosorum
1442 3595 1781 3661 hominum
1825 3596 2152 3662 collaban-

229 3694 347 3746 tur.
463 3680 706 3748 Solent
770 3681 948 3745 enim
1030 3679 1190 3745 bene
1267 3682 1402 3763 poti
1477 3682 1773 3748 homines
1850 3702 2152 3765 magnam

224 3766 675 3832 fortitudinem
722 3787 879 3849 prae
922 3787 993 3832 se
1035 3766 1240 3830 ferre:
1287 3779 1361 3831 ut
1405 3767 1587 3832 nulla
1633 3770 1730 3831 vis
1774 3789 1917 3834 esse
1953 3769 2157 3832 maior

224 3874 404 3935 posse
453 3853 778 3929 videatur,
819 3874 894 3918 eo
938 3873 1142 3935 usque
1186 3862 1261 3916 ut
1292 3854 1619 3918 cornubus
1648 3853 1897 3919 coelum
1937 3855 2150 3935 ipsum

223 3939 606 4023 contingere
672 3946 740 4001 et
802 3937 998 4003 ferire
1066 3938 1250 4020 velle,
1316 3948 1384 4003 et
1441 3941 1711 4003 summis
1769 3938 2029 4022 regibus
2088 3952 2155 4002 et

224 4023 595 4090 monarchis
649 4044 788 4089 sese
847 4024 1209 4106 adaequare
1269 4024 1673 4089 minitentur.
1764 4023 1892 4091 Sed
1939 4025 1995 4090 si
2041 4045 2151 4108 pe·

219 4110 439 4175 rendie
520 4109 855 4192 crapulam
935 4109 1310 4176 exhalarint
1389 4112 1677 4175 omnium
1759 4110 2152 4175 timidissimi

217 4197 739 4279 conspiciantur:
806 4207 922 4260 aut
986 4197 1040 4260 si
1110 4196 1325 4262 adhuc
1382 4197 1574 4279 sopiti
1633 4198 2017 4271 excitentur,
2083 4195 2150 4259 in

219 4284 543 4348 maximos
613 4292 893 4346 terrores
960 4281 1271 4347 incidant.
1361 4280 1799 4361 Quamobrem
1868 4302 2151 4346 summo-

223 4389 370 4449 pere
413 4364 765 4451 fugiendos
805 4367 1174 4433 istiusmodi
1223 4366 1630 4432 turbulentos
1673 4371 1955 4449 impetus
1998 4367 2146 4431 scia—

223 4475 385 4538 mus,
429 4464 501 4518 et
547 4453 978 4518 moderandos
1021 4454 1290 4518 affectus
1336 4468 1610 4528 nostros,
1673 4474 1756 4517 ne
1801 4453 1974 4517 ultra
2017 4473 2148 4517 mo-

223 4539 371 4604 dum
436 4538 813 4615 efferamur,
882 4539 991 4603 sed
1054 4538 1312 4623 longius
1370 4558 1569 4621 quam
1629 4559 1793 4621 quae
1851 4557 1971 4602 nos
2028 4539 2151 4603 cir-

220 4636 555 4691 cumstant
616 4626 1006 4702 intueamur,
1067 4645 1300 4706 nempe
1337 4638 1411 4688 ut
1455 4624 1804 4707 diligenter
1847 4625 2150 4706 inspicia-

221 4731 364 4775 mus
429 4713 660 4775 sintne
726 4711 930 4774 futuri
996 4712 1411 4775 consiliorum
1497 4720 1866 4775 nostrorum
1932 4709 2152 4774 exitus

219 4796 426 4862 initiis
471 4794 758 4861 similes:
817 4816 981 4878 quae
1039 4795 1190 4860 licet
1232 4796 1421 4861 initio
1480 4798 1696 4861 favere
1741 4796 1927 4860 nobis
1973 4793 2146 4860 vide·

221 4898 432 4961 antur,
491 4880 863 4949 cavendum
922 4893 1137 4947 tamen
1200 4903 1284 4945 ne
1339 4901 1545 4965 parva
1602 4881 1916 4964 quaedam
1962 4881 2150 4945 levis-

219 4988 342 5049 que
407 4968 710 5041 felicitas,
786 4968 1020 5051 ingens
1084 4986 1301 5032 secum
1370 4969 1438 5032 in
1505 4978 1834 5050 posterum
1907 4967 2147 5031 malum

218 5052 455 5120 trahat.
550 5054 657 5118 De
699 5054 844 5118 istis
888 5053 1056 5119 serio
1101 5051 1383 5135 quotidie
1416 5053 1852 5137 cogitandum,
1899 5062 1973 5117 ut
2009 5066 2151 5117 tan-

219 5160 410 5222 quam
461 5141 741 5204 habenis
787 5140 1204 5221 retineamur,
1254 5160 1335 5202 ne
1380 5140 1574 5204 altius
1618 5141 1831 5222 capita
1874 5138 2150 5203 efferen-

218 5236 334 5306 tes,
396 5238 589 5291 tanto
648 5224 897 5291 foedius
956 5226 1353 5304 deiiciamur,
1413 5240 1478 5290 et
1531 5225 1953 5310 insigniorem
2012 5224 2147 5288 rui-

2255 530 2406 575 nam
2465 511 2792 577 faciamus.
2886 513 3333 596 Quamobrem
3393 516 3460 580 in
3521 514 3644 581 hac
3703 514 3982 580 historia
4032 527 4180 581 tan-

2255 616 2450 679 quam
2508 598 2581 661 in
2639 599 2905 680 speculo
2965 601 3111 666 licet
3170 622 3393 665 eorum
3454 601 3880 682 contemplari
3935 611 4181 667 statum

2255 683 2365 765 qui
2420 693 2667 747 temere
2723 685 2923 749 multa
2979 688 3359 769 suscipiunt,
3421 697 3495 749 ut
3555 707 3782 770 sapere
3841 685 4185 766 discamus,

2255 778 2319 832 et
2374 769 2438 831 in
2499 768 2712 834 officio
2767 792 2883 835 nos
2943 773 3293 838 continere.
3388 772 3552 835 Nam
3611 772 3832 835 audito
3878 773 4183 858 clangore

2256 853 2447 917 tubae
2491 855 2799 937 populum
2846 857 3262 922 israeliticum
3308 855 3388 921 ad
3436 856 3700 923 Saulem
3749 880 3985 941 magno
4031 880 4179 924 con-

2255 960 2445 1003 cursu
2513 954 2806 1005 coactum
2868 941 3069 1007 fuisse
3135 943 3592 1023 conspicimus;
3658 958 3721 1006 et
3780 945 4042 1025 quidem
4099 943 4180 1008 ad

2256 1045 2543 1108 pugnam
2591 1027 3094 1107 paratissimum,
3142 1044 3214 1093 ut
3258 1028 3423 1092 nihil
3467 1029 3594 1091 nisi
3637 1050 3784 1092 cum
3827 1031 4008 1093 hoste
4046 1050 4182 1093 ma-

2259 1133 2381 1175 nus
2437 1113 2734 1176 conferre
2796 1112 2963 1176 velle
3022 1112 3389 1178 videretur:
3456 1114 3567 1178 sed
3630 1113 3740 1178 ubi
3799 1117 4180 1180 immensam

2258 1195 2744 1260 multitudinem
2807 1200 3250 1281 conspexisset
3316 1199 3817 1265 Philistaeorum
3888 1201 4181 1266 hostium

2256 1283 2365 1363 qui
2409 1302 2483 1346 eo
2529 1282 2668 1347 loco
2712 1286 3148 1349 castrametati
3194 1286 3481 1365 fuerant,
3527 1307 3672 1351 cum
3716 1286 3992 1370 triginta
4036 1287 4183 1351 mil·

2257 1365 2424 1430 libus
2469 1389 2798 1446 curruum,
2843 1382 2908 1432 et
2949 1391 3064 1436 sex
3112 1371 3399 1436 millibus
3442 1373 3753 1455 equitum,
3811 1393 3885 1436 ac
3929 1371 4183 1454 reliqua

2258 1450 2675 1517 multitudine
2737 1451 3022 1536 peditum
3092 1457 3426 1536 immensa,
3504 1458 3668 1523 sicut
3746 1477 3947 1522 arena
4009 1478 4181 1540 quae

2257 1547 2358 1602 est
2399 1537 2465 1601 in
2512 1538 2701 1603 litore
2747 1541 2960 1619 maris,
3009 1542 3429 1607 vehementer
3469 1543 3737 1607 territus
3780 1557 3846 1607 et
3888 1551 4176 1608 conster-

2259 1637 2454 1687 natus
2532 1634 2651 1701 est,
2727 1637 2801 1689 ut
2866 1628 3107 1691 sensim
3188 1628 3429 1711 singuli
3494 1628 3724 1709 dilapsi
3790 1627 4185 1711 domumque

2256 1709 2534 1792 regressi
2578 1712 2742 1774 sint:
2789 1723 2863 1775 ut
2911 1712 3127 1778 hostes
3168 1714 3297 1779 illis
3341 1714 3479 1778 solo
3521 1727 3783 1794 aspectu
3828 1715 4070 1779 territis
4114 1726 4181 1779 et

2257 1793 2499 1877 fugatis
2558 1792 2642 1859 ad
2699 1816 2985 1880 pugnam
3045 1798 3269 1863 venire
3330 1799 3598 1863 minime
3658 1798 3851 1863 fuerit
3894 1820 4179 1879 necesse,

2257 1901 2377 1946 nec
2421 1878 2500 1943 de
2541 1881 3006 1964 persequendis
3048 1883 3129 1948 iis
3172 1883 3486 1961 laborare,
3530 1885 3641 1966 qui
3684 1884 3819 1949 solo
3862 1884 4174 1967 adspectu

2256 1965 2539 2031 hostium
2600 1967 2807 2031 territi
2873 1985 3106 2052 sponte
3173 1969 3654 2044 dilabebantur,
3713 1983 3777 2035 et
3835 1971 3990 2055 fuga
4049 1969 4175 2035 sibi

2255 2051 2529 2116 salutem
2577 2052 2988 2134 quaerebant.
3057 2053 3241 2134 Quae
3285 2075 3482 2137 quum
3532 2054 3716 2121 nobis
3759 2066 3912 2120 ante
3956 2056 4185 2121 oculos

2254 2136 2702 2214 subiiciantur,
2758 2136 3081 2203 discamus
3123 2162 3250 2206 non
3295 2139 3515 2224 egredi
3555 2139 3906 2206 modestiae
3951 2143 4177 2205 termi-

2256 2243 2392 2296 nos,
2450 2234 2514 2287 et
2573 2223 2793 2305 procul
2840 2245 2879 2286 a
2920 2226 3220 2291 conflictu
3264 2241 3330 2291 et
3382 2226 3620 2292 ictibus
3675 2226 3987 2303 collocati,
4041 2248 4173 2292 nou

2255 2306 2626 2390 praedicare
2691 2307 3158 2385 fortitudinem,
3237 2333 3322 2376 ne
3388 2311 3495 2375 ubi
3557 2311 3635 2375 ad
3716 2332 3983 2377 manum
4049 2312 4177 2377 erit

2259 2403 2546 2471 ventum,
2627 2405 2805 2459 metu
2884 2394 3158 2478 perculsi
3241 2397 3619 2463 dilabamur.
3723 2396 3858 2463 Sed
3921 2408 4179 2463 mature

2254 2479 2549 2563 singulos
2592 2491 2867 2546 eventus
2910 2481 3383 2564 provideamus,
3428 2495 3495 2546 et
3535 2483 3754 2547 omnia
3793 2481 3990 2548 etiam
4034 2492 4181 2551 tuta

2257 2578 2645 2643 metuamus,
2707 2588 2788 2630 ne
2830 2566 3072 2632 incauti
3119 2566 3698 2651 deprehendamur,
3757 2582 3821 2631 et
3867 2576 4175 2650 tanquam

2256 2672 2327 2715 re
2388 2670 2555 2715 nova
2612 2662 2680 2718 et
2738 2652 3021 2733 insolita,
3077 2653 3155 2716 de
3212 2675 3338 2736 qua
3398 2674 3730 2735 nunquam
3790 2655 4176 2736 cogitaveri-

2255 2757 2402 2800 mus
2466 2736 2836 2801 obruamur.
2923 2738 3270 2803 Caeterum
3339 2737 3494 2802 hinc
3561 2740 3758 2803 etiam
3823 2741 4176 2804 observan-

2255 2821 2408 2885 dum
2456 2822 2669 2902 qualia
2713 2823 2843 2886 sint
2891 2824 3223 2887 hominum
3272 2826 3552 2907 ingenia,
3618 2845 3817 2907 quum
3864 2823 4181 2890 dicuntur

2255 2906 2592 2973 Israelitae
2634 2908 2768 2973 solo
2812 2909 3311 2975 Philistaeorum
3358 2908 3663 2991 adspectu
3709 2909 3938 2975 territi.
3987 2909 4176 2975 Sem·

2254 3012 2371 3075 per
2427 2993 2603 3058 enim
2647 2994 2728 3057 ad
2776 2993 2935 3060 haec
2991 2994 3299 3059 inferiora
3343 3007 3407 3060 et
3451 2994 3689 3060 caduca
3732 2996 4176 3061 convertimus

2256 3078 2492 3153 oculos,
2556 3090 2621 3142 et
2675 3082 2730 3144 si
2788 3079 2942 3162 quid
3002 3080 3288 3145 arridere
3342 3079 3527 3145 nobis
3581 3094 3649 3144 et
3703 3081 3922 3145 favere
3965 3081 4180 3163 primo

2253 3165 2466 3229 visum
2528 3164 2741 3242 fuerit,
2807 3167 3029 3231 statim
3092 3166 3439 3244 efferimur,
3503 3178 3570 3229 et
3634 3167 3919 3248 superbe
3983 3175 4176 3248 atque

2253 3249 2615 3314 insolenter
2672 3249 2751 3315 de
2810 3251 2996 3317 nobis
3054 3252 3402 3316 sentimus:
3460 3264 3687 3317 eontra
3726 3252 3781 3316 si
3826 3250 3983 3334 quid
4027 3270 4177 3335 gra-

2255 3335 2402 3401 vius
2453 3335 2814 3415 immineat,
2872 3337 3094 3401 statim
3137 3336 3551 3416 concidimus,
3609 3346 3677 3401 et
3717 3340 3928 3401 instar
3970 3357 4179 3419 aquae

2254 3421 2628 3486 diffluimus.
2741 3420 3043 3506 Denique
3106 3432 3297 3505 prout
3363 3424 3545 3487 varia
3610 3443 3824 3488 rerum
3900 3432 4176 3506 apparet

2254 3507 2521 3588 species,
2613 3507 2890 3573 subinde
2976 3520 3308 3573 mutamur
3392 3509 3633 3574 Proteo
3719 3508 4172 3584 instabiliores,

2254 3592 2444 3658 modo
2501 3604 2679 3657 metu
2734 3593 3108 3668 diffinimus,
3169 3594 3362 3658 modo
3421 3615 3637 3659 rerum
3694 3592 4012 3658 laetarum
4058 3593 4174 3658 ad-

2253 3690 2497 3760 spectu,
2543 3678 2909 3744 efferimur:
2952 3680 3011 3745 si
3055 3677 3339 3744 mundus
3383 3679 3696 3761 arriserit,
3741 3680 3796 3744 si
3842 3678 4176 3746 blanditiis

2254 3763 2598 3839 delinierit,
2643 3767 2698 3830 si
2744 3765 2998 3830 viribus
3032 3766 3333 3831 instructi
3377 3764 3459 3830 ad
3506 3763 3939 3830 resistendum
3974 3764 4177 3829 hosti·

2256 3849 2375 3914 bus
2420 3850 2755 3929 fuerimus,
2799 3851 3052 3915 nullum
3099 3849 3359 3914 modum
3404 3851 3830 3928 servabimus,
3874 3863 3943 3916 et
3984 3852 4172 3915 mali·

2254 3937 2409 3999 tiam
2456 3953 2530 3998 ac
2574 3936 3061 4017 perversitatem
3108 3937 3400 4000 innatam
3448 3935 3835 4018 prodemus:
3893 3936 4175 4019 denique

2254 4020 2521 4086 audacia
2589 4034 2655 4085 et
2718 4024 3090 4106 arrogantia
3154 4033 3463 4104 tanquam
3532 4022 3896 4104 phrenetici
3961 4023 4173 4106 agita-

2253 4107 2489 4173 bimur.
2576 4106 2683 4170 Ex
2741 4108 2972 4190 quibus
3023 4106 3319 4172 omnibus
3377 4118 3645 4190 apparet
3688 4129 3804 4171 nos
3847 4128 4173 4190 quaecun-

2252 4214 2377 4275 que
2422 4192 2605 4257 nobis
2663 4194 3102 4275 proponimus,
3157 4193 3330 4257 idola
3374 4193 3605 4269 facere,
3664 4204 3731 4257 et
3774 4214 3876 4258 res
3919 4203 4170 4257 creatas

2252 4299 2413 4361 quas
2459 4278 2638 4341 Deus
2684 4278 2870 4343 nobis
2911 4279 2980 4341 in
3024 4278 3334 4343 auxilium
3383 4279 3649 4343 dederat
3692 4277 3978 4343 adorare.
4036 4277 4166 4341 Ne·

2252 4385 2375 4446 que
2435 4385 2587 4428 vero
2643 4366 2914 4431 stoicam
2971 4361 3369 4442 ἀναισθησίαν
3412 4365 3800 4429 invehimus.
3887 4363 4058 4429 Nam
4103 4371 4172 4427 et

2251 4449 2444 4515 rebus
2487 4449 2789 4514 secundis
2834 4449 3249 4532 gaudendum
3299 4463 3414 4527 est,
3460 4462 3526 4514 et
3569 4449 3756 4514 laetis
3800 4446 4165 4523 fruendum,

2251 4548 2318 4600 et
2375 4535 2445 4598 in
2503 4536 2584 4600 iis
2628 4534 2754 4598 Dei
2814 4538 2998 4600 favor
3040 4534 3606 4616 contemplandus:
3670 4555 3898 4598 verum
3945 4544 4166 4598 tamen

2251 4622 2342 4687 sic
2400 4631 2477 4684 ut
2537 4620 2620 4684 ad
2664 4620 2880 4686 Deum
2927 4641 3183 4704 semper
3227 4640 3660 4703 assurgamus,
3721 4632 3788 4683 et
3832 4620 4018 4684 illum
4062 4638 4167 4682 so·

2250 4707 2388 4772 lum
2431 4707 2819 4785 intueamur,
2880 4706 2962 4771 ab
3029 4708 3172 4772 istis
3229 4705 3422 4771 rebus
3466 4706 3882 4770 inferioribus
3926 4714 3992 4768 et
4034 4716 4168 4770 ter-

2250 4792 2566 4857 restribus
2609 4793 2826 4857 oculos
2870 4802 3258 4858 avertentes.
3315 4791 3484 4855 Nam
3525 4791 3699 4856 unde
3741 4792 3817 4856 fit
3861 4802 3935 4854 ut
3977 4810 4171 4872 saepe

2251 4890 2472 4943 nostra
2537 4898 2651 4961 spe
2732 4877 3125 4953 excidamus,
3204 4880 3330 4942 nisi
3399 4876 3566 4960 quod
3643 4882 3883 4940 honore
3950 4877 4170 4942 debito

2251 4964 2462 5028 Deum
2522 4962 2895 5045 spoliamus.
2983 4963 3147 5029 Inde
3204 4961 3454 5039 accidit,
3513 4970 3590 5027 ut
3647 4962 3703 5027 si
3750 4963 3963 5027 minae
4018 4982 4166 5045 pro·

2249 5060 2591 5133 ponantur,
2648 5050 2703 5113 si
2763 5049 3050 5133 pericula
3109 5051 3438 5132 ingruant,
3494 5048 3547 5114 si
3605 5047 3801 5112 duces
3859 5068 3987 5112 non
4052 5048 4168 5111 ha·

2249 5138 2535 5209 beamus,
2592 5136 2648 5199 si
2710 5136 3105 5200 munitiones
3162 5135 3561 5199 necessariae
3618 5133 3850 5210 desint,
3911 5134 3968 5197 si
4013 5132 4169 5215 quid

2249 5221 2525 5304 denique
2570 5220 2862 5301 defuerit,
2906 5221 3128 5286 statim
3164 5229 3343 5284 metu
3379 5219 3830 5303 percellamur,
3875 5223 4170 5283 animum
