5059 6059
251 357 358 423 509

1516 357 1612 422 IN
1653 357 1702 421 Ι.
1752 355 1932 422 LIB.
1979 353 2380 423 SAMUEL.
2427 354 2621 421 OAP.
2667 354 2929 428 XXIV.

4100 354 4228 420 510

286 554 616 614 revocatus
659 544 900 610 iniuria
945 553 1395 628 persequatur.
1485 544 1716 628 Neque
1761 565 1922 611 vero
1968 544 2171 610 simu·
2223 565 2254 598 v·
2279 543 2362 610 ad
2405 545 2618 627 ipsum
2665 545 3090 630 confugiendi
3128 546 3197 610 in
3246 545 3437 612 rebus
3483 545 3779 629 angustis
3823 543 4224 610 occasionem

271 643 394 700 atas
425 632 588 697 istas
620 651 815 697 voces
849 628 1267 708 arbitremur,
1313 649 1473 712 quas
1510 631 1838 715 lacrymae
1860 641 2173 713 sequutae

252 728 417 796 sunt,
477 726 676 783 testes
740 716 1175 783 conscientiae
1234 737 1398 800 quae
1457 717 1669 800 ipsum
1719 715 2172 801 redarguebat,

251 815 310 872 et
327 824 485 887 quae
509 802 878 868 naturalem
918 801 1202 886 aliquem
1241 802 1544 868 affectum
1590 804 1834 868 bonum
1879 804 1948 868 in
1973 800 2173 869 Saule

250 891 554 973 reliquum
616 887 1052 966 declarabant,
1113 895 1187 953 ut
1235 891 1473 953 merito
1520 888 1645 953 dici
1692 909 1882 974 posse
1926 889 2175 953 videre-

249 987 344 1042 tur
393 975 475 1039 ad
520 995 748 1040 sanam
793 984 1081 1039 mentem
1128 972 1430 1053 rediisse,
1490 983 1556 1038 et
1599 974 1753 1041 facti
1796 975 1897 1039 861
1942 974 2171 1058 poeni-

248 1061 431 1128 tentia
476 1060 643 1138 duci,
691 1059 862 1143 quod
910 1070 1043 1124 tam
1090 1057 1338 1142 perfide
1382 1058 1637 1125 fidelem
1686 1081 1950 1127 servum
2003 1071 2174 1126 esset

247 1157 694 1233 persequutus:
756 1155 943 1211 tanta
1001 1144 1127 1210 fuit
1171 1143 1448 1210 Davidis
1493 1147 1679 1213 vocis
1720 1147 1836 1226 vis,
1885 1155 1959 1211 ut
2004 1146 2173 1211 hanc

244 1233 701 1300 confessionem
742 1231 840 1297 illi
877 1230 1188 1297 elicuerit.
1236 1231 1326 1296 Et
1372 1251 1504 1296 non
1550 1231 1819 1297 dubium
1865 1240 1965 1297 est
2011 1233 2171 1313 quin

247 1320 409 1385 Deus
465 1320 685 1402 ipsum
744 1316 1217 1400 quodammodo
1273 1315 1613 1398 sublevare
1672 1318 1953 1382 voluerit
1994 1317 2171 1383 labo·

241 1413 519 1471 rantem:
567 1412 646 1468 ut
684 1405 754 1467 in
803 1409 1135 1487 posterum
1180 1403 1467 1486 reliquas
1510 1404 1873 1469 affictiones
1916 1404 2169 1487 patien-

241 1504 333 1556 ter
385 1491 559 1555 ferre
617 1501 1093 1572 perseveraret,
1156 1490 1268 1572 qui
1331 1487 1660 1555 didicisset
1706 1490 1930 1556 doctus
1974 1510 2172 1574 expe·

241 1577 500 1656 rientia,
569 1576 786 1640 Deum
854 1596 987 1639 non
1056 1576 1436 1658 permittere
1503 1595 1655 1641 suos
1722 1576 1788 1639 in
1858 1574 2166 1658 praedam

238 1661 524 1728 hostibus
604 1661 834 1726 cedere
915 1660 1252 1726 laniandos
1317 1670 1385 1724 et
1450 1659 1777 1727 vorandos
1845 1662 1924 1727 ab
1989 1661 2165 1745 ipsis,

234 1748 373 1815 licet
414 1748 485 1811 in
530 1746 705 1829 ipsas
750 1746 955 1813 veluti
1003 1747 1302 1830 luporum
1346 1746 1566 1813 fauces
1610 1746 1986 1813 inciderint:
2052 1746 2165 1812 sed

232 1833 480 1900 fidelem
523 1853 665 1898 6886
701 1841 1051 1915 pastorem,
1095 1833 1205 1915 qui
1243 1852 1398 1897 suas
1443 1853 1598 1899 oves
1634 1831 1949 1900 adversus
1973 1853 2167 1916 quas-

233 1919 382 1985 libet
412 1919 708 1984 ferarum
752 1920 1159 1984 incursiones
1204 1929 1504 2001 protegat
1549 1929 1616 1982 et
1659 1927 1943 1983 tueatur.
2030 1918 2166 1983 Nos

229 2007 438 2088 itaque
499 2004 831 2069 discamus
884 2024 1013 2069 non
1060 2024 1282 2069 eorum
1330 2024 1474 2069 esse
1518 2004 1952 2070 conditionem
2001 2006 2164 2087 opti·

224 2111 384 2155 mam
451 2090 564 2173 qui
633 2111 1028 2173 magnopere
1092 2110 1237 2154 seso
1304 2090 1621 2168 efferunt,
1682 2102 1748 2155 et
1807 2089 1971 2154 nihil
2035 2090 2165 2155 nisi

221 2176 608 2261 sanguinem
665 2188 733 2240 et
791 2174 1019 2241 caedes
1066 2196 1172 2241 cre
1221 2185 1368 2241 ant:
1433 2175 1546 2242 sed
1597 2176 1818 2264 beatos
1863 2196 2008 2242 esse
2052 2177 2162 2259 qui

223 2264 333 2328 sub
381 2262 507 2327 Dei
570 2260 778 2326 tutela
822 2273 889 2326 et
934 2262 1145 2344 praesi
1194 2261 1254 2327 io
1300 2262 1622 2344 patienter
1669 2262 1945 2327 aliorum
1993 2261 2166 2326 iniu-

225 2349 346 2413 rias
398 2349 644 2413 ferunt.
735 2346 1124 2412 Cavendum
1167 2346 1392 2430 itaque
1437 2369 1520 2413 66
1564 2348 1902 2430 praecipiti
1948 2348 2163 2412 studio

225 2434 402 2499 nobis
462 2431 808 2499 consulere
862 2429 1273 2498 studeamus:
1335 2433 1519 2499 cuius
1576 2434 1826 2498 exitum
1887 2432 2026 2498 fore
2071 2436 2165 2498 in-

222 2519 627 2585 fortunatum
673 2517 858 2584 Deus
914 2516 1218 2583 ostendit.
1312 2519 1523 2584 Deine
1585 2519 1993 2584 voluntatem
2051 2518 2164 2585 ho-

219 2605 595 2671 munciones
631 2602 1176 2669 immutabimus?
1225 2603 1669 2687 Quamobrem
1705 2604 1809 2669 his
1854 2605 2162 2688 tempori-

220 2690 353 2771 bus,
397 2689 645 2774 quibus
680 2689 1002 2775 evangelii
1050 2690 1263 2756 lucem
1312 2690 1536 2756 hostes
1583 2691 1957 2774 opprimere
2003 2692 2160 2755 viri-

222 2775 333 2843 bus
398 2776 711 2841 omnibus
768 2776 1087 2853 nituntur,
1147 2796 1501 2842 caveamus
1546 2798 1659 2851 ne,
1721 2776 1871 2842 licet
1916 2777 2161 2841 multae

218 2864 504 2928 rationes
550 2872 895 2928 occurrant
940 2882 1071 2927 non
1118 2872 1372 2926 tantum
1433 2862 1786 2946 effugiendi
1847 2863 2157 2945 pericula,

217 2947 325 3013 sed
400 2949 606 3014 etiam
682 2947 1100 3031 evangelium
1156 2947 1458 3031 plurimis
1517 2948 1675 3013 locis
1733 2947 2158 3032 propagandi,

215 3033 576 3182 quidquam
652 3041 869 3098 tamen
939 3043 1185 3098 temere
1243 3033 1706 3117 suscipiamus,
1781 3034 1909 3099 nisi
1969 3035 2157 3100 firmo

243 3120 648 3185 undamento
707 3119 1017 3197 nitamur,
1072 3117 1247 3202 quod
1304 3120 1545 3203 alioqui
1603 3134 1872 3185 conatus
1930 3139 2158 3186 omnes

215 3206 416 3270 nostri
500 3205 642 3270 sint
724 3205 892 3270 irriti
960 3205 1186 3269 futuri.
1290 3204 1710 3290 Quapropter
1775 3226 1881 3271 res
1945 3207 2158 3271 omnis

215 3290 348 3356 Deo
415 3289 927 3367 committenda,
996 3304 1062 3355 et
1127 3290 1210 3355 ad
1277 3291 1480 3374 ipsius
1547 3292 1868 3358 auxilium
1934 3292 2158 3358 confu-

209 3376 548 3460 giendum,
606 3390 683 3442 ut
778 3377 842 3440 ui
899 3377 1248 3441 autoritate
1292 3376 1510 3459 aliqua
1553 3377 1771 3460 pollet,
1817 3397 1896 3442 ea
1937 3385 2159 3443 tamen

208 3463 301 3526 uti
355 3462 482 3528 sibi
553 3482 688 3528 non
769 3461 940 3528 icere
998 3483 1037 3527 a
1086 3474 1327 3538 noscat,
1385 3463 1510 3529 nisi
1557 3464 1741 3529 Deus
1801 3462 2039 3543 iubeat,
2084 3484 2159 3529 ac

207 3548 483 3613 minime
549 3547 806 3614 dubitet
849 3548 1009 3631 quin
1124 3568 1239 3613 668
1284 3547 1680 3614 humilitatis
1723 3549 1931 3633 ipsius
1976 3551 2160 3615 testis

202 3634 303 3708 sit,
349 3646 421 3699 et
463 3654 676 3717 quum
723 3642 1162 3717 opportunum
1209 3634 1334 3698 erit
1377 3635 1458 3699 ad
1506 3634 1828 3700 auxilium
1859 3644 2160 3701 accurrat

201 3717 555 3796 laboranti,
615 3718 785 3803 quod
845 3718 1150 3785 omnibus
1207 3719 1551 3803 praesidiis
1612 3720 1920 3786 humanis
1965 3721 2160 3806 longe

197 3804 283 3869 sit
339 3805 785 3873 excellentius
845 3804 1164 3870 futurum.
1254 3805 1346 3870 Et
1405 3805 1565 3871 haec
1626 3804 2004 3871 meditanda
2061 3815 2162 3872 est

197 3889 505 3956 doctrina
569 3890 848 3957 Davidis
916 3890 1251 3975 exemplo,
1324 3911 1515 3974 quem
1580 3891 1804 3958 Saulis
1861 3892 2157 3957 animum

197 3976 384 4059 prius
447 3978 560 4042 ira
604 3985 670 4042 et
712 3975 862 4042 odio
906 3976 1221 4043 adversus
1262 3976 1479 4061 ipsum
1526 3978 1854 4043 furentem
1899 3977 2161 4044 leniisse

204 4071 265 4125 et
309 4061 621 4146 placasse
664 4061 884 4128 verbis
929 4062 1157 4128 amicis
1201 4062 1803 4130 animadvertimus.
1849 4063 1944 4128 Et
1986 4062 2157 4147 quod

201 4146 323 4214 hoc
368 4148 761 4231 exemplum
805 4147 993 4213 nobis
1036 4148 1242 4213 oculis
1278 4149 1562 4228 subiicit,
1607 4149 1780 4215 idem
1826 4149 1896 4214 in
1918 4169 2160 4232 genere

201 4230 478 4299 Solomo
567 4232 789 4299 docet:
854 4233 1150 4300 Lenibus
1214 4232 1436 4300 verbis
1503 4236 1820 4301 violentos
1885 4235 2159 4302 affectus

199 4327 262 4384 61
318 4319 745 4387 iracundiam
796 4320 1034 4405 frangi.
1121 4320 1258 4386 Nos
1303 4322 1508 4406 igitur
1549 4320 1994 4405 improborum
2042 4321 2157 4385 ho·

200 4405 459 4471 minum
535 4414 607 4471 et
676 4406 1124 4490 arrogantium
1200 4406 1412 4472 minas
1471 4417 1538 4472 et
1589 4405 1863 4473 consilia
1920 4407 2159 4490 quibus

199 4489 366 4556 nihil
430 4491 569 4557 nisi
637 4490 948 4569 dedecus,
1016 4491 1330 4575 iniurias,
1388 4491 1618 4559 caedes
1696 4492 2161 4559 machinantur

199 4578 513 4657 fructuri,
587 4588 811 4643 nostra
873 4577 1247 4643 innocentia
1303 4598 1425 4644 nos
1483 4587 1821 4657 tueamur,
1888 4598 1961 4644 re
2017 4579 2158 4662 ipsa

198 4660 622 4729 declaremus
680 4684 798 4730 nos
852 4683 984 4728 non
1042 4684 1281 4746 cupere
1339 4664 1512 4729 mala
1546 4664 1738 4730 malis
1781 4663 2158 4749 rependere,

196 4748 308 4813 sed
339 4751 439 4814 ita
478 4759 715 4814 tamen
748 4758 825 4815 ut
858 4749 1339 4831 improbitatem
1388 4758 1457 4815 et
1499 4751 1818 4816 malitiam
1863 4754 2157 4834 ipsorum

197 4853 324 4899 non
363 4833 887 4913 dissimulemus,
931 4833 1044 4900 sed
1069 4835 1423 4901 eorundem
1469 4837 1674 4902 oculis
1715 4837 2155 4921 subiiciamus‚

194 4923 544 5005 ingratum
609 4920 904 4985 animum
963 4921 1451 5004 exprobremus,
1519 4932 1584 4987 et
1630 4923 1891 4988 tandem
1937 4943 2156 5007 perse·

195 5006 595 5071 vorantibus
640 5006 711 5070 in
756 5006 1165 5072 contumacia
1209 5018 1274 5073 et
1318 5006 1672 5073 rebellione
1716 5006 1890 5073 diem
1934 5028 2153 5075 coram

193 5087 322 5158 Dei
385 5091 720 5158 tribunali
781 5091 1092 5168 dicamus,
1150 5101 1225 5157 ut
1288 5093 1517 5160 fecisse
1572 5093 1900 5161 Davidem
1960 5105 2156 5161 antea

193 5177 516 5244 vidimus.
618 5175 832 5256 Quam
888 5178 1206 5243 rationem
1266 5191 1609 5262 sequentes
1652 5200 1739 5245 ne
1783 5177 2157 5246 dubitemus

193 5263 356 5345 quin
403 5263 609 5329 Deus
651 5272 968 5348 protegat,
1027 5284 1275 5346 suoque
1317 5265 1565 5332 auxilio
1609 5267 1703 5333 816
1744 5265 2031 5347 adiuvet,
2079 5274 2155 5333 ut

2276 628 2671 712 habeamus,
2731 643 2796 696 et
2854 631 2925 696 in
2986 630 3307 715 patientia
3362 650 3482 696 nos
3527 628 3995 709 confirmandi,
4050 631 4223 714 quod

2275 716 2483 800 ipsius
2560 717 2881 783 auxilium
2948 717 3204 801 experti
3274 736 3404 782 non
3471 714 3847 781 dubitemus
3913 717 4073 799 quin
4139 716 4223 782 ad

2276 802 2477 866 finem
2515 823 2724 886 usque
2759 803 2848 868 sit
2882 806 3402 868 continuaturus.
3452 803 3549 867 Ac
3593 799 3864 884 proinde
3907 801 4001 868 sic
4044 821 4223 866 com-

2275 889 2488 971 parati
2547 889 2823 968 erimus,
2881 900 2955 954 ut
3014 901 3344 971 acceptam
3402 888 3710 953 iniuriam
3771 887 3826 952 si
3891 888 4103 952 altera
4158 897 4224 953 et

2276 974 2472 1039 tertia
2507 984 2840 1058 sequatur,
2886 976 3215 1059 patienter
3243 975 3528 1040 feramus
3573 993 3649 1039 ea
3692 972 4219 1054 mansuetudine,

2274 1081 2467 1142 quam
2517 1059 2702 1125 Deus
2747 1061 2943 1140 iubet,
2990 1059 3288 1145 praediti.

2448 1143 2581 1212 Sed
2640 1148 2814 1230 agite
2869 1145 3090 1213 Saulis
3148 1146 3592 1229 expendamus
3650 1143 3946 1229 singulas
4008 1165 4218 1223 voces,

2233 1243 2246 1252 ·
2275 1230 2603 1296 Davidem
2624 1231 2833 1313 filium
2855 1253 3043 1298 suum
3080 1241 3291 1310 vocat,
3328 1230 3873 1313 quemadmodum
3911 1242 3977 1294 et
4001 1230 4218 1296 David

2261 1321 2515 1399 patrem
2567 1318 2784 1400 ipsum
2841 1318 3233 1402 appellarat:
3293 1338 3420 1381 non
3480 1329 3734 1381 tantum
3800 1325 4067 1399 propter
4111 1337 4221 1382 ne-

2274 1402 2742 1468 cessitudinem
2789 1415 2856 1469 et
2909 1404 3246 1469 affinitatis
3281 1391 3853 1477 coniunctionem,’
3868 1402 4037 1484 quod
4073 1399 4220 1468 Da-

2274 1487 2410 1554 vidi
2436 1487 2600 1554 Saul
2647 1489 2850 1554 filiam
2895 1511 3081 1555 suam
3121 1488 3587 1566 collocavisset,
3634 1487 3748 1552 sed
3796 1489 3994 1552 etiam
4039 1488 4213 1571 quod

2274 1595 2461 1657 reges
2531 1594 2608 1640 ac
2667 1575 2993 1659 principes
3057 1596 3217 1659 erga
3276 1573 3566 1639 subditos
3626 1583 3884 1655 oportet
3936 1583 4214 1656 paterno

2273 1661 2509 1724 affectu
2536 1680 2679 1726 esse
2704 1662 3050 1744 praeditos.
3088 1659 3411 1744 Equidem
3436 1680 3596 1724 vero
3622 1658 3947 1726 Davidem
3986 1660 4217 1743 fateor,

2272 1766 2402 1811 non
2465 1745 2661 1811 talem
2725 1767 2882 1831 erga
2939 1768 3009 1812 se
3067 1745 3334 1813 Saulem
3394 1756 3738 1828 expertum
3797 1744 4035 1810 fuisse:
4096 1745 4214 1810 sed

2271 1830 2488 1913 potius
2549 1844 2909 1915 tyrannum
2969 1842 3036 1897 et
3093 1831 3481 1915 improbum.
3572 1831 4049 1896 Verumtamen
4103 1830 4218 1895 illa

2271 1937 2429 1984 voce
2494 1916 2720 1983 David
2787 1917 3055 1984 Saulem
3133 1917 3444 1983 excitavit
3519 1922 3599 1981 ut
3662 1917 3947 1982 officium
4014 1936 4211 1981 suum

2268 2014 2671 2087 agnosceret,
2730 2015 2796 2069 et
2846 2004 3323 2069 humanitatem
3372 2001 3663 2086 aliquam
3707 2002 3821 2067 illa
3866 2001 4218 2085 compella·

2269 2089 2447 2154 tione
2501 2089 2711 2172 patris
2768 2089 3142 2156 admonitus
3200 2088 3536 2168 indueret,
3608 2096 3677 2152 et
3734 2087 3818 2152 ad
3876 2088 4211 2153 meliorem

2269 2185 2556 2241 mentem
2624 2174 2888 2241 rediret.
2981 2175 3140 2242 Saul
3201 2175 3405 2259 igitur
3465 2195 3626 2240 voce
3670 2173 3784 2238 illa
3826 2183 4209 2250 commotus,

2267 2281 2418 2325 eum
2475 2261 2682 2326 filium
2744 2271 2935 2328 vocat
2977 2282 3167 2345 quem
3215 2271 3410 2326 antea
3455 2271 3766 2343 tanquam
3811 2259 4211 2342 perduellem

2268 2353 2335 2412 et
2396 2345 2655 2413 hostem
2719 2348 2905 2433 regni
2966 2347 3417 2413 detestabilem
3480 2344 3783 2410 omnibus
3840 2345 4099 2422 fecerat,
4145 2353 4214 2410 61

2267 2431 2350 2497 ad
2396 2443 2675 2497 mortem
2712 2453 2861 2499 cum
2904 2433 3163 2517 magnis
3207 2433 3408 2516 copiis
3450 2432 3882 2515 quaesiverat.
3958 2430 4211 2495 Filium

2266 2518 2536 2601 inquam
2582 2527 2786 2599 vocat,
2846 2529 2913 2584 et
2956 2527 3293 2603 praeterea
3337 2539 3408 2584 se
3451 2516 3772 2601 perfidum
3819 2528 3886 2581 et
3928 2515 4209 2597 prodito·

2267 2624 2406 2669 rem
2463 2603 2709 2670 fatetur
2766 2614 2832 2670 et
2890 2605 3206 2689 agnoscit.
3280 2602 3450 2685 Quis
3507 2622 3669 2668 vero
3726 2602 3958 2668 fuisset
4012 2622 4213 2667 ausus

2265 2710 2488 2774 regem
2563 2689 2759 2756 huius
2823 2691 3116 2757 criminis
3181 2687 3613 2754 insimulare?
3718 2687 3886 2768 Quis
3940 2688 4215 2770 impune

2266 2775 2548 2860 tulisset,
2593 2777 2705 2860 qui
2730 2797 2949 2860 regem
2987 2786 3343 2861 tyrannum
3390 2787 3457 2839 et
3513 2774 3882 2856 improbum
3921 2774 4215 2851 dixisset,

2264 2860 2680 2928 innocentem
2727 2861 3079 2939 hominem,
3125 2870 3190 2926 et
3232 2862 3335 2927 cui
3382 2860 3687 2943 plurimis
3734 2859 4065 2925 beneficiis
4102 2857 4213 2924 de-

2264 2946 2522 3013 vinctus
2568 2956 2713 3013 erat
2755 2958 2893 3013 tam
2937 2946 3294 3015 crudeliter
3338 2957 3857 3029 persequentem.
3936 2944 4111 3009 Nam
4154 2944 4211 3010 si

2262 3032 2543 3099 Davidis
2591 3053 2854 3101 causam
2912 3054 3063 3100 cum
3108 3031 3330 3098 Saulis
3371 3051 3730 3115 compares,
3790 3031 3989 3095 istum
4036 3028 4211 3095 dices

2263 3139 2395 3185 non
2455 3119 2741 3202 potuisse
2799 3119 2879 3185 (16
2937 3119 3049 3185 1116
3104 3118 3449 3201 conqueri,
3508 3137 3629 3181 nec
3682 3115 3976 3200 potuisse
4031 3113 4211 3181 111168

2263 3204 2657 3270 iniustitiam
2695 3225 3037 3272 accusare:
3081 3203 3414 3288 loquimur
3456 3215 3673 3267 autem
3698 3200 3779 3266 de
3816 3200 4106 3266 humana
4149 3207 4216 3265 et

2261 3291 2438 3356 civili
2497 3291 2675 3355 inter
2732 3291 3030 3357 homines
3088 3290 3373 3372 iustitia,
3429 3299 3504 3353 ut
3562 3286 3883 3371 quomodo
3941 3307 4011 3353 se
4056 3306 4214 3369 erga

2262 3373 2532 3443 Saulem
2593 3376 2813 3443 David
2870 3376 3150 3461 gesserit
3205 3375 3675 3459 intelligamus.
3784 3371 3945 3440 Saul
4008 3372 4214 3456 igitur

2260 3462 2535 3545 ipsemet
2594 3483 2711 3545 pro
2755 3460 3015 3528 Davide
3071 3460 3333 3538 iudicat,
3392 3470 3459 3525 et
3518 3459 3725 3543 ipsius
3769 3458 4212 3525 innocentiam

2260 3550 2575 3631 agnoscit,
2621 3569 2818 3631 quam
2864 3567 3059 3614 nemo
3104 3547 3425 3614 voluisset
3470 3566 3552 3611 ex
3597 3544 3827 3610 aulicis
3868 3554 3986 3610 aut
4028 3543 4217 3629 plebe

2260 3635 2451 3711 tueri,
2510 3654 2672 3717 quos
2729 3654 2958 3700 omnes
3015 3633 3234 3717 potius
3279 3631 3466 3698 Sauli
3511 3631 3899 3715 opportebat
3942 3628 4216 3706 adulari,

2260 3731 2323 3784 et
2369 3717 2697 3785 Davidem
2755 3740 2872 3802 pro
2928 3718 3222 3803 improbo
3265 3717 3492 3783 haberi
3537 3737 3729 3800 quem
3778 3715 3942 3783 Saul
3988 3714 4212 3781 oderat

2262 3815 2329 3870 et
2364 3806 2897 3889 persequebatur.
2945 3808 3164 3888 Atque
3199 3804 3364 3869 istae
3407 3816 3563 3868 sunt
3610 3803 3886 3868 nimium
3935 3803 4211 3866 usitatae

2261 3892 2432 3956 inter
2467 3890 2769 3958 homines
2805 3889 3233 3957 adulationes.
3283 3889 3451 3954 Nam
3490 3887 3663 3971 quod
3710 3887 3956 3953 iudices
4004 3887 4209 3952 hono-

2262 3975 2453 4042 randi
2513 3988 2693 4057 sunt,
2755 3987 2820 4042 61
2876 3977 3151 4042 decretis
3194 3996 3268 4042 ac
3312 3975 3657 4041 sententiis
3692 3975 3984 4057 ipsorum
4030 3986 4208 4039 stan-

2261 4061 2420 4128 dum
2464 4075 2530 4129 et
2574 4061 3111 4147 acquiescendum
3157 4071 3275 4139 est,
3327 4059 3498 4143 quod
3543 4060 3831 4143 alioquin
3870 4058 4116 4143 passim
4138 4057 4209 4121 in

2263 4149 2458 4213 terris
2502 4149 2773 4215 confusa
2813 4149 3034 4214 omnia
3078 4155 3312 4227 essent,
3375 4145 3516 4223 hoc,
3575 4145 3863 4229 inquam,
3922 4144 4208 4227 specioso

2262 4242 2628 4317 praetextu,
2719 4235 2785 4300 ui
2833 4234 2914 4298 ad
2960 4254 3182 4298 161616
3230 4231 3674 4316 gubernacula
3719 4229 3967 4307 sedent,
4013 4239 4080 4294 et
4122 4227 4205 4293 ad

2264 4318 2604 4405 dignitatis
2727 4320 2943 4403 iquem
3004 4318 3279 4403 gradum
3335 4317 3545 4385 evecti
3588 4327 3767 4397 sunt,
3824 4317 3978 4381 licet
4020 4324 4206 4399 petu-

2263 4405 2628 4471 lantissime
2648 4426 2721 4473 se
2756 4415 3006 4491 gerant,
3051 4404 3434 4486 coelumque
3470 4413 3684 4469 terrae
3725 4402 3995 4466 miscere
4040 4399 4207 4467 velle

2261 4489 2633 4572 videantur,
2696 4491 2971 4574 Deoque
3016 4491 3144 4574 ipsi
3186 4499 3254 4555 et
3297 4499 3574 4555 naturae
3617 4487 3844 4552 iniurii
3886 4485 4039 4566 sint,
4085 4483 4206 4550 sibi

2261 4586 2476 4643 tamen
2539 4576 2668 4643 ista
2725 4598 2857 4643 non
2916 4578 3261 4662 patiuntur
3318 4575 3530 4655 obiici,
3587 4593 3798 4657 neque
3856 4571 4208 4657 reprehen-

2260 4663 2510 4729 sionem
2575 4662 2851 4729 alicuius
2893 4662 3280 4728 admittunt:
3338 4661 3503 4744 quin
3546 4661 3678 4725 imo
3722 4660 4014 4744 graviter
4058 4677 4207 4723 suc·

2259 4757 2551 4829 censent,
2608 4749 2797 4833 quasi
2854 4748 2934 4814 (16
2992 4750 3284 4833 ipsorum
3340 4747 3663 4831 probitate
3717 4758 3784 4810 et
3827 4743 4207 4828 integritate

2260 4834 2678 4915 detrahatur,
2742 4834 2912 4919 quod
2969 4835 3152 4900 nefas
3205 4834 3313 4899 sit.
3405 4831 3536 4899 Sed
3589 4840 3663 4898 ut
3700 4831 3863 4897 istos
3906 4830 4205 4896 omittam

2256 4920 2660 5004 impudentis
2683 4921 2917 4987 frontis
2940 4920 3264 4997 homines,
3301 4927 3367 4983 et
3403 4918 3539 4985 suis
3585 4916 3764 4985 vitiis
3807 4915 4205 4983 condemna·

2257 5017 2380 5087 tos,
2424 5005 2580 5090 quid
2604 5006 2685 5072 de
2706 5007 2789 5074 iis
2826 5006 3119 5073 dicemus
3154 5004 3740 5078 concionatoribus,
3784 5002 3897 5085 qui
3944 5001 4205 5066 virtutis

2258 5093 2470 5176 specie
2550 5112 2745 5159 suum
2825 5113 3068 5158 munus
3134 5090 3502 5156 miserrime
3564 5086 3916 5174 polluunt?
4011 5088 4204 5166 Nam,

2258 5180 2474 5258 aiunt,
2536 5177 3062 5263 quandoquidem
3121 5175 3548 5259 magistratus
3603 5194 3708 5240 me
3752 5171 4002 5257 probat,
4105 5173 4204 5239 uis

2260 5263 2497 5331 merito
2556 5285 2663 5331 me
2722 5259 3209 5349 reprehendat?
3299 5262 3538 5327 Nonne
3582 5261 3952 5327 libertatem
3996 5258 4084 5323 ha
