5059 6059
716 300 846 365 587

724 509 934 571 neque
997 485 1306 571 speciosis
1364 484 1736 551 istiusmodi
1789 484 2154 557 rationibus
2213 486 2391 551 vinci
2450 486 2686 568 potuit.

723 574 1014 656 Ideoque
1072 568 1465 637 imitandum
1512 590 1589 637 eo
1636 567 2020 656 diligentius
2066 571 2442 655 exemplum
2488 571 2687 650 istud,

724 681 853 744 quo
931 657 1292 743 insignius,
1378 664 1453 721 ut
1519 654 1601 722 ad
1670 657 1918 725 malum
1979 656 2311 725 sollicitati
2374 658 2688 741 speciosis

722 744 924 812 etiam
948 741 1328 819 rationibus,
1375 740 1632 807 diabolo
1657 742 2089 825 persuadente
2124 762 2347 809 rerum
2392 745 2686 811 omnium

726 828 984 895 felicem
1044 829 1299 893 exitum
1357 826 1517 908 fore,
1579 826 1839 893 fortiter
1882 827 2254 894 istiusmodi
2302 829 2686 895 tentationi-

726 917 851 983 bus
874 915 1277 992 resistamus,
1302 923 1369 979 et
1392 913 1718 996 speciosas
1740 914 2029 980 rationes
2049 915 2491 980 confutemus:
2518 915 2687 981 serio

728 1021 849 1068 nos
893 1001 1368 1083 examinantes,
1414 1012 1480 1063 et
1523 997 1808 1064 blandiri
1853 1000 2039 1065 nobis
2085 999 2475 1077 desinentes,
2522 1000 2684 1065 adeo

726 1100 801 1153 ut
860 1086 1027 1151 nihil
1072 1085 1202 1151 nisi
1240 1084 1414 1167 quod
1464 1085 1811 1155 honestum
1855 1095 1922 1150 st
1963 1085 2108 1151 Deo
2152 1095 2413 1169 gratum
2458 1106 2685 1168 aceep-

727 1182 1005 1255 tumque
1064 1182 1164 1238 est
1221 1169 1715 1255 aggrediamur,
1776 1169 1892 1236 sed
1944 1172 2059 1239 ubi
2112 1171 2362 1237 malum
2420 1171 2686 1255 aliquod

729 1257 1129 1342 apparuerit,
1175 1257 1397 1321 statim
1443 1255 1831 1323 resiliamus.

903 1343 1109 1409 Porro
1169 1340 1499 1407 Davidem
1573 1342 1860 1409 noluisse
1933 1362 2204 1409 manum
2281 1343 2546 1409 mittere
2615 1344 2686 1409 in

731 1426 1001 1496 Saulem
1064 1437 1258 1492 antea
1316 1426 1624 1506 vidimus,
1682 1426 1855 1510 quod
1915 1436 2087 1494 esset
2143 1448 2261 1495 rex
2319 1436 2388 1492 et
2444 1435 2687 1497 unctus

733 1514 1022 1591 Domini,
1049 1534 1215 1597 quae
1238 1514 1405 1579 ratio
1431 1532 1606 1578 nunc
1649 1514 1842 1578 etiam
1890 1512 2070 1577 illum
2118 1515 2362 1579 retinet
2406 1536 2445 1579 a
2488 1514 2687 1579 caede

736 1599 983 1667 Saulis.
1038 1600 1198 1681 Quis
1240 1599 1425 1683 enim,
1470 1596 1710 1681 inquit,
1755 1599 2042 1665 extendet
2084 1619 2346 1665 manum
2384 1619 2573 1665 suom
2616 1601 2687 1664 in

724 1684 1058 1757 „Christum
1110 1682 1410 1761 Domini,
1481 1690 1540 1751 et
1594 1685 1887 1751 innocens
1943 1685 2107 1750 erit?
2208 1685 2460 1750 Fuerat
2511 1686 2685 1749 enim

735 1768 900 1841 Saul
926 1792 1047 1835 rex
1083 1790 1120 1834 a
1148 1770 1430 1835 Domino
1475 1770 1705 1837 factus.
1755 1771 1862 1837 Ex
1906 1791 2034 1853 quo
2079 1769 2406 1837 discamus
2442 1770 2685 1839 doetri-

737 1877 891 1922 nam
946 1854 1128 1921 illam
1180 1875 1345 1939 quae
1391 1855 1481 1921 ibi
1525 1863 1805 1922 tractata
1849 1866 1949 1921 est
1994 1857 2062 1921 in
2111 1877 2304 1921 usum
2342 1874 2686 1923 revocare:

736 1962 972 2025 nempe
1030 1961 1260 2006 omnes
1318 1941 1622 2006 venerari
1676 1949 1745 2008 et
1805 1941 2126 2007 honorare
2172 1942 2283 2024 qui
2326 1941 2556 2009 sedent
2603 1941 2688 2009 ad

736 2048 959 2093 rerum
982 2027 1443 2111 gubernacula,
1532 2025 1679 2106 uod,
1728 2038 1804 2092 ut
1839 2036 2060 2092 monet
2106 2027 2459 2110 apostolus,
2503 2029 2689 2094 nulla

736 2113 1023 2198 dignitas
1077 2114 1167 2179 sit
1223 2113 1351 2179 nisi
1394 2134 1434 2177 a
1551 2134 1655 2178 eo:
1712 2134 1786 2178 ae
1845 2111 2120 2196 proinde
2168 2112 2344 2179 bunc
2388 2113 2685 2179 ordinem

736 2220 776 2263 a
823 2200 965 2265 Deo
1023 2199 1452 2265 constitutum
1498 2197 1854 2264 violantem
1897 2200 2181 2265 sciamus
2226 2199 2351 2281 ipsi
2396 2200 2541 2265 Deo
2584 2201 2687 2265 in-

735 2283 983 2349 iurium
1028 2305 1188 2361 esse,
1251 2293 1315 2348 et
1359 2282 1679 2349 adversus
1723 2285 1938 2367 ipsum
1983 2284 2173 2351 insur
2220 2304 2348 2351 ere.
2438 2284 2688 2366 Quam·

735 2370 961 2436 obrem
1021 2389 1367 2436 caveamus
1420 2369 1775 2452 quidquam
1822 2368 2140 2439 adversus
2255 2390 2405 2435 eum
2453 2371 2686 2452 moliri,

738 2452 1078 2540 publicum
1138 2453 1436 2522 ordinem
1494 2455 1858 2523 violantes:
1917 2465 1983 2520 et
2032 2476 2141 2521 eos
2186 2455 2434 2520 honore
2468 2456 2688 2524 debito

738 2560 1231 2625 prosequamur,
1277 2561 1437 2622 quos
1481 2539 1667 2607 Deus
1710 2541 1779 2605 in
1827 2540 2110 2624 aliquem
2156 2542 2499 2625 dignitatis
2544 2564 2690 2627 gra·

739 2625 923 2692 dum.
957 2627 1195 2704 evexit,
1255 2636 1322 2689 et
1382 2626 1568 2692 nobis
1627 2626 1967 2710 praefecit:
2030 2626 2153 2693 hoc
2205 2648 2334 2693 uno
2377 2630 2688 2709 contenti,

738 2732 990 2779 sacram
1012 2711 1406 2794 scripturam
1445 2711 1691 2791 dooere,
1738 2734 1867 2778 non
1905 2733 2048 2779 esse
2095 2714 2501 2796 privatorum
2546 2736 2689 2781 sese

740 2796 1071 2863 attollere:
1131 2818 1208 2863 ac
1252 2796 1406 2863 licet
1451 2798 1640 2863 multi
1685 2798 2061 2882 ambitione,
2108 2798 2389 2864 avaritia
2431 2810 2500 2867 et
2541 2821 2687 2867 cru·-

740 2884 1009 2949 delitate
1051 2881 1425 2948 invaserint
1466 2881 1745 2966 imperia
1790 2894 1854 2948 et
1898 2905 2122 2968 regna,
2162 2892 2382 2950 tamen
2407 2885 2538 2949 Dei
2574 2906 2691 2952 vo·

737 2968 1063 3035 luntatem
1136 2967 1343 3051 pluris
1414 2988 1557 3035 esse
1621 2990 1820 3052 quam
1879 2971 2099 3037 omnia
2155 2970 2273 3035 illa
2329 2969 2692 3037 faciendam

734 3055 1053 3122 sciamus:
1124 3073 1198 3120 ac
1265 3052 1541 3137 proinde
1608 3076 1728 3120 nos
1792 3055 1926 3123 illis
1992 3056 2168 3121 ultro
2227 3055 2692 3124 submittamus

735 3161 899 3224 quos
926 3141 1110 3206 Deus
1155 3160 1345 3223 reges
1390 3150 1506 3205 aut
1550 3139 1849 3207 dominos
1898 3141 2084 3208 nobis
2127 3142 2458 3226 praefecit,
2506 3141 2690 3209 debi-

735 3236 1010 3309 tumque
1067 3225 1385 3291 honorem
1429 3226 1595 3309 ipsis
1640 3226 2086 3311 exhibeamus,
2147 3227 2458 3310 quamdiu
2503 3228 2688 3296 Deus

736 3313 1120 3397 superstites
1144 3311 1292 3376 illos
1336 3333 1479 3378 esse
1518 3312 1819 3377 voluerit.
1868 3312 2050 3379 Hinc
2096 3325 2436 3395 praeterea
2479 3312 2689 3382 disca-

737 3419 902 3475 mus,
945 3398 1089 3463 Deo
1124 3398 1277 3463 licet
1313 3397 1601 3480 aliquam
1645 3397 1718 3463 in
1764 3398 1985 3466 hostes
2029 3406 2423 3481 potestatem
2468 3420 2693 3466 conce·

739 3483 968 3561 dente,
1050 3491 1267 3549 tamen
1326 3504 1565 3549 manus
1630 3484 1968 3551 continere
2033 3505 2119 3549 ne
2184 3484 2338 3568 quid
2407 3486 2688 3568 amplius

739 3589 938 3651 quam
962 3568 1134 3651 quod
1160 3569 1653 3652 praescripserit
1679 3570 1861 3636 Deus
1882 3569 2379 3653 aggrediantur:
2408 3570 2690 3639 Davidis

739 3652 1114 3736 exemplum
1159 3655 1415 3732 imitati,
1453 3655 1565 3737 qui
1612 3654 1764 3720 licet
1800 3655 1928 3721 Dei
1973 3656 2516 3739 promissionibus
2562 3659 2690 3723 fre-

742 3750 849 3806 tus
895 3739 1084 3822 regni
1127 3759 1430 3805 coronam
1477 3740 1602 3806 sibi
1647 3739 1933 3806 debitam
1977 3752 2404 3824 exspectaret,
2467 3753 2691 3810 tamen

739 3825 1053 3891 festinare
1093 3824 1320 3903 noluit,
1380 3845 1592 3909 neque
1641 3826 1927 3892 oblatam
1973 3826 2287 3893 caedendi
2328 3828 2538 3895 hostis
2582 3851 2689 3896 oc·

740 3912 1073 3978 casionem
1116 3909 1424 4008 arripere,
1472 3911 1647 3995 quod
1693 3913 1989 3978 nondum
2036 3912 2382 3980 advenisse
2428 3924 2692 3998 tempus

739 4019 779 4065 a
834 3996 979 4061 Deo
1057 4002 1486 4061 constitutum
1550 3998 1864 4064 senserit:
1934 3997 2050 4064 sed
2110 4000 2329 4083 potius
2389 4004 2692 4082 privatus

738 4084 967 4150 vivere
1038 4101 1366 4164 parvoque
1430 4103 1573 4149 esse
1632 4091 1977 4150 contentus
2038 4085 2300 4160 maluit,
2375 4086 2693 4169 tantisper

739 4168 893 4233 dum
935 4167 1077 4250 ipse
1126 4165 1310 4231 Deus
1356 4187 1520 4249 opus
1563 4189 1752 4234 suum
1799 4182 2233 4252 promoveret.
2306 4171 2445 4237 Nos
2490 4172 2693 4256 igitur

741 4253 904 4319 nibil
958 4266 1205 4318 temere
1249 4252 1700 4335 suscipiamus,
1758 4254 1873 4321 sed
1917 4255 2140 4322 omnia
2180 4257 2354 4321 facta
2399 4256 2481 4323 ad
2527 4258 2696 4323 divi-

740 4359 896 4404 nam
954 4337 1270 4403 amussim
1330 4340 1703 4421 exigamus:
1769 4349 1838 4405 et
1882 4362 1968 4407 ne
2010 4341 2218 4409 latum
2264 4342 2526 4425 quidem
2571 4366 2693 4407 un-

739 4444 935 4509 guem
982 4444 1497 4505 promoveamus,
1545 4424 1675 4489 nisi
1718 4437 2037 4508 quantum
2063 4429 2245 4495 Deus
2279 4429 2694 4512 concesserit,

741 4510 853 4593 qui
879 4519 1175 4592 tempore
1198 4519 1566 4592 opportuno
1611 4520 1675 4575 et
1719 4512 2055 4577 commodo
2103 4535 2221 4579 nos
2265 4513 2347 4578 ad
2391 4523 2693 4597 optatum

741 4598 942 4661 finem
999 4593 1347 4677 perducet:
1408 4595 1602 4661 modo
1663 4596 1869 4679 ipsius
1912 4619 1981 4663 os
2026 4619 2286 4682 semper
2330 4601 2691 4684 interroge-

742 4703 906 4761 mus,
953 4691 1019 4745 et
1043 4678 1394 4764 diligenter
1439 4679 1610 4764 quod
1657 4683 1828 4747 facto
1873 4684 2001 4748 erit
2041 4705 2207 4766 opus
2250 4684 2684 4767 inquiramus:

742 4778 939 4849 atque
981 4765 1096 4830 ubi
1142 4766 1398 4848 quietos
1443 4787 1584 4831 esse
1628 4768 1908 4849 iusserit,
1968 4790 2051 4835 ne
2095 4770 2269 4835 ultra
2314 4771 2685 4854 progredia-

742 4873 911 4916 mur.
960 4851 1247 4932 Quinam
1271 4852 1336 4916 id
1375 4873 1532 4918 vero
1577 4856 2112 4937 praestiterimus,
2160 4857 2283 4923 nisi
2327 4856 2685 4922 affectioni-

742 4935 864 5002 bus
919 4938 1219 5001 omnibus
1281 4940 1519 5004 nostris
1573 4938 2001 5017 dominemur,
2059 4953 2126 5005 et
2181 4964 2260 5008 ea
2316 4943 2690 5007 constantia

741 5032 807 5089 et
830 5021 1217 5088 fortitudine
1263 5024 1640 5089 muniamur
1685 5047 1813 5107 qua
1860 5027 2149 5109 perferre
2171 5027 2433 5110 quidvis
2479 5029 2691 5110 parati

741 5108 948 5175 simus
990 5107 1164 5189 quod
1205 5108 1527 5174 Dominus
1572 5112 1972 5193 imposuerit,
2018 5134 2229 5195 neque
2273 5114 2691 5195 impatienter

740 5194 1031 5259 feramus
1055 5193 1529 5261 diuturniorem
1571 5198 1776 5281 nostri
1813 5219 1928 5281 per
1977 5198 2190 5264 varios
2235 5220 2425 5269 casus
2466 5199 2691 5284 explo-

2385 295 2798 363 HOMILIA
2843 294 3094 360 XCIV.

4625 296 4738 365 588

2793 484 3135 549 rationem.
3237 483 3341 551 Ea
3395 483 3570 551 enim
3627 489 3728 547 est
3784 482 4144 565 patientiae
4205 491 4275 549 et
4341 484 4739 551 constantiae

2795 571 2895 636 vis
2957 578 3030 633 ut
3087 589 3424 651 nunquam
3482 568 3831 647 obruatur,
3889 578 3955 637 et
4013 590 4355 650 nunquam
4417 569 4739 635 offerendo

2791 654 3117 723 sacrificia
3157 654 3531 721 obdientiae
3576 652 3991 736 defatigetur.
4037 652 4155 723 Sic
4191 653 4530 723 Davidem
4579 653 4744 719 vide-

2794 761 2941 807 mus
3007 740 3446 805 abstinentem
3505 738 3731 806 Saulis
3795 760 3974 819 nece,
4040 741 4184 807 suis
4251 739 4606 806 affectibus
4659 742 4744 805 sie

2789 825 3225 904 moderatum,
3274 836 3345 890 ut
3381 826 3451 890 in
3498 825 3747 890 ratione
3793 845 3906 891 eos
3949 825 4255 909 coegerit.
4304 825 4534 891 Homo
4580 825 4748 891 enim

2792 921 2963 978 erat:
3009 934 3086 977 ae
3127 909 3399 993 proinde
3443 911 3712 977 minime
3757 910 4030 977 dubium
4073 910 4234 993 quin
4278 910 4426 992 ipsa
4469 932 4599 977 aua
4643 932 4748 976 na-

2792 1008 2943 1067 tura
2998 1012 3067 1065 et
3123 997 3391 1080 proprio
3435 1005 3638 1073 motu,
3697 996 3849 1063 licet
3892 996 4006 1063 alii
4051 1018 4181 1063 non
4225 996 4598 1063 adfuissent
4637 997 4752 1063 im-

2794 1085 3090 1168 pulsores
3146 1091 3215 1147 et
3270 1082 3453 1165 quasi
3492 1080 3756 1148 flabella
3797 1080 4038 1165 caedis,
4100 1079 4326 1147 Saulis
4369 1102 4604 1149 necem
4649 1104 4752 1147 ex-

2794 1170 3129 1252 petiverit:
3175 1167 3292 1233 sed
3327 1168 3618 1234 luctatur
3662 1166 3980 1237 adversus
4022 1168 4218 1233 istam
4261 1167 4752 1251 cogitationem,

2791 1264 2859 1320 et
2907 1253 3173 1319 tandem
3234 1252 3566 1323 eluctatur
3623 1274 3666 1318 a
3711 1254 3835 1319 Dei
3895 1252 4238 1319 voluntate
4280 1263 4463 1319 totus
4513 1253 4754 1336 depen-

2794 1341 2971 1407 dens.
3017 1340 3155 1406 Nos
3189 1338 3409 1421 itaque
3445 1340 3739 1405 norimus
3780 1359 4044 1421 semper
4088 1360 4163 1405 eo
4208 1339 4637 1417 deventuros,
4685 1350 4754 1403 ut

2793 1449 2833 1491 a
2856 1427 3099 1491 nostris
3121 1425 3534 1508 passionibus
3571 1426 3863 1508 superati
3899 1423 4151 1507 aliquid
4189 1434 4421 1493 contra
4454 1424 4749 1490 offleium

2792 1512 3126 1590 faciamus,
3185 1511 3316 1577 nisi
3376 1510 3697 1575 violentas
3742 1510 4024 1577 nimium
4068 1511 4415 1593 passiones
4456 1524 4751 1575 coercea-

2792 1620 2958 1665 mus.
3031 1595 3209 1663 Sane
3253 1596 3322 1660 id
3363 1598 3509 1663 sine
3553 1596 3732 1663 lucta
3774 1597 4059 1679 quadam
4105 1605 4168 1660 et
4212 1596 4422 1663 animi
4465 1596 4752 1680 aegritu·

2793 1684 2948 1751 dine
3005 1682 3154 1747 fieri
3212 1704 3343 1747 non
3402 1703 3591 1765 posse
3634 1681 3877 1746 fateor:
3939 1680 4062 1751 sed,
4099 1682 4156 1747 si
4191 1682 4448 1747 exitum
4497 1691 4748 1766 speeta-

2791 1770 3087 1835 verimus
3143 1788 3296 1835 cum
3330 1787 3615 1861 'summa
3661 1767 3970 1835 felicitate
4014 1766 4464 1845 coniunctum,
4532 1766 4748 1850 procul

2792 1856 3110 1923 facessere
3165 1874 3430 1918 omnem
3471 1853 3838 1921 molestiam
3883 1852 4218 1937 animique
4261 1853 4747 1936 aegritudinem

2792 1941 3195 2015 iubebimus,
3255 1939 3524 2021 Deoque
3580 1939 4025 2006 voluntarium
4076 1940 4474 2004 sacrificium
4523 1940 4747 2005 offere-

2793 2048 2975 2110 mus,
3051 2035 3119 2092 et
3172 2044 3564 2107 quocunque
3622 2024 3956 2093 vocaverit
4013 2045 4372 2106 sequamur
4434 2026 4746 2091 volentes.

2793 2110 3255 2194 Quamobrem,
3316 2112 3444 2176 nisi
3482 2120 3672 2176 extra
3717 2109 4079 2176 vocationis
4123 2111 4444 2177 terminos
4491 2109 4747 2179 exsilire

2797 2199 3097 2263 volumus
3142 2196 3468 2278 patienter
3511 2196 3803 2261 feramus
3845 2195 4080 2278 quibus
4125 2196 4481 2261 aDomino
4527 2196 4746 2278 explo-

2794 2305 3021 2351 ramur
3075 2281 3498 2347 afflictiones:
3558 2301 3773 2364 neque
3815 2302 3978 2346 vero
4022 2279 4195 2345 diem
4243 2303 4453 2346 unum
4499 2291 4621 2347 aut
4657 2280 4744 2345 al·

2795 2380 3012 2435 terum
3068 2367 3457 2435 toleremus:
3517 2367 3632 2433 sed
3679 2368 3834 2432 licet
3876 2366 4098 2432 exitus
4140 2366 4368 2451 nullus
4413 2376 4739 2451 appareat.

2793 2454 3223 2520 nihilominus
3268 2454 3594 2536 patienter
3640 2451 4000 2519 Dominum
4048 2453 4552 2535 praestolemur.
4614 2452 4740 2517 Da·

2795 2539 3012 2607 videm
3071 2548 3325 2604 eertum
3382 2548 3483 2604 est
3540 2539 3706 2602 alios
3751 2537 3975 2605 Saulis
4032 2539 4104 2604 in
4164 2548 4508 2620 posterum
4549 2559 4742 2605 novos

2792 2634 3066 2695 conatus
3121 2634 3191 2689 et
3246 2625 3531 2691 insultus
3575 2624 3905 2706 metuisse,
3967 2623 4523 2708 quemadmodum
4567 2623 4740 2690 dein·

2792 2734 2945 2797 ceps
3003 2711 3194 2776 illum
3252 2711 3465 2793 patria
3520 2718 3853 2775 extorrem
3914 2710 4283 2777 videbimus
4342 2712 4413 2774 in
4459 2709 4742 2776 hostium

2793 2809 3040 2865 terram
3064 2794 3446 2880 profugisse.
3494 2794 3628 2862 Sed
3654 2795 4085 2863 nibilominus
4109 2806 4332 2861 tamen
4370 2805 4744 2861 constanter

2794 2888 2921 2952 ista
2943 2881 3355 2962 sustinuisse,
3401 2889 3468 2946 et
3493 2881 3820 2949 inoffenso
3855 2882 4040 2966 pede,
4086 2881 4241 2946 licet
4277 2881 4494 2947 multa
4535 2883 4742 2964 ipsum

2794 2967 3198 3037 incommoda
3240 2967 3687 3046 sollicitarent,
3733 2969 3803 3032 in
3849 2988 4003 3034 vero
4042 2967 4171 3033 Dei
4213 2968 4400 3034 cultu
4447 2989 4743 3050 perman·

2794 3058 2976 3124 sisse.
3040 3054 3202 3122 Sola
3242 3055 3447 3138 igitur
3493 3052 3876 3121 moderandi
3920 3054 4198 3119 affectus
4241 3056 4413 3121 ratio
4457 3063 4583 3133 est,
4627 3052 4742 3119 Dei

2794 3141 3118 3211 voluntati
3144 3160 3392 3205 morem
3439 3161 3688 3223 gerere,
3732 3152 3798 3203 et
3841 3161 3961 3205 nos
4013 3140 4222 3220 ipsius
4271 3137 4743 3207 misericordiae

2793 3237 2970 3295 totos
3028 3227 3424 3309 permittere,
3484 3236 3551 3290 et
3602 3225 3684 3290 ab
3728 3226 3936 3309 ipsius
3979 3226 4249 3290 arbitrio
4295 3224 4592 3308 pendere
4633 3244 4744 3291 nos

2793 3325 2859 3380 et
2903 3315 2973 3379 in
3019 3314 3158 3379 vita
3199 3322 3265 3377 et
3309 3312 3379 3377 in
3426 3319 3635 3376 morte
3683 3310 3891 3393 ipsius
3935 3331 4079 3377 esse
4121 3312 4441 3394 persuasi.

2965 3399 3174 3465 Porro
3222 3395 3443 3463 David
3502 3398 3871 3462 iuramento
3934 3399 4135 3465 etiam
4194 3417 4336 3462 rem
4383 3397 4744 3473 confirmat,

2793 3496 2932 3551 tum
2994 3493 3071 3549 ut
3126 3483 3468 3549 ardentem
3513 3482 3742 3551 Abisai
3803 3483 4136 3561 retineret,
4195 3491 4341 3548 tum
4401 3491 4482 3547 nt
4524 3503 4744 3547 omnes

2793 3570 2874 3638 de
2916 3590 3035 3635 sua
3075 3569 3150 3634 in
3198 3567 3469 3635 Saulem
3511 3570 3857 3635 voluntate
3899 3569 4211 3635 certiores
4253 3568 4520 3634 ficeret.
4579 3568 4744 3635 Nan

2793 3659 2849 3723 si
2876 3656 3071 3721 verbo
3097 3665 3354 3719 tantum
3390 3655 3716 3721 abstinere
3752 3675 3789 3718 a
3829 3655 4143 3721 violentia
4186 3654 4512 3732 iussisset,
4557 3662 4748 3737 prout

2793 3746 2868 3808 in
2923 3742 3111 3809 bellis
3169 3741 3390 3806 fervor
3450 3741 3745 3808 homines
3791 3740 4090 3823 impellit,
4149 3739 4263 3823 qui
4308 3761 4446 3804 non
4492 3759 4746 3822 sompes¹

2794 3848 2945 3896 cum
2991 3828 3245 3892 ratione
3289 3825 3445 3908 quid
3489 3826 3580 3890 sit
3622 3825 3947 3905 agendum
3995 3824 4383 3903 deliberant,
4431 3827 4746 3908 potuisset

2794 3913 3025 3981 Abisai
3083 3913 3150 3977 in
3209 3920 3399 3977 aestu
3454 3911 3829 3977 iracundiae
3892 3911 4164 3979 Saulem
4221 3911 4616 3990 confodere,
4683 3920 4746 3974 st

2794 4001 2890 4065 ita
2946 3997 3275 4064 Davidem
3332 3998 3403 4062 in
3465 3995 3688 4063 odium
3748 3998 4108 4065 multorum
4167 4017 4423 4063 vocare.
4535 3994 4746 4063 David

2795 4087 2998 4170 igitur
3068 4083 3192 4155 hoc
3264 4080 3717 4150 iureiurando:
3787 4083 4106 4151 Dominus
4158 4083 4352 4161 vivit,
4411 4082 4746 4149 hominem

2796 4181 3113 4253 tanquam
3143 4169 3381 4235 iniecto
3411 4168 3640 4233 fraeno
3676 4170 4104 4252 compescuit:
4151 4176 4228 4237 ut
4269 4188 4424 4233 eum
4467 4171 4746 4237 sciamus

2796 4279 2930 4323 non
2990 4266 3236 4321 temere
3282 4254 3406 4321 Dei
3455 4275 3695 4319 nomen
3743 4254 4145 4329 assumsisse.
4196 4253 4310 4323 sed
4361 4255 4739 4323 necessitate

2796 4351 3115 4412 coactum.
3188 4340 3432 4405 Coram
3474 4340 4028 4423 omnibusxigitur
4072 4340 4286 4407 voluit
4329 4361 4525 4406 suam
4559 4344 4744 4405 inno-

2797 4428 3082 4495 centiam
3133 4426 3427 4509 probare,
3488 4447 3808 4508 suamque
3865 4447 4026 4510 erga
4083 4424 4358 4492 Saulem
4413 4426 4742 4510 egregiam

2797 4513 3205 4581 voluntatem
3241 4521 3306 4577 et
3351 4509 3548 4577 fidem
3595 4512 3949 4587 testificari,
3996 4511 4167 4593 quod
4211 4511 4472 4579 hostem
4517 4513 4588 4576 in
4629 4529 4740 4576 m

2797 4607 3119 4684 potestate
3162 4597 3451 4680 positum
3497 4598 3822 4682 attingere
3867 4597 4169 4663 noluerit.
4217 4598 4403 4663 Hinc
4445 4598 4740 4664 observe-

2796 4705 2962 4761 mus,
3010 4682 3370 4748 Dominum
3413 4684 3792 4766 permittere
3837 4681 4024 4748 nobis
4069 4684 4356 4751 nominis
4395 4685 4504 4749 sni
4548 4682 4742 4749 advo·

2795 4772 3135 4845 sationem,
3188 4790 3391 4851 quum
3437 4767 3769 4837 difficilius
3813 4768 4188 4835 hominibus
4234 4768 4408 4853 quod
4453 4772 4740 4853 cupimus

2794 4854 3283 4941 persuademus.
3328 4857 3551 4936 Atque
3587 4854 3695 4919 hic
3737 4855 4143 4940 permittitur
4187 4855 4378 4921 nobis
4419 4857 4742 4921 iuramen-

2794 4954 3014 5007 torum
3073 4960 3258 5017 usus,
3316 4962 3520 5023 quum
3577 4939 3684 5007 vel
3742 4942 3810 5005 in
3861 4940 4074 5006 officio
4115 4942 4405 5007 retinere
4451 4943 4742 5007 homines

2796 5028 3125 5104 volumus,
3173 5025 3282 5092 vel
3328 5026 3570 5108 aliquid
3615 5027 3892 5109 probare
3935 5027 4104 5108 quod
4154 5036 4416 5109 oportet
4459 5028 4734 5112 agnosei-

2796 5112 2911 5180 Sic
2956 5113 3139 5178 Deus
3198 5111 3385 5178 nobis
3442 5134 3682 5179 nomen
3737 5133 3934 5181 suum
3976 5121 4050 5175 ut
4091 5115 4188 5179 ita
4229 5114 4448 5181 dicam
4490 5128 4738 5181 mutin·

2797 5211 2905 5264 tur
2945 5197 3024 5264 ad
3073 5218 3260 5264 suam
3305 5198 3600 5283 gloriam.
