5059 6059
297 292 405 357 457

295 484 469 548 batur
518 480 732 563 ipsum
782 479 969 547 Sauli
1031 482 1401 548 tradituros,
1494 482 1749 548 Deinde
1807 491 1874 548 et
1918 482 2203 548 notanda

294 579 380 634 est
422 567 757 631 hominum
801 567 1203 652 ingratitudo
1248 568 1316 632 in
1363 567 1791 645 Ceilensibus,
1839 571 1945 651 qui
1993 568 2201 634 Davi-

294 655 443 730 dem,
504 671 543 714 a
608 672 734 734 quo
805 654 1178 734 nuperrime
1241 673 1499 718 summo
1567 654 1877 720 beneficio
1943 655 2204 719 fueraut

291 737 482 805 affecti
539 737 868 820 prodituri
910 739 1106 804 fuisse
1152 738 1479 805 dicuntur.
1569 740 1735 804 Nam
1785 760 1985 822 quum
2031 740 2202 805 obsi·

290 825 462 889 dione
495 833 968 905 premerentur,
1017 837 1081 888 et
1115 825 1406 891 saucibus
1441 827 1734 907 ipsorum
1772 846 1947 891 mors
1992 827 2206 890 immi-

289 918 485 991 neret,
546 909 854 993 nullaque
910 930 1059 992 spes
1117 911 1347 975 salutis
1406 921 1781 993 appareret,
1843 910 2059 975 David
2120 935 2201 977 ex

281 993 638 1077 improviso,
684 1016 894 1078 neque
939 1007 1202 1077 rogatus
1246 996 1620 1074 advenerat,
1666 999 1780 1062 sed
1825 998 1999 1062 ultro
2042 997 2202 1081 ipsis

284 1080 709 1146 laborantibus
763 1081 1079 1146 auxilium
1129 1082 1388 1159 tulerat,
1445 1081 1605 1147 adeo
1651 1096 1722 1146 ut
1767 1083 1892 1168 ipsi
1936 1103 2204 1168 magno-

283 1187 422 1248 pere
476 1166 769 1230 devincti
827 1179 1064 1243 essent,
1124 1176 1191 1231 et
1248 1170 1518 1250 quaevis
1563 1189 1680 1252 pro
1723 1169 1866 1251 ipso
1912 1169 2202 1250 pericula

278 1253 481 1317 subire
561 1261 963 1317 tenerentur.
1075 1253 1245 1317 Nam
1327 1254 1566 1337 exigua
1644 1254 1929 1319 militum
1999 1276 2199 1320 manu

276 1340 494 1421 ingens
532 1338 816 1402 hostium
854 1356 1085 1422 agmen
1126 1339 1521 1422 profligaret,
1566 1350 1631 1404 et
1669 1341 1868 1405 vitam
1915 1340 2200 1424 periculo

275 1422 669 1488 imminentis
705 1425 936 1487 mortis
973 1424 1315 1502 obiecerat,
1360 1426 1696 1507 suppetias
1734 1428 1893 1509 ipsis
1932 1426 2197 1492 laturus·

275 1508 480 1590 Quare
549 1530 677 1573 non
750 1509 1059 1573 videntur
1125 1509 1254 1592 ipsi
1321 1512 1481 1574 satis
1559 1532 1866 1594 magnam
1949 1511 2199 1577 referre

268 1593 533 1678 gratiam
587 1595 665 1658 de
713 1604 898 1658 tanto
949 1605 1208 1677 accepto
1250 1594 1558 1661 beneficio
1604 1600 1919 1680 potuisse:
1967 1619 2198 1662 verum

272 1699 473 1744 tamen
515 1678 734 1744 triduo
773 1692 916 1762 post
951 1693 1287 1764 acceptum
1323 1681 1706 1746 beneficium
1744 1703 1949 1764 quum
1987 1683 2198 1767 parati

266 1778 412 1831 sunt
492 1765 972 1831 benefactorem
1054 1767 1123 1830 in
1193 1767 1400 1832 hostis
1467 1779 1853 1850 potestatem
1923 1770 2200 1848 tradere,

266 1871 471 1917 nonne
529 1871 828 1917 summae
885 1851 1377 1935 ingratitudinis
1422 1874 1568 1919 cum
1615 1874 1874 1919 summa
1916 1855 2195 1920 crudeli·

261 1947 386 2002 tate
457 1937 850 2003 coniunctae
905 1940 998 2001 rei
1061 1939 1210 2003 facti
1270 1950 1446 2004 sunt.
1551 1939 1683 2004 Sed
1742 1942 1866 2005 ista
1920 1962 2196 2006 comme-

260 2034 596 2087 morantur
634 2022 872 2093 idcirco
910 2036 987 2088 ut
1033 2024 1489 2089 benefaciendo
1533 2024 1855 2092 discamus
1901 2026 2198 2093 homines

257 2128 379 2172 non
458 2109 739 2173 intueri:
827 2106 1350 2190 quandoquidem
1431 2110 1795 2176 mercedem
1878 2112 1985 2176 hic
2066 2132 2192 2177 non

257 2193 562 2259 debemus
622 2204 1025 2278 exspectare.
1111 2195 1262 2259 Non
1323 2195 1522 2261 semel
1571 2198 1789 2261 David
1837 2218 1956 2279 pro
2005 2198 2194 2262 bene—

256 2280 433 2344 factis
501 2280 778 2346 iniurias
847 2300 1072 2363 passus
1137 2289 1254 2355 est,
1322 2294 1386 2346 et
1445 2303 1559 2365 spe
1604 2282 1886 2360 delusus,
1952 2296 2017 2347 et
2074 2304 2194 2367 pro

254 2365 415 2430 bono
486 2366 736 2430 malum
799 2367 917 2448 ipsi
981 2385 1324 2448 repensum
1386 2376 1520 2448 est,
1593 2368 1705 2432 sed
1767 2369 2193 2435 nihilominus

254 2463 467 2516 tamen
514 2452 589 2514 in
633 2453 971 2517 vocatione
1013 2451 1319 2534 perstitit.
1386 2453 1564 2517 Hinc
1610 2456 1823 2536 itaque
1867 2454 2193 2521 discamus

248 2535 534 2602 fideliter
596 2536 674 2600 ad
738 2535 1165 2619 quodcunque
1223 2558 1381 2620 opus
1426 2537 1611 2604 Deus
1672 2562 1790 2605 nos
1837 2542 2189 2619 vocaverit,

249 2641 512 2705 operam
576 2635 869 2687 nostram
917 2643 1182 2703 navare,
1226 2639 1687 2707 cognoscentes
1734 2647 1848 2690 nos
1892 2627 2048 2692 licet
2089 2628 2191 2691 in-

244 2708 449 2791 gratis
509 2717 581 2773 et
637 2706 927 2791 indignis
975 2708 1362 2787 hominibus,
1426 2710 1584 2774 nihil
1633 2710 1999 2788 debeamus,
2047 2711 2192 2777 Deo

245 2804 459 2858 tamen
520 2815 644 2859 nos
705 2793 1044 2860 devinctos
1103 2816 1275 2872 esse,
1338 2796 1442 2862 cui
1504 2797 1771 2862 omnino
1828 2797 2190 2880 parendum

244 2887 353 2945 est.
423 2882 528 2946 Ac
566 2881 624 2945 si
670 2879 884 2946 officio
931 2891 1154 2946 nostro
1197 2879 1488 2948 defuncti
1531 2882 1820 2963 patimur
1862 2884 1943 2949 ab
1990 2883 2194 2949 homi·

241 2965 433 3031 nibus
482 2965 1050 3050 ingratitudinem,
1097 2977 1162 3030 et
1205 2966 1247 3029 ii
1295 2988 1455 3049 quos
1501 2966 1685 3033 nobis
1731 2970 1955 3034 multis
2000 2968 2190 3035 bene-

241 3052 406 3116 ficiis
464 3051 1007 3129 devinxeramus,
1068 3072 1186 3116 nos
1230 3072 1348 3135 pro
1395 3052 1734 3119 referenda
1777 3056 1990 3138 gratia
2033 3074 2187 3121 con-

237 3137 532 3203 tumeliis
596 3147 663 3202 et
721 3136 979 3203 iniuriis
1038 3136 1368 3202 afficiunt:
1431 3160 1511 3203 ne
1555 3137 1798 3206 idcirco
1841 3153 2063 3205 tamen
2106 3140 2190 3205 ab

237 3223 498 3306 incepto
563 3223 974 3298 desistamus,
1036 3223 1147 3288 sed
1209 3223 1512 3289 alacriter
1562 3245 1946 3308 pergamus:
2009 3237 2076 3290 et
2132 3226 2188 3292 si

234 3320 480 3373 natura
556 3321 779 3374 nostra
838 3310 1263 3392 repugnavit,
1326 3319 1549 3394 utpote
1607 3311 1898 3389 infirma,
1970 3313 2188 3377 Deum

232 3415 587 3475 precemur
643 3393 742 3459 uti
788 3414 908 3459 nos
952 3394 1092 3477 ipse
1135 3406 1321 3478 regat
1365 3407 1430 3461 et
1475 3398 1541 3461 in
1578 3398 1788 3461 officio
1839 3401 2185 3464 contineat.

228 3479 422 3547 Hanc
462 3479 555 3544 ob
593 3500 854 3546 causam
881 3480 1127 3546 Paulus
1171 3480 1397 3546 fideles
1441 3482 1828 3548 exhortatur
1871 3505 1954 3548 ne
2000 3485 2190 3549 bene·

229 3566 535 3632 faciendo
584 3563 933 3631 declinent.
1015 3565 1308 3631 Noverat
1352 3569 1524 3631 enim
1569 3567 1681 3632 ille
1720 3589 1912 3652 quam
1962 3571 2187 3635 multis

228 3663 290 3716 et
325 3672 533 3736 quam
581 3654 778 3716 variis
815 3651 1258 3717 occasionibus
1303 3649 1600 3719 homines
1645 3655 1725 3719 ab
1771 3656 1985 3720 officio
2029 3675 2185 3721 avo-

224 3747 499 3803 centur:
551 3757 760 3819 quum
800 3738 1180 3820 praesertim
1227 3740 1486 3803 inanem
1533 3760 1796 3821 operam
1841 3760 1914 3805 se
1959 3739 2186 3806 ludere

223 3822 343 3888 sibi
409 3822 839 3906 persuadent,
900 3835 967 3886 et
1011 3826 1393 3906 praesertim
1441 3826 1495 3888 si
1541 3845 1658 3907 pro
1702 3825 2184 3892 benefactorum

221 3909 787 3993 compensatione,
849 3909 1139 3980 iniurias.
1199 3919 1263 3974 et
1311 3910 1739 3976 contumelias
1783 3921 2184 3996 exspectent,

221 4006 286 4059 et
347 4018 486 4060 non
562 4007 818 4059 tantum
863 3994 1141 4059 iniurias
1183 3994 1296 4059 sed
1345 3996 1541 4060 etiam
1588 3997 1966 4079 saepissime
2011 4018 2182 4062 mor·

217 4091 348 4146 tem
413 4084 642 4164 ipsam
703 4081 747 4143 ii
806 4079 876 4143 in
942 4100 1102 4163 quos
1148 4081 1353 4145 multa
1395 4090 1554 4147 suut
1595 4082 1827 4146 collata
1872 4083 2185 4148 beneficia

217 4177 554 4249 tanquam
657 4167 730 4230 in
832 4165 1133 4230 inimicos
1221 4166 1721 4248 capitalissimos
1808 4168 2181 4235 moliantur.

215 4251 483 4318 Paulus
577 4251 777 4333 igitur
844 4261 1102 4315 tantum
1170 4252 1508 4317 hominum
1580 4254 2051 4337 malignitatem
2119 4264 2185 4320 et

217 4337 789 4422 ingratitudinem
850 4337 1409 4418 animadvertens,
1466 4341 1590 4417 ait,
1652 4361 1788 4420 nos,
1847 4340 2183 4423 quidquid,

216 4422 550 4491 acciderit
613 4433 914 4504 oportere
975 4424 1303 4506 patienter
1354 4424 1486 4489 ista
1543 4424 1841 4502 tolerare,
1902 4437 1968 4490 et
2012 4448 2183 4491 nun-

215 4529 417 4591 quam
491 4508 966 4574 benesaciendo
1027 4507 1394 4592 defatigari,
1453 4518 1518 4575 et
1561 4510 1779 4575 Deum
1828 4513 2043 4595 ipsum
2088 4513 2186 4577 in-

216 4604 491 4662 tuentes
540 4594 769 4660 oculos
814 4595 894 4660 ab
937 4595 1239 4660 omnibus
1283 4595 1364 4659 iis
1408 4595 1639 4678 quibus
1685 4596 1766 4661 ab
1810 4598 2025 4664 officio
2071 4598 2181 4663 de·

215 4692 659 4758 terreremur,
709 4692 1028 4745 avertere.

395 4770 642 4849 Atque
718 4764 1036 4831 hactenus
1101 4765 1181 4831 de
1246 4765 1644 4832 Oeilensium
1707 4767 2183 4849 ingratitudine

212 4852 562 4919 adversus
611 4849 951 4926 Davidem,
1010 4871 1205 4934 quem
1261 4873 1456 4917 suum
1503 4862 1720 4918 tamen
1765 4852 2182 4919 liberatorem

211 4937 593 5020 perfidiose
647 4937 712 5001 in
760 4936 981 5003 Saulis
1039 4936 1245 5003 hostis
1289 4938 1492 5021 ipsius
1537 4958 1770 5003 manus
1814 4949 2007 5004 erant
2051 4949 2181 5004 tra·

208 5024 446 5091 dituri.
551 5023 763 5087 Porro
817 5022 1147 5089 subtiliter
1189 5044 1318 5088 non
1364 5030 1466 5088 est
1509 5023 1994 5107 disputandum,
2039 5026 2181 5091 fue·

207 5112 444 5175 rintne
510 5107 623 5173 illi
668 5107 992 5174 Davidem
1038 5128 1161 5174 uec
1207 5130 1287 5174 ne
1332 5109 1655 5189 tradituri,
1704 5110 1760 5175 si
1805 5109 2026 5177 Saulis
2071 5111 2183 5176 ad-

205 5207 500 5263 ventum
529 5202 997 5277 exspectasset,
1044 5196 1111 5257 in
1135 5215 1266 5277 qua
1304 5202 1521 5260 tamen
1557 5196 1765 5261 otiosa
1803 5197 2184 5279 quaestione

1560 293 1660 358 IN
1707 294 1757 359 1.
1807 293 1987 359 LIB.
2033 292 2435 361 SAMUEL.
2483 292 2682 360 GAP.
2727 294 2991 362 XXIII.

4115 300 4242 366 458

2308 480 2497 546 multi
2534 484 2633 547 sui
2669 482 2917 565 ingenii
2954 504 3224 551 acumen
3263 486 3632 569 sophisticis
3667 487 4242 572 imaginationibus

2306 575 2638 633 ostentare
2682 571 2910 635 solent.
2991 569 3338 651 Quaerunt
3381 573 3554 636 enim
3602 574 3866 657 quinam
3913 574 4053 638 fieri
4094 596 4242 658 pos·

2306 653 2392 717 sit
2457 663 2530 717 ut
2600 654 2814 719 David
2884 667 3030 739 post
3085 656 3423 722 liberatam
3486 659 3713 724 urbem
3773 658 3853 724 ab
3909 658 4243 725 obsidione

2307 738 2808 804 Philistinorum
2869 741 3241 824 prodendus
3302 745 3497 809 fuerit
3552 743 3633 808 ab
3695 743 3953 826 incolis,
4014 756 4125 810 aut
4169 756 4245 810 ut

2307 824 2443 906 ipse
2526 826 2736 890 victor
2807 839 2945 909 post
3027 830 3402 912 profligatos
3478 829 3701 895 hostes
3766 831 3991 895 urbem
4061 831 4242 896 exire

2306 921 2595 993 cogatur,
2656 913 2823 993 quod
2884 914 3122 978 rationi
3179 916 3372 998 plane
3432 936 3796 999 repugnare
3840 916 4238 982 existimant.

2307 993 2439 1061 Sed
2503 997 3153 1080 incomprehensibile
3196 1000 3383 1066 nobis
3428 1001 3552 1065 Dei
3599 1000 3936 1066 consilium
3985 1001 4093 1068 hic
4134 1003 4241 1067 ob-

2305 1083 2705 1147 servandum
2767 1097 2885 1161 est,
2942 1084 3020 1149 de
3077 1088 3156 1151 iis
3213 1108 3377 1169 quae
3436 1088 3813 1170 contingere
3868 1098 4237 1171 potuerunt.

2306 1166 2474 1232 Nam
2530 1190 2948 1252 quaecunque
2995 1171 3293 1238 homines
3337 1172 3695 1238 accidentia
3740 1173 3964 1238 dicunt
4007 1184 4073 1237 et
4115 1175 4241 1238 for·

2304 1252 2488 1331 tuita,
2537 1264 2693 1318 sunt
2738 1265 2957 1320 tamen
3002 1258 3368 1323 certissima
3389 1258 3516 1323 Dei
3565 1260 3844 1334 decreta,
3891 1269 3967 1323 ut
4010 1261 4064 1324 si
4111 1258 4238 1324 Dei

2301 1339 2648 1404 consilium
2708 1342 3122 1423 inspicimus,
3183 1343 3348 1407 nihil
3407 1345 3673 1409 omnino
3730 1365 3882 1409 casu
3947 1345 4048 1409 vel
4116 1344 4240 1408 sor-

2302 1428 2468 1488 tuito
2513 1426 2655 1489 fieri
2701 1439 2947 1492 certum
2994 1429 3115 1492 sit:
3174 1428 3286 1493 sed
3333 1450 3532 1513 quum
3578 1451 3808 1496 sensus
3854 1431 4061 1494 nostri
4106 1453 4237 1495 non

2300 1511 2558 1593 possint
2632 1525 2897 1596 propter
2967 1515 3350 1579 tenuitatem
3414 1528 3545 1580 tam
3607 1516 3740 1581 alta
3799 1527 3865 1581 et
3922 1513 4240 1599 profunda

2301 1595 2431 1660 Dei
2499 1596 2741 1661 iudicia
2811 1601 3221 1680 perscrutari,
3290 1621 3457 1682 quae
3524 1622 3653 1666 non
3722 1599 4011 1684 capiunt,
4076 1602 4236 1685 ipsis

2302 1691 2459 1746 sunt
2516 1681 2863 1748 adoranda.
2954 1685 3301 1750 Caeterum
3348 1687 3415 1751 in
3462 1687 3830 1753 istiusmodi
3874 1689 4235 1769 scripturae

2300 1767 2653 1851 phrasibus
2710 1769 3185 1835 observandum
3234 1771 3450 1836 Deum
3515 1793 3586 1837 se
3629 1772 3709 1839 ad
3758 1773 3963 1838 nostri
4008 1782 4236 1855 captus

2300 1853 2636 1918 modulum
2689 1856 3194 1937 accommodare,
3255 1858 3459 1923 veluti
3505 1880 3703 1941 quum
3750 1858 3906 1924 dicit
3950 1859 4003 1923 si
4050 1878 4233 1922 man-

2299 1941 2461 2005 seris
2497 1939 2567 2003 in
2608 1939 2768 2005 urbe
2810 1942 3128 2022 morieris,
3174 1943 3273 2007 sin
3308 1964 3466 2008 vere
3511 1945 3816 2020 exiveris,
3866 1946 4036 2009 vitae
4081 1953 4236 2008 tuae

2298 2024 2621 2090 consules.
2688 2024 2888 2109 Atqui
2935 2039 3122 2092 extra
3167 2049 3360 2094 omne
3406 2029 3674 2095 dubium
3725 2041 3826 2095 est
3870 2031 4013 2094 Deo
4057 2050 4235 2094 com-

2296 2122 2556 2191 pertum
2610 2133 2751 2177 esse
2794 2112 3100 2194 quamdiu
3148 2136 3266 2180 nos
3310 2116 3377 2179 in
3424 2117 3618 2181 terris
3665 2116 3826 2179 velit
3870 2117 4111 2194 vivere,
4170 2126 4236 2179 et

2296 2194 2537 2260 habere
2619 2199 2904 2262 rationes
2973 2201 3210 2282 quibus
3274 2201 3480 2265 vitam
3550 2212 3842 2266 nostram
3917 2211 4232 2284 protegat,

2294 2280 2407 2347 sed
2453 2289 2672 2347 tamen
2720 2283 2902 2348 Deus
2949 2286 3089 2349 vult
3134 2307 3250 2351 nos
3295 2287 3472 2351 intra
3518 2308 3894 2352 mensuram
3938 2295 4232 2351 nostram

2296 2368 2599 2433 retinerit
2647 2368 2815 2436 hanc
2858 2371 2940 2435 ob
2983 2391 3244 2437 causam
3287 2392 3490 2455 quum
3536 2369 3860 2438 Dominus
3904 2370 4060 2438 dicit
4098 2370 4234 2434 Da-

2295 2453 2535 2531 videm,
2594 2455 2647 2518 si
2712 2458 3056 2522 mansisset
3115 2458 3184 2521 iu
3243 2457 3403 2523 urbe
3448 2458 3633 2523 Ceila
3688 2459 3887 2523 fuisse
3950 2456 4231 2542 proden-

2294 2538 2449 2603 dum
2476 2540 2557 2605 ab
2581 2539 2828 2618 incolis,
2869 2549 3001 2606 noh
3026 2542 3529 2626 intelligendum
3553 2553 3656 2610 est
3692 2543 3881 2627 quasi
3904 2542 4231 2608 Dominus

2294 2646 2424 2689 non
2485 2635 2707 2707 posset
2765 2627 2958 2692 aliter
3013 2628 3374 2711 disponere,
3437 2639 3502 2693 et
3557 2631 3809 2695 animos
3869 2630 4229 2695 incolarum

2291 2712 2574 2793 flectere,
2621 2710 2734 2777 sed
2759 2710 2978 2778 Deum
3014 2714 3345 2779 monuisse
3374 2714 3694 2780 Davidem
3743 2715 3821 2781 de
3866 2715 4232 2781 incolarum

2291 2795 2568 2879 perfidia
2618 2819 2703 2862 ne
2763 2806 3006 2863 temere
3050 2821 3122 2865 se
3165 2800 3324 2884 ipsis
3370 2802 3826 2865 committeret.
3918 2798 4231 2881 Quando-

2291 2880 2558 2965 quidem
2613 2883 2818 2964 igitur
2861 2883 3046 2950 Deus
3106 2884 3265 2967 quid
3324 2887 3493 2950 facto
3553 2887 3736 2950 nobis
3790 2907 3951 2969 opus
3996 2886 4082 2950 sit
4127 2884 4231 2948 de-

2291 2968 2509 3042 claret,
2573 2968 3116 3052 quemadmodum
3178 2973 3245 3035 in
3305 2972 3504 3036 sacris
3557 2973 3763 3054 ipsius
3820 2970 4229 3053 providentia

2291 3052 2481 3118 nobis
2518 3055 2746 3120 multis
2783 3056 2939 3120 locis
2975 3053 3378 3134 describitur,
3415 3077 3826 3139 summopere
3862 3055 4230 3122 cavendum

2291 3147 2393 3204 est
2437 3161 2519 3204 ne
2557 3148 2801 3205 temere
2837 3141 3042 3208 nubes
3068 3142 3243 3225 ipsas
3275 3142 3769 3207 transscendere
3816 3141 4109 3220 velimus,
4153 3154 4232 3205 ut

2294 3224 2485 3289 multi
2531 3227 2794 3291 fanatici
2840 3227 3137 3293 homines
3182 3228 3502 3311 quidlibet
3543 3238 3792 3292 temere
3836 3227 4231 3312 aggrediun-

2292 3320 2420 3386 tur,
2465 3310 2578 3376 sed
2615 3312 2830 3394 potius
2866 3313 2933 3378 in
2974 3313 3411 3380 sollicitudine
3448 3313 3915 3379 ambulandum
3961 3322 4027 3378 et
4071 3311 4229 3395 quid

2290 3397 2501 3462 nostri
2548 3398 2634 3462 sit
2676 3397 2894 3474 officii,
2956 3399 3199 3482 quidve
3247 3399 3432 3465 Deus
3477 3399 3831 3482 praecipiat
3876 3398 4228 3482 diligenter

2288 3482 2786 3565 inquirendum,
2863 3485 3127 3549 interim
3203 3499 3382 3551 certo
3454 3485 3751 3569 persuasi
3811 3485 3947 3550 vias
4002 3505 4230 3550 omnes

2291 3578 2548 3635 nostras
2603 3569 2671 3633 in
2717 3569 2989 3635 Domini
3047 3592 3244 3636 manu
3305 3591 3467 3654 esse,
3517 3571 3685 3654 quod
3733 3571 3873 3654 ipse
3918 3571 4038 3635 sibi
4086 3577 4225 3634 tan·

2289 3674 2486 3737 quam
2542 3657 2876 3739 proprium
2935 3657 3195 3737 retinet,
3249 3657 3388 3722 vita
3446 3677 3713 3721 suorum
3759 3659 3926 3722 tueri
3973 3667 4038 3720 et
4081 3675 4230 3722 con·

2288 3760 2573 3805 servare.
2685 3741 3177 3807 Ambulandum
3254 3743 3457 3825 igitur
3538 3742 3722 3808 nobis
3801 3753 3899 3808 est
3964 3741 4031 3806 in
4099 3742 4228 3808 viis

2287 3825 2576 3906 Domini,
2638 3824 2701 3890 id
2759 3837 2862 3892 est
2916 3826 3077 3892 nihil
3139 3838 3382 3893 temere
3441 3827 3950 3913 suscipiendum,
3997 3826 4109 3893 sed
4157 3828 4225 3891 in

2286 3910 2557 4060 lDognini
2618 3912 2939 3978 mandatis
2995 3934 3140 3979 cum
3202 3915 3433 3978 timore
3472 3925 3540 3977 et
3582 3914 3952 3979 reverentia
3995 3913 4225 3978 ambu-

2312 4017 2391 4060 an
2442 4019 2573 4060 um.

2457 4084 2896 4149 Transeamus
2932 4082 3014 4150 ad
3051 4105 3128 4148 ea
3171 4103 3335 4166 quae
3369 4095 3756 4167 sequuntur,
3791 4085 4030 4168 quibus
4066 4083 4224 4148 dici·

2285 4174 2394 4233 tur
2438 4166 2604 4234 Saul
2659 4179 3001 4252 postquam
3046 4168 3407 4236 audivisset
3446 4168 3769 4235 Davidem
3816 4172 4101 4234 exivisse
4145 4168 4225 4233 de

2284 4253 2472 4319 Oeila
2537 4263 2605 4320 et
2658 4264 2997 4320 servatum
3056 4276 3216 4331 esse.
3279 4256 3360 4321 ab
3417 4257 3678 4340 incepto
3734 4254 4081 4334 destitisse,
4141 4275 4223 4318 ex

2285 4340 2521 4422 quibus
2581 4351 2851 4423 apparet
2895 4362 3027 4406 non
3073 4341 3217 4407 sine
3260 4362 3456 4408 causa
3499 4341 3714 4406 Deum
3760 4339 4000 4405 Davidi
4047 4354 4222 4423 pate⁶

2286 4426 2530 4504 fecisse,
2575 4426 2713 4491 fore
2756 4435 2832 4490 ut
2874 4427 2931 4493 si
2977 4428 3047 4492 in
3093 4427 3254 4492 urbe
3299 4426 3486 4493 Oeila
3529 4437 3893 4493 remaneret
3941 4426 4022 4490 ab
4067 4426 4225 4508 ipsis

2286 4511 2514 4577 incolis
2574 4510 2967 4595 proderetur
3026 4523 3094 4578 et
3149 4514 3220 4578 in
3267 4512 3486 4579 Saulis
3547 4532 3780 4577 manus
3826 4512 4221 4576 traderetur:

2289 4596 2714 4663 nihilominus
2774 4610 2993 4663 tamen
3053 4600 3208 4664 hinc
3265 4607 3536 4682 apparet
3582 4598 3795 4662 Deum
3837 4597 4039 4663 variis
4080 4598 4223 4679 qui·

2287 4682 2432 4747 dem
2495 4683 2702 4749 modis
2760 4704 2911 4749 suos
2966 4686 3334 4768 explorare,
3392 4682 3505 4748 sed
3565 4693 3785 4747 tamen
3842 4684 3937 4749 sic
3996 4703 4223 4748 omnes

2286 4768 2549 4833 illorum
2597 4769 2991 4835 tentationes
3037 4771 3378 4846 moderari,
3425 4781 3499 4833 ut
3542 4769 3786 4834 bonum
3832 4769 4082 4834 exitum
4127 4768 4221 4831 fa·

2285 4855 2431 4932 ciat,
2488 4865 2555 4919 et
2615 4875 2752 4919 nun
2799 4875 2951 4921 uam
2996 4855 3378 4938 permittere
3422 4861 3496 4919 ut
3538 4853 3765 4919 fideles
3807 4874 3887 4920 su
3935 4875 4010 4918 ra
4054 4853 4226 4918 vires

2285 4938 2686 5022 affligantur:
2840 4961 2947 5006 am
3006 4941 3271 5006 obsecro
3314 4939 3460 5021 quis
3505 4938 3722 5004 effecit
3764 4947 3839 5005 ut
3936 4939 4044 5004 aul
4089 4938 4220 5003 iam

2285 5025 2573 5092 collectis
2610 5025 2875 5104 viribus,
2921 5038 2988 5090 et
3031 5026 3112 5091 ad
3156 5027 3283 5090 iter
3325 5027 3673 5102 accinctus,
3718 5025 3994 5109 gradum
4040 5045 4220 5090 revo-

2286 5123 2485 5190 caret,
2531 5122 2600 5176 et
2634 5112 2715 5178 ab
2760 5112 3016 5195 incepto
3060 5109 3443 5176 desisteret?
3487 5119 3556 5175 et
3597 5131 3796 5192 quum
3823 5109 4062 5177 Davidi
4107 5114 4219 5176 vix

2288 5197 2472 5264 locus
2529 5208 2726 5278 esset,
2785 5218 2913 5281 quo
2971 5198 3247 5281 sugeret,
3306 5209 3373 5263 et
3431 5196 3516 5262 ad
3559 5196 3949 5263 Philistaeos
3993 5195 4219 5265 consu·
