5059 6059
321 310 432 376 185
1577 305 1674 372 IN
1721 305 1774 372 1.
1819 306 2000 373 LIB.
2050 302 2449 371 SAMUEL.
2496 305 2695 372 OAP.
2740 305 2972 372 XVII.
4137 308 4264 375 186

316 495 666 569 hominibus
735 493 891 559 vilis
963 503 1033 560 et
1091 495 1345 562 abiecta
1397 496 1676 563 Davidis
1733 503 1875 562 erat
1930 493 2235 571 conditio,

318 589 496 669 longe
548 591 771 646 tamen
825 578 924 645 illi
968 581 1330 647 consultius
1383 590 1526 648 erat
1581 584 1653 648 in
1711 581 1901 647 domo
1958 591 2236 663 paterna

318 670 524 739 sedere
573 665 654 730 ad
713 685 976 749 pascua,
1038 687 1235 750 quam
1295 667 1369 733 in
1428 669 1578 734 aula
1620 669 1801 753 regia
1842 688 1989 734 cum
2034 665 2235 733 Saule

315 758 506 825 vitam
559 771 773 837 agere.
861 750 1214 817 Caeterum
1274 753 1384 818 hic
1425 754 1769 838 superbam
1813 753 1992 819 illam
2036 754 2236 818 iacta-

317 844 545 909 tionem
625 859 708 903 ex
787 838 1187 904 contumacia
1266 847 1336 904 et
1411 839 1847 906 obstinatione
1923 837 2235 904 adversus

313 927 517 994 Deum
577 923 760 989 nasci
805 922 1138 989 videmus:
1200 944 1350 989 nam
1398 925 1682 992 habebat
1724 926 1880 990 satis
1924 944 2233 1007 magnam

315 1011 705 1080 occasionem
758 1029 898 1074 sese
953 1007 1362 1089 humiliandi,
1422 1032 1620 1096 quum
1683 1033 1723 1076 a
1778 1009 1954 1076 malo
1999 1010 2235 1092 spiritu

314 1100 403 1165 sic
452 1096 847 1179 agitaretur:
904 1101 973 1160 et
1027 1094 1367 1161 hominum
1412 1099 1970 1164 conversationem
2017 1095 2235 1178 potius

313 1178 726 1250 erubescendi
762 1199 955 1262 quam
991 1200 1132 1247 sese
1168 1182 1500 1248 efferendi.
1549 1183 1692 1248 Nae
1725 1202 1880 1249 suae
1915 1178 2234 1264 tegendae

311 1265 690 1353 turpitudini
703 1265 988 1332 latebras
998 1287 1309 1351 quaerere
1322 1270 1534 1351 potius
1551 1268 1773 1335 debuit
1788 1283 1855 1334 et
1870 1267 2041 1332 ultro
2059 1265 2236 1348 regia

311 1354 622 1441 dignitate
654 1371 725 1416 se
755 1351 1075 1432 abdicare,
1119 1372 1313 1434 quam
1358 1357 1768 1439 arrogantius
1809 1354 2234 1418 insolescere:

313 1442 408 1507 vel
453 1435 826 1505 Ionathano
867 1436 1004 1502 filio
1046 1437 1306 1504 tradere
1348 1441 1585 1522 potius,
1645 1460 1837 1523 quam
1880 1439 2050 1521 apud
2097 1436 2232 1521 ple·

307 1525 446 1592 bem
505 1523 845 1590 vilescere.
933 1521 1068 1589 Sed
1110 1523 1203 1587 ita
1245 1524 1456 1590 solent
1496 1527 1863 1609 quicunque
1906 1524 2036 1589 Dei
2080 1522 2232 1587 forti

307 1610 567 1678 brachio
614 1609 920 1673 resistere
964 1609 1265 1674 nituntur
1278 1632 1297 1690 ;
1343 1613 1463 1678 etsi
1509 1620 1701 1678 notus
1736 1611 1997 1676 illorum
2033 1609 2232 1687 furor,

305 1707 523 1763 tamen
559 1702 948 1774 arroganter
982 1715 1123 1760 sese
1162 1716 1407 1779 gerere,
1445 1707 1510 1763 et
1544 1717 1939 1783 magnopere
1972 1695 2234 1777 iactare,

302 1782 485 1867 quasi
530 1779 840 1846 omnibus
883 1800 1074 1845 suum
1120 1780 1456 1865 ingenium
1500 1784 1834 1867 prodituri.
1924 1781 2024 1846 Ac
2079 1801 2238 1847 sane

301 1870 569 1934 dubium
616 1886 748 1931 non
794 1873 898 1930 est
939 1865 1099 1949 quin
1144 1887 1184 1931 a
1226 1867 1513 1933 Domino
1556 1875 2004 1944 excaecentur,
2050 1866 2236 1931 miris

297 1955 507 2020 modis
574 1950 816 2018 iudicia
873 1972 994 2017 sua
1070 1962 1411 2019 exserente
1475 1955 1542 2019 in
1610 1976 1720 2021 eos
1783 1956 1894 2037 qui
1961 1952 2235 2037 gloriam

301 2038 528 2105 mundi
587 2046 933 2114 venantur,
999 2046 1069 2102 et
1125 2037 1496 2117 ambitione,
1565 2061 1640 2106 ac
1693 2037 1997 2122 superbia
2056 2058 2236 2102 rum·

295 2137 565 2211 puntur,
627 2132 704 2189 ut
760 2123 885 2205 ipsi
942 2122 1063 2188 sibi
1124 2122 1401 2191 dedecus
1446 2136 1512 2191 et
1553 2126 1979 2211 ignominiam
2020 2143 2235 2190 accer-

295 2227 461 2291 sant,
509 2222 580 2276 et
623 2209 930 2274 omnibus
963 2208 1107 2274 odio
1143 2211 1277 2274 sint
1308 2220 1376 2275 et
1410 2213 1827 2296 contemptui.
1886 2210 2233 2276 Caeterum

292 2318 373 2363 ex
447 2297 602 2362 istis
676 2305 947 2378 apparet
1020 2305 1230 2359 ratam
1289 2297 1523 2363 factam
1581 2299 1779 2364 fuisse
1831 2317 1873 2361 a
1928 2294 2237 2363 Samuele

291 2384 480 2449 initio
527 2382 733 2446 latam
778 2381 1187 2458 sententiam,
1231 2382 1367 2447 fore
1415 2383 1592 2449 istud
1633 2385 1739 2449 ius
1783 2382 1973 2466 regis,
2019 2392 2095 2446 ut
2130 2401 2236 2446 ac·

290 2470 549 2553 ciperet
606 2465 1022 2533 subditorum
1079 2466 1348 2545 liberos,
1404 2479 1470 2535 et
1526 2470 1609 2534 iis
1668 2469 1749 2535 ad
1809 2467 2235 2553 quodcunque

290 2555 497 2622 vellet
554 2572 725 2637 opus
781 2561 1094 2617 uteretur.
1181 2553 1272 2617 Et
1327 2554 1449 2620 hac
1492 2554 1741 2620 ratione
1785 2555 1967 2620 Deus
2013 2550 2233 2619 ulcisci

377 2639 618 2725 pulum
695 2637 907 2702 voluit
978 2637 1270 2721 graviter
1338 2638 1596 2723 lapsum
1702 2661 1857 2705 uum
1915 2659 2135 2721 regem
2196 2657 2236 2701 a

357 2728 591 2792 omino
664 2722 1049 2807 postulavit,
1117 2723 1613 2809 libertatemque
1763 2747 1917 2790 num
1977 2723 2236 2789 inaesti-

286 2811 535 2878 mabile
597 2809 786 2893 parvi
845 2808 1088 2874 faciens
1145 2809 1444 2892 perdidit.
1545 2815 1646 2879 Ac
1703 2812 1760 2878 si
1819 2811 2046 2876 fuisset
2100 2808 2236 2873 Isa1

282 2898 465 2964 facta
510 2897 715 2980 optio,
763 2894 1023 2961 domine
1059 2893 1383 2960 Davidem
1430 2898 1734 2974 retinere,
1774 2916 1859 2961 an
1903 2897 1972 2961 in
2017 2895 2233 2959 aulam

286 2984 564 3050 mittere
623 2979 870 3057 mallet,
930 3000 1059 3045 non
1121 2979 1388 3046 dubium
1445 2994 1546 3049 est
1595 2985 1750 3068 quin
1809 2982 1980 3048 domi
2024 2980 2236 3045 filium

282 3070 590 3135 retinere
642 3086 839 3150 quam
895 3065 966 3130 in
1022 3065 1239 3131 aulam
1296 3066 1512 3135 Saulis
1577 3070 1841 3134 mittere
1911 3066 2233 3132 maluerit.

283 3155 434 3222 Etsi
502 3174 640 3219 non
701 3153 847 3218 sine
898 3151 1279 3218 muneribus
1337 3174 1454 3238 pro
1495 3175 1653 3221 suae
1696 3153 2086 3220 conditionis
2130 3172 2236 3217 ra-

282 3242 470 3308 tione
528 3251 725 3325 pater
778 3258 928 3303 eum
988 3236 1265 3317 dimisit;
1322 3261 1475 3305 nam
1530 3250 1596 3307 et
1650 3261 1821 3325 pane
1864 3248 1930 3305 et
1969 3240 2128 3304 vino
2170 3248 2238 3303 et

280 3326 628 3392 similibus
695 3332 972 3388 onustus
1034 3323 1255 3389 David
1322 3326 1402 3391 ad
1470 3347 1691 3411 regem
1761 3326 2090 3409 pervenit,
2160 3332 2239 3388 ut

327 3413 569 3497 ropria
627 3406 995 3476 substantia
1052 3429 1195 3475 sese
1255 3412 1458 3477 veluti
1515 3413 1914 3498 spoliaverit.
2000 3410 2144 3476 Nae
2197 3429 2237 3474 a

276 3433 564 3565 {avide
625 3515 860 3580 greges
913 3495 981 3558 in
1038 3515 1274 3577 pascua
1333 3496 1613 3564 ducente
1655 3505 1841 3582 pater
1885 3498 2237 3562 maximam

279 3584 656 3651 utilitatem
682 3580 1094 3663 percipiebat,
1132 3602 1261 3663 qua
1297 3583 1423 3648 iam
1449 3586 1763 3667 privatur,
1800 3584 1941 3649 sine
1965 3582 2101 3648 ulla
2122 3601 2237 3664 spe

274 3668 877 3755 compensationis.
924 3667 1214 3731 Mittitur
1235 3689 1392 3753 ergo
1418 3670 1629 3735 David
1654 3691 1694 3734 a
1723 3680 1904 3752 patre
1927 3670 1992 3732 in
2018 3669 2238 3733 aulam

275 3777 516 3823 coram
547 3772 707 3838 rege
729 3751 1049 3818 citharam
1074 3753 1484 3836 pulsaturus:
1508 3778 1585 3821 ea
1607 3765 1823 3821 tamen
1848 3752 2236 3829 conditione,

271 3851 358 3907 ut
381 3861 609 3926 quum
632 3839 842 3904 officio
866 3839 1251 3905 satisfecerit
1273 3840 1464 3922 filius,
1486 3849 1871 3907 revertatur.
1917 3838 2049 3905 Sed
2076 3838 2238 3905 Saul

274 3948 441 3993 eum
492 3925 681 4011 apud
725 3945 796 3990 se
836 3924 1091 4006 retinet,
1135 3936 1202 3990 et
1242 3927 1404 3992 satis
1448 3937 1831 4012 arroganter
1873 3924 1954 3990 de
1990 3946 2060 3990 ee
2095 3945 2242 3990 sen-

271 4012 483 4093 tiens,
553 4011 784 4096 magni
840 4007 1127 4077 beneficii
1188 4010 1326 4077 loco
1391 4014 1604 4096 ponit,
1672 4010 1838 4096 quod
1908 4011 2240 4076 invenerit

274 4101 594 4183 gratiam
652 4098 722 4161 in
777 4095 981 4161 oculis
1039 4096 1209 4162 suis:
1276 4108 1653 4182 patremque
1706 4111 1772 4163 et
1838 4095 2046 4161 filium
2114 4094 2239 4161 sibi

272 4186 408 4252 hoc
453 4185 737 4250 nomine
773 4180 1128 4265 plurimum
1165 4181 1500 4250 devinctos
1531 4184 1904 4251 arbitratur.
1953 4181 2239 4261 Scilicet,

273 4271 346 4336 id
398 4271 651 4353 magni
696 4268 991 4332 beneficii
1036 4268 1175 4333 loco
1219 4268 1612 4348 babendum,
1654 4269 1824 4352 quod
1869 4268 2112 4335 afflicta
2154 4269 2242 4335 sit

271 4356 595 4435 familia,
653 4375 730 4420 eo
783 4352 1042 4419 sublato
1100 4355 1209 4436 qui
1266 4356 1391 4420 toti
1449 4355 1733 4421 familiae
1789 4355 2118 4421 serviebat
2175 4363 2242 4420 et

271 4441 677 4517 laborabat,
735 4448 804 4504 et
856 4439 1065 4506 veluti
1124 4449 1425 4507 mortuus
1480 4443 1648 4525 patri
1708 4441 1928 4518 fuerit,
1987 4461 2070 4505 ex
2112 4461 2241 4523 quo

273 4528 565 4594 nullam
613 4525 968 4591 utilitatem
1013 4525 1439 4608 percipiebat:
1483 4527 1648 4611 quod
1696 4526 1850 4611 quid
1895 4524 2071 4590 aliud
2115 4527 2243 4591 fuit

268 4635 496 4699 quam
590 4613 907 4696 quaedam
983 4609 1306 4677 latrocinii
1386 4612 1676 4695 species?
1787 4613 1963 4677 Hinc
2041 4612 2243 4711 igitur

273 4698 716 4786 agnoscendi
773 4704 928 4762 sunt
986 4695 1345 4762 aulicorum
1406 4706 1471 4763 et
1517 4698 1864 4781 primariae
1907 4696 2242 4781 dignitatis

271 4790 609 4853 virorum
664 4803 900 4863 mores,
961 4782 1073 4864 qui
1131 4782 1255 4848 sibi
1312 4793 1499 4848 natos
1541 4805 1766 4849 omnes
1823 4783 2244 4860 arbitrantur,

271 4887 348 4938 et
384 4893 529 4939 sua
569 4878 890 4954 potestate
925 4867 1353 4935 vehementer
1385 4870 1764 4936 abutuntur.
1829 4869 2004 4934 Hinc
2038 4868 2246 4932 multa

269 4960 612 5044 ipsorum
667 4956 892 5040 inique
942 4954 1146 5032 faeta,
1220 4956 1372 5021 hinc
1428 4956 1722 5039 rapinae,
1792 4954 1945 5019 hinc
1997 4952 2243 5030 caedes,

269 5065 464 5129 quae
555 5053 776 5107 tamen
848 5042 1069 5105 omnia
1138 5040 1362 5106 ludum
1421 5050 1488 5107 et
1541 5042 1751 5107 iocum
1811 5039 2244 5105 arbitrantur:

269 5129 470 5215 quod
537 5127 616 5192 in
674 5127 1012 5192 inferiores
1057 5124 1220 5190 nibil
1265 5148 1394 5191 non
1440 5125 1567 5192 sibi
1611 5128 1803 5192 licere
1846 5126 2244 5191 existiment.

269 5213 765 5299 Quamobrem
807 5232 885 5278 eo
928 5211 1206 5278 maiores
1248 5213 1490 5297 gratias
1534 5233 1729 5298 agere
1747 5212 1893 5278 Deo
1937 5210 2246 5278 debemus

2339 492 2513 577 quod
2558 515 2595 560 e
2632 503 2764 560 tam
2810 492 2972 559 dura
3014 495 3333 561 servitute
3378 503 3448 561 et
3479 495 3741 560 miseria
3777 514 3895 561 nos
3931 498 4269 578 exemerit,

2337 590 2404 645 et
2440 579 2574 645 otia
2606 580 2766 646 haec
2802 581 3026 646 fecerit
3062 593 3125 646 et
3160 581 3437 665 singulis
3467 589 3853 665 potestatem
3894 581 4069 647 domi
4110 603 4266 649 suae

2335 667 2627 749 quietam
2663 667 2863 731 vitam
2900 666 3153 752 agendi,
3199 681 3264 731 et
3299 666 3518 732 liberis
3558 668 3695 733 suis
3729 687 3804 732 ac
3846 666 4264 736 facultatibus

2336 752 2562 817 utendi
2584 751 2840 817 fruendi
2867 750 3133 817 dederit.
3192 750 3385 833 Quod
3409 761 3727 836 quantum
3751 754 3836 818 sit
3860 753 4265 834 beneficium,

2336 839 2690 921 quantique
2733 837 3117 915 faciendum,
3171 840 3583 915 sentiremus,
3641 840 3695 903 si
3742 838 3928 904 Deus
3985 860 4024 904 a
4078 840 4267 908 nobis

2338 922 2653 988 auferret:
2677 924 3093 1006 quamobrem
3118 925 3390 989 nimium
3415 944 3653 1009 magna
3676 935 3897 989 nostra
3918 935 4019 990 est
4042 926 4262 1011 ingra-

2337 1008 2564 1085 titudo,
2597 1009 2769 1091 quod
2793 1019 3039 1075 tantam
3065 1009 3190 1074 Dei
3230 1031 3384 1094 erga
3421 1031 3541 1076 nos
3579 1009 4091 1075 benevolentiam
4134 1032 4261 1078 non

2335 1095 2760 1179 agnoscimus,
2816 1114 2943 1177 qua
2983 1115 3102 1162 nos
3146 1095 3227 1162 ab
3270 1094 3636 1160 istiusmodi
3681 1096 4115 1178 potentiorum
4160 1099 4262 1162 in-

2334 1181 2523 1245 iuriis
2581 1181 2884 1264 protegit,
2942 1191 3010 1245 et
3066 1202 3105 1245 a
3162 1180 3348 1247 nobis
3408 1183 3541 1246 vim
3586 1201 3844 1246 omnem
3889 1190 3956 1247 et
3998 1184 4264 1266 rapinas

2337 1277 2532 1342 arcet,
2593 1275 2661 1330 et
2702 1287 2785 1330 ne
2830 1265 2981 1331 lana
3025 1265 3104 1333 de
3148 1267 3341 1333 dorso
3386 1267 3589 1346 nobis,
3648 1277 3722 1331 ut
3766 1268 3951 1331 aiunt
3992 1268 4263 1334 tondea-

2336 1365 2461 1430 tur,
2506 1352 2794 1433 impedit.

2507 1436 2757 1519 Quaeri
2815 1459 2970 1503 vero
3036 1447 3245 1520 potest
3308 1437 3430 1504 hoc
3495 1438 3652 1514 loco,
3719 1439 3983 1522 quinam
4041 1437 4262 1505 David

2338 1522 2559 1589 Saulis
2615 1525 2903 1608 armiger
2958 1523 3170 1589 factus
3230 1526 3334 1601 sit,
3391 1523 3909 1606 quandoquidem
3952 1524 4033 1588 ad
4079 1525 4264 1591 illum

2337 1629 2543 1692 usque
2587 1608 2756 1674 diem
2800 1610 2871 1674 in
2916 1611 3169 1692 pascuis
3224 1612 3427 1676 vitam
3486 1621 3726 1692 egerat,
3794 1623 3857 1675 et
3915 1611 3998 1675 ad
4043 1612 4265 1675 ovium

2337 1704 2519 1777 septa
2577 1694 2855 1772 sederat,
2912 1693 3072 1759 adeo
3132 1703 3203 1759 ut
3260 1697 3340 1760 ad
3388 1694 3683 1760 militiam
3731 1697 4088 1761 instructus
4133 1718 4263 1762 non

2336 1782 2539 1847 fuisse
2598 1780 2916 1845 videatur.
3016 1780 3268 1845 Verum
3328 1801 3492 1864 quae
3550 1781 3629 1846 de
3684 1780 3946 1847 Davide
4002 1782 4111 1847 hic
4166 1782 4264 1848 di-

2338 1881 2599 1950 cuntur,
2643 1876 2707 1930 et
2750 1886 2914 1949 quae
2957 1864 3182 1932 laudes
3221 1868 3346 1949 ipsi
3390 1866 3787 1944 tribuuntur,
3843 1868 4000 1934 satis
4044 1877 4265 1934 osten-

2339 1953 2503 2017 dunt
2560 1973 2692 2017 non
2750 1952 2953 2018 fuisse
3011 1951 3194 2016 illum
3256 1953 3414 2018 adeo
3458 1953 3771 2017 rusticum
3817 1961 3885 2018 et
3925 1953 4269 2031 incultum,

2336 2047 2414 2103 ut
2469 2058 2603 2102 non
2662 2038 2862 2103 fuerit
2921 2037 3387 2104 excellentibus
3432 2037 3617 2102 donis
3661 2049 3727 2103 et
3769 2038 4123 2105 virtutibus
4167 2042 4268 2104 in·

2338 2124 2562 2207 signis,
2623 2123 2747 2188 etsi
2806 2144 2937 2188 non
2996 2124 3167 2206 apud
3224 2143 3451 2188 omnes
3505 2123 3711 2205 ipsius
3768 2125 3938 2190 facta
3981 2124 4264 2190 celebra·

2337 2221 2588 2275 rentur.
2679 2207 3003 2293 Equidem
3062 2219 3128 2274 et
3179 2210 3251 2273 in
3310 2210 3453 2293 ipsa
3500 2221 3773 2292 paterna
3817 2209 4007 2274 domo
4051 2212 4261 2276 fateor

2338 2316 2485 2360 eum
2554 2294 2757 2361 fuisse
2819 2294 3403 2376 contemptibilem,
3483 2294 4025 2377 quemadmodum
4107 2307 4262 2361 ante

2339 2380 2641 2447 vidimus.
2743 2380 2914 2446 Nam
2973 2380 3107 2446 Isa1
3179 2379 3399 2445 liberis
3471 2381 3605 2445 suis
3678 2400 3895 2446 coram
3953 2379 4263 2448 Samuele

2340 2477 2590 2550 septem
2648 2464 2999 2549 productis,
3058 2465 3335 2532 Davidis
3389 2465 3655 2546 nullam,
3713 2467 3900 2550 quasi
3943 2488 4026 2533 ne
4071 2479 4264 2534 natus

2338 2552 2600 2637 quidem
2661 2561 2851 2631 esset,
2909 2553 3307 2617 mentionem
3364 2552 3535 2618 fecit.
3640 2552 3746 2617 Ex
3805 2574 3934 2636 quo
3993 2565 4262 2637 apparet

2338 2659 2536 2722 quam
2590 2657 2783 2722 saepe
2841 2638 3178 2703 hominum
3222 2637 3471 2703 malitia
3515 2646 3581 2703 ct
3622 2638 4091 2722 ingratitudine
4135 2638 4262 2704 Dei

2340 2725 2507 2790 dona
2566 2723 2718 2789 licet
2771 2724 2840 2787 in
2898 2722 3111 2806 aliquo
3169 2723 3357 2790 valde
3414 2724 3760 2808 conspicua
3801 2723 4266 2790 conculcentur

2340 2821 2405 2876 et
2445 2810 2627 2876 flocci
2664 2810 2844 2883 fiant,
2889 2809 2970 2875 ab
3005 2809 3086 2874 iis
3121 2810 3231 2893 qui
3266 2832 3343 2875 ea
3377 2829 3510 2874 non
3550 2810 3714 2875 tanti
3750 2809 4001 2875 faciunt
4036 2810 4264 2893 quanti

2339 2903 2685 2978 oporteret.
2791 2895 3195 2961 Nominatim
3261 2896 3433 2960 enim
3502 2894 3921 2960 honorificam
3985 2893 4263 2961 Davidis

2339 2982 2480 3047 fieri
2516 2981 2910 3047 mentionem
2945 2978 3266 3064 videmus,
3307 2991 3370 3047 et-
3405 2980 3527 3046 dici
3562 2981 3987 3045 fortissimum
4012 2981 4262 3061 robore,

2339 3068 2559 3133 virum
2607 3066 2999 3142 bellicosum,
3046 3076 3111 3132 et
3152 3067 3537 3151 prudentem
3582 3066 3653 3130 in
3700 3065 3932 3145 verbis,
3975 3067 4263 3132 cithara·

2338 3174 2462 3237 que
2517 3151 2683 3218 bene
2738 3151 3144 3235 psallentem.
3233 3152 3419 3233 Quae
3476 3171 3635 3217 sane
3693 3172 3826 3217 non
3873 3172 4074 3233 parva
4116 3152 4263 3219 laus

2337 3240 2461 3305 fuit
2494 3237 2804 3303 Davidis:
2847 3258 2997 3303 raro
3041 3239 3215 3302 enim
3260 3239 3330 3303 in
3374 3237 3720 3303 iuvenibus
3761 3237 4070 3303 fortitudo
4111 3258 4265 3305 cum

2384 3322 2689 3389 rudentia
2722 3324 3029 3390 convenit
3039 3346 3057 3404 ς
3092 3325 3509 3406 quamobrem
3546 3343 3624 3389 eo
3658 3324 3785 3388 fuit
3818 3321 4264 3389 admirabilior

2338 3347 2619 3476 havidis
2699 3410 2942 3493 virtus,
3023 3410 3102 3475 ad
3186 3429 3378 3492 quam
3443 3429 3714 3493 prosper
3778 3410 3977 3473 etiam
4046 3430 4265 3475 rerum

2338 3504 2616 3562 eventus
2669 3516 2868 3578 quum
2928 3494 3260 3561 accederet
3314 3516 3615 3580 magnam
3676 3515 3831 3560 sane
3888 3493 3969 3559 de
4023 3516 4094 3561 se
4154 3494 4266 3559 ad-

2342 3582 2758 3647 mirationem
2802 3581 3017 3663 ipsum
3062 3581 3421 3648 concitasse
3464 3601 3592 3645 non
3639 3579 3880 3645 mirum
3928 3589 4047 3647 est.
4134 3581 4268 3646 Ne-

2339 3688 2466 3750 que
2523 3667 2698 3731 enim
2756 3666 2920 3732 istae
2979 3667 3253 3732 virtutes
3306 3675 3459 3731 sunt
3502 3665 3894 3732 rusticorum
3937 3668 4265 3750 propriae:

2341 3752 2861 3836 quandoquidem
2898 3763 3136 3817 natura
3179 3752 3411 3835 timidi,
3455 3763 3762 3835 agrestes,
3807 3751 4048 3817 idiotae
4093 3762 4267 3833 sunt,

2342 3850 2409 3904 et
2449 3836 2848 3915 fortitudine,
2893 3837 3257 3921 prudentia,
3301 3838 3585 3912 consilio,
3640 3837 3968 3903 industria
4013 3849 4081 3903 et
4121 3860 4265 3905 cac·

2342 3924 2498 3991 teris
2553 3922 2921 3990 istiusmodi
2979 3923 3338 3989 virtutibus
3398 3945 3527 3988 non
3571 3933 3728 3989 sunt
3768 3924 4065 4006 praediti,
4123 3926 4267 4008 qui·

2342 4010 2461 4075 bus
2506 4009 2700 4074 aulici
2735 4009 3119 4094 plerumque
3161 4018 3228 4075 et
3265 4009 3375 4074 alii
3421 4009 3718 4074 homines
3759 4010 4049 4093 insignes
4093 4020 4264 4075 sunt.

2343 4095 2696 4161 Praeterea
2761 4095 2873 4177 qui
2939 4095 3209 4160 consilio
3271 4095 3551 4178 pollent,
3631 4105 3697 4160 et
3775 4095 3906 4161 iuri
3988 4095 4267 4161 dicundo

2343 4192 2679 4266 praesunt,
2704 4201 2836 4245 non
2861 4187 3018 4244 sunt
3041 4180 3422 4263 plerumque
3445 4180 3722 4247 audaces
3745 4201 3955 4264 neque
3979 4180 4059 4245 ad
4086 4200 4267 4246 arma

2344 4267 2685 4334 tractanda
2731 4265 2999 4343 habiles,
3056 4265 3169 4330 sed
3228 4267 3480 4331 ratione
3538 4276 3604 4332 et
3644 4268 3913 4333 consilio
3956 4267 4263 4350 insignes.

2345 4352 2522 4435 Quin
2568 4360 2635 4416 et
2676 4352 2915 4417 multos
2959 4351 3131 4417 viros
3176 4350 3379 4419 bonos
3420 4352 3646 4419 videas
3688 4364 3907 4419 tamen
3953 4372 4079 4416 non
4126 4371 4266 4416 esse

2343 4436 2732 4504 industrios:
2779 4459 2860 4502 ex
2948 4437 3141 4503 uibus
3182 4439 3264 4503 fit
3304 4438 3489 4504 nobis
3531 4440 3987 4521 conspicuum:
4049 4436 4264 4502 Deum

2345 4524 2856 4591 extraordinarie
2967 4523 3226 4589 avidem
3283 4525 3426 4590 istis
3485 4523 3833 4589 virtutibus
3885 4543 4262 4589 exornasse:

2387 4631 2508 4675 uae
2563 4619 2779 4674 tamen
2826 4611 2891 4674 in
2945 4608 3057 4674 illo
3100 4609 3410 4692 quamdiu
3453 4607 3533 4672 ad
3579 4627 3818 4692 pascua
3880 4608 4049 4674 sedit
4106 4627 4264 4690 quo·

2344 4633 2689 4760 dammodo
2741 4695 3325 4761 contemnebantur
3367 4709 3434 4759 et
3476 4693 3888 4760 vilescebant.
3940 4693 4131 4760 Unde
4157 4713 4267 4777 ap-

2343 4789 2534 4865 paret
2585 4800 2815 4845 verum
2870 4780 2937 4844 id
2995 4801 3138 4846 esse
3198 4778 3368 4864 quod
3428 4780 3619 4862 paulo
3678 4791 3830 4844 ante
3884 4779 4040 4857 dixi,
4100 4778 4269 4845 dona

2345 4868 2474 4933 Dei
2518 4866 2673 4931 licet
2714 4867 2783 4930 in
2820 4865 3045 4932 multis
3078 4868 3439 4951 conspicua,
3482 4884 3611 4929 non
3648 4873 3868 4930 tamen
3910 4885 4026 4948 pro
4063 4864 4267 4949 digni·

2347 4962 2482 5017 tate
2543 4952 2761 5035 recipi,
2821 4963 2889 5018 et
2939 4951 3278 5018 hominum
3327 4950 3790 5034 ingratitudine
3831 4951 3975 5016 fieri
4018 4961 4095 5017 ut
4136 4974 4270 5017 uon
4366 5011 4372 5016 .

2349 5048 2806 5123 agnoscantur.
2894 5037 3145 5103 Verum
3206 5038 3536 5104 enimvero
3594 5036 3746 5103 licet
3799 5036 3896 5101 ita
3939 5036 4099 5103 haec
4142 5058 4269 5104 usu

2349 5125 2640 5201 veniant,
2699 5124 2876 5190 viros
2933 5135 3151 5189 tamen
3197 5122 3397 5190 bonos
3440 5122 3672 5205 quibus
3713 5142 3833 5187 sua
3876 5122 4043 5189 dona
4083 5123 4272 5189 Deus

2349 5209 2692 5289 distribuit,
2730 5209 2911 5276 decet
2944 5211 3139 5275 istam
3173 5207 3708 5295 ingratitudinem
3747 5209 4068 5293 patienter
4100 5211 4270 5277 ferre
