5059 6059
240 330 307 397 37
1518 327 1618 393 IN
1661 327 1715 393 Ι.
1762 326 1945 395 LIB.
1988 325 2392 394 SAMUEL.
2439 323 2640 393 OAP.
2681 323 2876 392 XIV.

4083 329 4167 396 38

239 536 467 605 stupore
525 515 775 602 ingenti
853 525 924 582 et
987 536 1208 582 rerum
1287 515 1663 602 ignorantia
1730 515 2121 594 laboremus,
2224 515 2388 581 haec
2429 512 2837 581 observanda
2881 524 3039 580 sunt
3080 534 3252 597 quae
3295 513 3456 595 dico,
3516 526 3583 580 et
3624 536 3791 599 quae
3835 517 3904 584 in
3946 518 4166 586 oculos

237 625 538 696 precemur
595 614 813 667 tamen
869 601 1060 668 illum
1119 613 1191 668 ut
1248 603 1456 668 nostri
1512 603 1919 682 misereatur,
1978 622 2123 667 nos-
2227 599 2516 684 quotidie
2581 600 2947 677 incurrunt,
3020 620 3147 683 quo
3212 600 3560 684 proclivior
3623 603 3697 666 in
3761 604 4165 671 contrarium

238 711 494 774 tramque
555 688 934 756 caecitatem
1000 702 1207 773 regat,
1272 701 1338 753 et
1404 688 1486 753 ad
1553 689 1806 755 felicem
1873 687 2125 752 exitum
2227 700 2328 753 est
2389 686 2646 771 lapsus:
2713 705 2949 770 nempe
3027 707 3219 770 saepe
3283 706 3324 750 a
3390 687 3533 753 Deo
3589 709 3818 753 servos
3868 710 4022 756 suos
4082 689 4168 756 ad

235 779 529 865 perducat,
584 783 659 839 ut
699 794 776 839 eo
818 773 1199 857 ampliorem
1244 774 1421 839 illius
1464 773 1775 840 laudandi
1818 786 1884 839 et
1926 773 2126 872 glori·
2226 773 2480 838 facinus
2537 769 2798 854 aliquod
2855 772 3124 856 impelli,
3182 770 3353 872 quod
3408 786 3673 857 gratum
3716 786 3783 839 et
3827 788 4165 859 acceptum

233 862 440 934 ficandi
480 861 818 925 materiam
859 881 1118 944 semper
1160 860 1530 937 habeamus,
1589 879 1716 943 quo
1759 881 1879 925 nos
1915 878 2128 1008 magis

233 961 463 1036 praeter
523 946 896 1029 opinionem
960 948 1643 1028 exspectationemque
1711 945 1933 1011 bearit.
2060 954 2129 1009 ta

232 1030 581 1118 usurpanda
634 1031 820 1097 nobis
879 1032 1041 1097 haec
1091 1030 1364 1098 historia
1417 1041 1535 1107 est,
1602 1032 1658 1097 si
1717 1032 2001 1097 fructum
2061 1042 2130 1095 et

233 1122 554 1189 utilitatem
598 1138 683 1182 ex
727 1137 804 1182 ea
839 1117 1081 1182 referre
1125 1117 1446 1183 volumus.
1538 1116 1889 1185 Caeterum
1924 1136 2128 1200 quum

230 1205 612 1275 Ionatbanus
666 1203 904 1268 dicitur
959 1203 1285 1286 accepisse
1345 1203 1654 1270 victoriae
1711 1204 1997 1286 signum,
2063 1209 2131 1267 et

229 1296 352 1360 fore
405 1302 477 1357 ut
531 1289 718 1354 Deus
774 1288 995 1354 hostes
1050 1288 1120 1353 in
1176 1310 1329 1354 suas
1386 1310 1623 1355 manus
1682 1287 1987 1365 traderet,
2046 1309 2131 1353 ex

231 1379 425 1449 verbis
466 1375 746 1452 illorum,
791 1375 1029 1457 quibus
1071 1375 1351 1459 ignavos
1382 1388 1451 1441 et
1485 1375 1745 1440 timidos
1779 1395 1924 1441 esse
1957 1373 2129 1439 iudi·

229 1466 403 1544 cavit,
458 1481 588 1526 non
654 1472 896 1526 temere
953 1460 1343 1526 imitandum
1388 1461 1761 1545 exemplum
1804 1470 1923 1527 est.
2009 1459 2135 1525 Est

228 1552 386 1618 enim
442 1547 806 1631 singulare:
867 1546 1230 1614 cuiusmodi
1283 1545 1600 1629 quaedam
1643 1547 1773 1611 alia
1815 1547 1885 1611 in
1929 1545 2133 1612 sacris

224 1644 582 1717 occurrunt,
643 1644 711 1697 et
770 1632 850 1696 de
909 1632 1148 1715 quibus
1192 1631 1446 1716 egimus
1488 1632 1558 1697 in
1603 1632 1768 1698 libro
1811 1631 2132 1697 Indicum.

225 1722 325 1789 Sic
366 1740 568 1805 quum
613 1717 990 1783 Gedeonem
1035 1716 1337 1782 audimus
1380 1717 1461 1783 ad
1508 1717 1703 1784 fidem
1748 1739 1934 1784 suam
1979 1737 2133 1781 con-

221 1803 592 1874 firmandam
637 1802 881 1885 duplex
925 1825 966 1868 a
1013 1804 1152 1868 Deo
1194 1803 1459 1887 signum
1503 1804 1953 1887 postulavisse,
2000 1823 2134 1867 non

223 1896 494 1978 posuisse
538 1891 750 1974 legem
795 1909 994 1971 quam
1040 1888 1150 1952 alii
1190 1901 1623 1971 sequerentur
1655 1889 1840 1955 illum
1886 1900 2135 1954 certum

219 1991 342 2045 est:
405 1975 521 2042 sed
577 1995 618 2040 a
666 1976 807 2040 Deo
858 1974 1237 2056 impulsum,
1294 1975 1466 2057 quod
1525 1976 1667 2059 ipso
1723 1976 1908 2040 exitu
1951 1974 2136 2040 Deus

219 2077 420 2130 ratum
462 2062 638 2128 fecit.
727 2059 921 2141 Quod
978 2060 1035 2126 si
1087 2060 1276 2125 nobis
1318 2060 1706 2127 imitandum
1752 2059 1943 2127 hodie
1987 2080 2136 2143 pro·

217 2168 617 2234 poneremus,
696 2154 943 2212 temere
1006 2144 1389 2229 faceremus,
1469 2147 1779 2231 Deusque
1844 2159 2134 2212 nostram

217 2237 539 2302 levitatem
622 2233 901 2317 puniret.
1010 2230 1179 2297 Nam
1262 2232 1633 2300 meminisse
1700 2253 1816 2298 nos
1881 2241 2137 2315 oportet

217 2341 428 2388 eorum
487 2339 662 2404 quae
721 2317 1043 2384 Dominus
1098 2327 1321 2383 noster
1362 2318 1551 2384 Iesus
1593 2318 1900 2384 Christus
1942 2317 2135 2382 disci·

214 2407 374 2492 pulis
432 2407 576 2472 suis
618 2404 773 2470 olim
831 2401 1105 2487 dicebat,
1165 2404 1554 2485 petentibus,
1601 2417 1674 2471 ut
1716 2402 2135 2487 quemadmo-

213 2494 361 2558 dum
401 2492 562 2557 olim
608 2489 690 2555 ad
736 2488 921 2554 Eliae
963 2508 1205 2572 preces,
1249 2491 1345 2555 sic
1386 2490 1583 2555 etiam
1625 2489 1707 2555 ad
1744 2511 1915 2571 suas,
1960 2489 2135 2574 ignis

215 2579 286 2645 de
325 2578 506 2645 coelo
551 2575 817 2643 caderet
856 2574 926 2639 in
972 2594 1083 2641 eos
1126 2593 1166 2638 a
1208 2573 1444 2658 quibus
1481 2596 1607 2640 non
1655 2576 2135 2660 recipiebantur

213 2664 516 2747 hospitio:
578 2662 878 2733 Nescitis,
931 2661 1164 2744 inquit,
1222 2679 1350 2743 quo
1404 2662 1635 2743 spiritu
1678 2661 1858 2728 Elias
1902 2660 2137 2728 ductus

209 2751 427 2816 fuerit:
486 2747 679 2833 quasi
735 2746 1013 2812 diceret:
1068 2745 1218 2811 Non
1263 2766 1409 2811 eam
1456 2745 1708 2813 habetis
1750 2767 2134 2813 arcanorum

209 2835 329 2900 Dei
392 2833 1057 2903 communicationem
1139 2851 1350 2915 neque
1414 2832 1876 2898 revelationem
1939 2852 2136 2916 quam

206 2920 351 2986 olim
396 2920 593 2987 Elias
650 2918 898 2998 habuit,
956 2939 1148 3001 quem
1193 2928 1410 2982 tamen
1470 2939 1584 2985 vos
1627 2919 1868 2984 imitari
1911 2917 2134 2985 vultis.

207 3007 594 3073 Tenendum
650 3006 867 3087 itaque
910 3003 1134 3068 Deum
1177 3003 1454 3086 speciale
1495 3003 1823 3086 quoddam
1870 3003 2135 3088 privile-

204 3094 378 3177 gium
420 3091 571 3159 suis
615 3092 791 3167 dare,
834 3101 900 3155 et
942 3089 1024 3155 ad
1072 3089 1198 3153 hoc
1242 3090 1341 3154 vel
1387 3089 1546 3155 illud
1582 3111 1749 3173 opus
1785 3089 2134 3173 impellere,

205 3178 364 3261 quod
420 3199 566 3244 non.
623 3175 769 3241 vult
826 3188 1043 3240 tamen
1100 3196 1140 3239 a
1197 3174 1383 3241 nobis
1433 3177 1500 3240 in
1549 3176 1761 3261 legem
1805 3188 1872 3241 et
1913 3196 2136 3241 exem-

207 3264 384 3346 plum
445 3262 653 3329 trahi.
763 3259 954 3343 Quae
1033 3258 1212 3326 utilis
1293 3259 1583 3327 doctrina
1647 3272 1763 3327 est.
1875 3259 2137 3328 Scimus

206 3351 370 3415 enim
433 3370 644 3433 quam
711 3346 1031 3430 proclives
1094 3347 1299 3412 simus
1366 3347 1446 3411 ad
1512 3348 1941 3414 imitationem
2012 3347 2136 3412 Dei

208 3456 547 3502 servorum
604 3435 671 3498 in
732 3431 1033 3498 omnibus
1093 3432 1382 3515 ipsorum
1439 3432 1648 3513 factis,
1707 3433 1850 3500 sine
1902 3433 2136 3499 iudicio

205 3538 264 3586 et
316 3522 750 3589 discretione:
809 3528 885 3582 ut
935 3517 1319 3584 histrionica
1374 3530 1442 3583 et
1496 3521 1752 3585 scenica
1793 3518 2007 3602 potius
2050 3519 2139 3585 sit

203 3627 390 3688 quam
436 3628 610 3672 vera
669 3603 968 3669 imitatio.
1057 3602 1171 3670 Sic
1214 3602 1514 3669 videmus
1555 3604 1892 3671 Israelitas
1934 3605 2139 3669 omni-

205 3690 315 3759 bus
367 3692 661 3759 saeculis
718 3689 1127 3772 depravatos,
1183 3690 1466 3772 turpiter
1518 3702 1584 3754 et
1625 3689 1809 3756 foede
1853 3692 1921 3756 in
1968 3690 2135 3755 mul·

202 3790 298 3845 tos
331 3798 603 3845 errores
647 3776 864 3859 lapsos
904 3774 1124 3850 fuisse,
1170 3787 1237 3839 et
1280 3786 1498 3840 tamen
1535 3797 1789 3841 summa
1824 3797 2135 3860 arrogan-

201 3866 286 3930 tia
329 3865 464 3930 Dei
510 3863 743 3930 foedus
786 3880 935 3926 cum
980 3861 1273 3943 patribus
1316 3861 1602 3943 ipsorum
1640 3862 1899 3938 initum,
1945 3874 2011 3926 et
2055 3861 2136 3927 ab

197 3952 349 4033 ipsis
406 3949 652 4016 multis
716 3948 962 4012 vicibus
1004 3966 1263 4011 summa
1304 3947 1780 4031 ingratitudine
1825 3948 2128 4024 fractum,

197 4037 472 4102 iactasse
535 4045 607 4101 et
665 4033 745 4098 de
789 4033 900 4097 illo
944 4032 1283 4115 gloriatos:
1347 4054 1422 4098 ac
1465 4032 1737 4116 proinde
1778 4054 1819 4098 a
1861 4033 2137 4117 prophe-

197 4123 276 4187 tis
333 4124 641 4207 graviter
692 4118 1138 4201 reprehensos,
1193 4118 1444 4201 flagitia
1500 4133 1718 4184 tamen
1776 4119 1900 4185 hoc
1945 4119 2138 4184 titulo

198 4222 414 4291 tegere
463 4206 792 4273 voluisse:
856 4202 1083 4268 Patres
1124 4206 1339 4277 nostri,
1389 4210 1625 4286 patres,
1669 4206 1959 4288 inquam,
2000 4225 2140 4271 nos-

195 4296 278 4358 tri
333 4294 478 4362 Deo
539 4291 772 4373 accepti
811 4290 1101 4370 fuerant.-
1136 4290 1430 4370 templum
1470 4289 1615 4366 Dei,
1673 4291 1968 4371 templum
2011 4291 2142 4357 Dei

194 4378 511 4446 habemus.
610 4376 809 4449 Sane,
865 4374 977 4441 sed
1036 4375 1108 4439 in
1164 4375 1288 4439 Dei
1346 4388 1692 4460 praecepta
1749 4377 1893 4442 illos
1951 4398 2137 4459 opor·

193 4466 372 4531 tebat
415 4463 695 4533 intueri.
753 4472 820 4526 et
875 4460 1100 4525 eadem
1145 4463 1322 4543 sequi
1371 4474 1438 4525 et
1482 4463 1847 4539 observare,
1914 4484 1988 4528 ac
2034 4484 2138 4528 res

191 4551 564 4633 prohibitas
629 4549 697 4613 in
757 4548 888 4612 illis
950 4548 1175 4612 vitare.
1263 4546 1480 4612 Hodie
1535 4549 1604 4612 in
1664 4558 1910 4631 papatu
1955 4548 2138 4631 quid-

192 4637 346 4720 quid
399 4637 535 4702 Dei
583 4634 798 4700 cultus
842 4633 1076 4697 dicitur
1121 4654 1301 4697 mera
1342 4646 1443 4698 est
1484 4633 1910 4699 abominatio:
1970 4632 2139 4717 quod

189 4722 256 4786 in
316 4724 540 4807 legem
610 4719 871 4784 trabere
930 4718 1260 4784 voluerint
1314 4717 1487 4801 quod
1544 4720 2142 4785 extraordinarium

191 4821 351 4888 erat,
409 4807 588 4873 adeo
647 4816 723 4870 ut
781 4804 910 4869 Dei
965 4803 1181 4871 cultus
1226 4825 1420 4870 verus
1476 4825 1738 4886 prorsus
1781 4805 1866 4870 sit
1908 4805 2136 4889 depra-

191 4908 388 4960 vatus
447 4907 522 4959 et
584 4891 1008 4957 adulteratus.
1097 4889 1286 4955 Unde
1351 4910 1514 4954 vero
1570 4891 1634 4955 id
1694 4890 1946 4968 accidit,
2012 4892 2140 4958 nisi

190 4999 273 5044 ex
314 4979 534 5046 stulta
571 4976 939 5041 imitatione
974 4975 1270 5057 privatae
1305 4975 1577 5042 alicuius
1610 4977 2137 5059 superstitionis?

189 5062 264 5131 Si
328 5066 489 5149 quis
561 5063 738 5127 enim
806 5060 1083 5145 speciale
1149 5061 1410 5144 aliquod
1476 5062 1716 5128 factum
1780 5064 2002 5146 gessit,
2066 5064 2138 5128 in

188 5151 587 5236 exemplum
631 5161 697 5213 et
740 5147 1035 5232 regulam
1081 5155 1360 5213 tractum
1404 5158 1520 5225 est,
1567 5160 1762 5231 atque
1804 5148 1899 5213 ita
1944 5169 2140 5215 verus

188 5234 314 5302 Dei
381 5237 620 5304 cultus
681 5233 1067 5301 obscuratus
1131 5244 1248 5299 est.
1337 5233 1436 5298 Eo
1503 5232 1709 5317 igitur
1773 5235 2137 5300 accuratius

2229 858 2524 937 habebit,
2585 856 2697 923 sed
2757 857 2925 940 quod
2983 866 3207 924 tamen
3264 880 3334 923 in
3393 859 3763 943 exemplum
3811 873 3926 927 aut
3968 882 4163 947 gene·

2229 944 2432 1010 ralem
2491 943 2789 1027 regulam
2848 943 3026 1009 trahi
3080 942 3261 1009 nolit.
3349 942 3730 1012 Cuiusmodi
3786 948 4159 1030 exemplum

2228 1030 2299 1094 in
2361 1028 2721 1096 Abrahami
2780 1050 2969 1095 servo
3022 1029 3445 1112 conspicuum
3489 1040 3611 1097 est.
3696 1031 3869 1097 Nam
3918 1034 4159 1099 missus

2230 1115 2313 1181 ab
2367 1112 2745 1181 Abrahamo
2799 1115 3166 1197 quaesitum
3223 1115 3449 1182 Isaaco
3506 1116 3640 1182 filio
3682 1138 3972 1197 uxorem,
4030 1119 4165 1203 sig·

2230 1223 2390 1267 num
2445 1200 2572 1268 sibi
2628 1203 2931 1284 proponit
2987 1201 3082 1266 rei
3144 1200 3421 1268 feliciter
3476 1201 3820 1288 gerendae,
3881 1204 4156 1287 primam

2230 1285 2430 1353 filiam
2475 1305 2644 1370 quae
2688 1287 3047 1353 occurrerit
3089 1287 3169 1351 ad
3215 1286 3643 1355 hauriendam
3690 1309 3927 1373 aquam
3971 1288 4161 1356 domo

2233 1393 2582 1458 egressam,
2640 1392 2681 1436 a
2713 1394 2841 1455 qua
2883 1384 3106 1456 potum
3152 1373 3447 1455 petierit:
3490 1394 3683 1457 quem
3728 1376 3782 1440 si
3829 1376 4004 1442 ultro
4050 1376 4161 1442 de·

2234 1458 2420 1535 derit,
2480 1466 2549 1523 et
2590 1470 2819 1542 sponte
2860 1459 3057 1522 etiam
3116 1458 3381 1524 camelis
3423 1480 3659 1544 aquam
3701 1462 4170 1545 propinaverit,

2234 1566 2376 1611 eam
2445 1545 2582 1609 fore
2648 1564 2917 1609 uxorem
2985 1545 3127 1609 heri
3193 1545 3312 1625 eui,
3380 1566 3574 1629 quam
3640 1545 3967 1613 Dominus
4032 1549 4170 1631 ipse

2235 1630 2527 1714 elegerit.
2617 1629 2757 1694 Nae
2815 1631 2871 1695 ei
2933 1630 3101 1697 banc
3156 1628 3625 1697 divinationem
3672 1632 3917 1698 imitari
3962 1634 4170 1699 velle-

2236 1737 2402 1794 mus,
2458 1736 2594 1780 non
2651 1714 2917 1781 dubium
2963 1726 3064 1781 est
3107 1716 3264 1798 quin
3308 1738 3454 1782 eam
3498 1720 3935 1803 arrogantiam
3981 1718 4171 1785 Deus

2236 1802 2527 1887 graviter
2571 1801 2867 1885 puniret:
2913 1800 3069 1866 licet
3111 1813 3330 1866 tamen
3374 1801 3735 1868 Abrahami
3778 1804 3955 1870 servi
3998 1825 4171 1870 com·

2235 1888 2578 1973 probatum
2612 1907 2654 1953 a
2687 1888 2830 1952 Deo
2864 1887 2952 1954 sit
2986 1898 3242 1952 votum:
3286 1908 3542 1972 nempe,
3600 1888 3771 1971 quod
3804 1888 3947 1973 ipse
3981 1891 4169 1957 Deus

2235 1973 2585 2058 suggessit,
2652 1986 2720 2038 et
2775 1973 2951 2041 fecit.
3058 1971 3245 2038 Idem
3323 1974 3586 2039 omnino
3653 1974 3732 2040 de
3796 1974 4169 2043 Ionathano

2236 2059 2678 2126 sentiendum.
2789 2059 3018 2143 Neque
3082 2058 3259 2123 enim
3324 2059 3748 2141 proculdubio
3812 2059 4167 2127 verisimile

2236 2146 2541 2229 cuiquam
2599 2144 2743 2210 fieri
2799 2154 3055 2229 poterat
3110 2144 3329 2210 hostes
3373 2144 3454 2209 ad
3499 2143 3776 2212 duorum
3821 2146 4166 2213 hominum

2235 2231 2615 2314 adspectum
2674 2242 2922 2297 terrore
2978 2230 3453 2314 percellendos:
3518 2252 3716 2313 quum
3782 2233 4165 2316 praesertim

2236 2317 2481 2384 scirent
2537 2317 2606 2381 in
2667 2324 2800 2382 toto
2857 2316 3103 2383 Israele
3160 2338 3295 2381 non
3352 2338 3494 2383 esse
3551 2337 3755 2393 arma,
3821 2318 4057 2401 quibus
4099 2339 4169 2384 se

2235 2412 2618 2468 tuerentur:
2678 2401 2918 2468 nedum
2976 2412 3053 2468 ut
3108 2403 3285 2486 ipsos
3515 2402 3883 2482 ederentur,
3950 2416 4015 2468 et
4073 2405 4170 2469 in-

2237 2509 2400 2574 gens
2443 2498 2619 2555 esset
2663 2489 2946 2554 bostium
2992 2486 3367 2554 multitudo.
3477 2487 3617 2554 olae
3660 2487 3922 2571 quidem
3965 2489 4171 2556 fateor

2236 2572 2813 2659 praesidiariorum
2858 2575 3156 2640 cohortes
3190 2573 3634 2640 Ionathanum
3668 2586 3737 2640 et
3770 2576 4166 2661 armigerum

2239 2660 2445 2744 ipsius
2513 2658 2846 2727 viderunt:
2924 2657 3038 2725 sed
3103 2658 3260 2741 quid
3327 2659 3457 2726 duo
3528 2660 3627 2726 illi
3689 2659 4008 2726 adversus
4075 2672 4171 2727 tot

2240 2744 2506 2812 hostes?
2596 2744 2832 2811 Nonne
2876 2755 3206 2810 momento
3248 2743 3433 2811 caedi
3474 2745 3872 2829 potuerunt?
3947 2746 4170 2828 Quare

2242 2832 2426 2898 nulla
2501 2842 2603 2896 est
2673 2831 2893 2897 oblata
2966 2840 3185 2896 metus
3256 2832 3505 2897 occasio
3569 2832 3970 2898 stationariis
4036 2833 4170 2899 illis

2240 2917 2638 2995 Philistaeis‚
2681 2917 2795 3000 qui
2840 2914 3053 2983 nullas
3095 2916 3422 3000 oppositas
3456 2916 3581 2984 sibi
3614 2916 3695 2981 ad
3733 2916 4166 2984 resistendum

2239 3005 2398 3070 viris
2454 3001 3088 3069 animadverterant:
3153 3012 3218 3067 et
3267 3000 3433 3081 ideo,
3492 3012 3567 3068 ut
3611 3002 3904 3069 videmus
3921 3052 3939 3082 ,
4005 3003 4166 3069 Phi·

2237 3089 2450 3156 listaei
2494 3097 2879 3174 conspectos
2933 3087 3101 3153 duos
3143 3087 3292 3155 illos
3336 3089 3510 3155 viros
3552 3110 3668 3172 per
3721 3100 4165 3172 contemptum

2236 3174 2464 3241 iubent
2529 3175 2613 3240 ad
2678 3195 2750 3242 se
2815 3173 3227 3252 adscendere,
3286 3173 3603 3240 dicentes:
3669 3173 3828 3240 Ecce
3890 3173 4167 3240 Hebraei

2225 3261 2542 3342 prodeunt
2581 3281 2615 3326 e
2651 3259 3079 3343 foraminibus
3117 3261 3303 3325 suites
3341 3258 3454 3325 ubi
3493 3280 3562 3325 se
3594 3260 4052 3340 absconderant,
4110 3265 4167 3325 et

2229 3347 2550 3427 praelium
2603 3346 2983 3412 mitantur
2999 3371 3019 3412 .·
3067 3347 3251 3429 quasi
3297 3345 3618 3411 dicerent:
3662 3345 3849 3412 Vah!
3894 3346 4165 3412 miseros

2236 3434 2396 3497 istos
2456 3433 2921 3498 homunciones
2985 3433 3185 3497 etiam
3250 3433 3319 3497 in
3383 3442 3800 3515 conspectum
3867 3442 4163 3497 nostrum

2240 3519 2465 3584 venire
2522 3539 2731 3595 ausos,
2785 3538 2943 3601 quos
3001 3518 3108 3582 vel
3162 3518 3404 3583 invitos
3461 3537 3721 3583 necesse
3766 3528 3866 3582 est
3908 3518 3975 3582 in
4019 3538 4167 3585 nos·

2237 3616 2404 3668 tram
2443 3604 2668 3670 venire
2710 3603 3142 3687 potestatem?
3212 3603 3313 3669 Ea
3354 3602 3482 3669 fuit
3523 3602 3808 3668 hostium
3854 3624 4167 3688 arrogan-

2237 3690 2331 3756 tia
2370 3704 2436 3755 et
2494 3688 2887 3773 petulantia:
2946 3689 3362 3772 quamobrem
3418 3698 3665 3754 metum
3711 3688 4041 3768 simulant,
4100 3700 4166 3756 et

2236 3776 2463 3842 iubent
2519 3775 2858 3841 Israelitas
2916 3773 3000 3839 ad
3042 3796 3113 3841 se
3157 3773 3567 3853 adscendere,
3620 3773 4010 3853 Adsoendue,
4070 3776 4167 3841 in-

2235 3862 2491 3945 quiunt,
2545 3861 2633 3928 ad
2673 3881 2804 3939 nos,
2860 3866 2931 3924 ut
2970 3866 3175 3926 notam
3228 3861 3546 3943 faciamus
3595 3860 3770 3926 vobis
3809 3880 3961 3925 rem.
4050 3859 4166 3930 Sic

2238 3948 2521 4017 solemus
2587 3958 2810 4012 nostro
2885 3945 3189 4011 idiomate
3255 3945 3488 4030 gallico
3550 3945 3939 4028 compellare
4004 3968 4165 4029 quos

2240 4032 2426 4099 nobis
2468 4032 2759 4099 infensos
2802 4032 3000 4097 minis
3043 4047 3393 4098 terremus:
3454 4032 3640 4097 Heus
3682 4032 3931 4109 accede,
3978 4033 4165 4097 ades-

2241 4117 2415 4196 dum,
2463 4119 2683 4201 paucis
2709 4130 2771 4183 te
2814 4117 2994 4183 volo:
3040 4137 3207 4200 quae
3228 4118 3746 4183 comminationis
3783 4118 3912 4182 vim
3951 4117 4163 4183 babet.

2239 4204 2423 4270 Idem
2468 4225 2624 4287 ergo
2659 4203 3037 4270 Philistaeis
3082 4203 3338 4284 accidit,
3381 4204 3491 4286 qui
3525 4203 3745 4269 verbis
3781 4204 3913 4269 illis
3954 4204 4163 4267 mina·

2241 4292 2482 4357 bantur
2547 4290 2913 4355 Ionathano
2977 4298 3044 4354 et
3106 4289 3446 4374 armigero.
3525 4298 3594 4353 et
3656 4298 3876 4353 tamen
3943 4287 4164 4371 egredi

2239 4377 2517 4443 statione
2573 4397 2646 4442 se
2704 4398 2833 4440 non
2895 4376 3137 4440 audere
3193 4376 3679 4459 profitebantur.
3767 4375 3876 4439 Ex
3929 4374 4165 4455 quibus

2240 4474 2511 4546 apparet
2552 4461 2767 4527 Deum
2826 4459 3191 4528 cohibuisse
3249 4461 3494 4526 rabiem
3541 4462 3854 4543 ipsorum,
3913 4471 3980 4524 et
4022 4460 4163 4524 ani-

2240 4549 2366 4614 mis
2410 4558 2657 4613 metum
2715 4548 3031 4626 iniecisse,
3095 4557 3171 4613 ut
3234 4547 3387 4613 licet
3441 4546 3648 4626 multi,
3713 4544 3874 4609 duos
3938 4558 4160 4609 tamen

2241 4634 2541 4700 homines
2586 4634 2827 4698 adoriri
2874 4633 2976 4698 vel
3019 4634 3089 4698 in
3136 4635 3355 4717 fugam
3403 4643 3655 4696 vertere
3692 4651 3817 4695 non
3860 4629 4161 4696 audeant.

2241 4719 2413 4785 Nam
2459 4720 2689 4785 saltem
2734 4720 2815 4784 ad
2852 4718 3229 4784 terrendum
3274 4717 3699 4783 Ionathanem
3739 4715 3987 4799 aliquot
4022 4736 4161 4799 pas·

2240 4827 2355 4872 sus
2399 4805 2714 4870 adversus
2758 4804 2941 4869 illum
2985 4804 3291 4888 progredi
3335 4802 3673 4868 debebant.
3737 4802 3938 4883 Atqui
3986 4814 4164 4867 metu

2242 4892 2631 4973 retinentur,
2688 4905 2754 4954 et
2809 4910 2880 4954 ee
2936 4891 3115 4955 intra
3172 4890 3491 4954 montium
3550 4888 3769 4953 fauces
3808 4888 4164 4968 continent,

2240 4977 2426 5060 quasi
2485 4977 2822 5060 ingentem
2881 4977 3283 5042 excercitum
3320 4976 3388 5038 in
3433 4984 3779 5055 conspectu
3824 4972 4160 5053 haberent,

2239 5074 2310 5126 et
2368 5064 2555 5145 pauci
2617 5081 2693 5127 ac
2746 5060 3041 5127 imbelles
3095 5063 3159 5125 in
3219 5059 3595 5142 adspectum
3654 5079 3874 5123 eorum
3938 5058 4161 5125 venire

2239 5169 2371 5213 non
2438 5148 2773 5214 auderent.
2876 5145 3009 5214 Sed
3072 5147 3477 5212 Ionathanus
3540 5164 3730 5209 omen
3795 5167 3879 5211 ex
3944 5145 4167 5210 verbis

2239 5234 2369 5300 illis
2435 5234 2719 5317 accepit:
2784 5246 2848 5298 et
2914 5254 3073 5299 sane
3127 5232 3430 5314 deinceps
3488 5229 3721 5295 dicitur
3775 5242 3987 5296 metus
4052 5230 4171 5298 ille

3695 5331 3764 5387 3·
