5059 6059
288 324 390 391 725

282 535 435 588 ,nam
484 528 629 595 erga
687 530 806 575 nos
862 508 1223 576 bonitatem
1278 507 1425 576 ideo
1470 509 1896 588 demonstrat,
1964 516 2036 575 ut
2077 531 2165 577 ex

278 626 342 672 aa
386 596 690 699 licentiam
748 595 1060 679 peccandi
1118 594 1486 697 osismus:
1545 594 1661 662 sed
1703 596 1920 696 potins
1964 603 2039 661 ιιι
2080 594 2164 661 ad

279 710 335 757 se
377 685 611 761 alhmat,
676 700 760 746 ne
802 690 980 746 metu
1026 701 1193 765 supp
1221 681 1327 746 ιοίι
1369 702 1440 747 ιιι
1487 680 2006 765 desperationem
2049 701 2167 748 ve-

275 776 515 847 niamus,
555 774 621 832 et
662 765 746 832 ad
781 786 977 832 omne
1010 768 1260 832 malum
1294 766 1619 850 proclives
1652 767 1878 834 simus.
1943 766 2168 849 Quare

275 877 446 944 quum
499 855 708 919 Deum
764 852 951 919 nobis
1005 852 1415 919 reconciliari
1459 858 1761 937 paratum
1802 873 1947 920 esse
1987 854 2166 920 vide-

270 964 412 1025 mus,
484 935 840 1006 cavendum
895 957 1002 1039 ‘ne
1066 937 1153 1038 ab
1195 938 1327 1039 ‘illo
1393 938 1783 1039 resiliamus.
1870 939 2166 1006 Maxime

269 1023 2163 1193 ffl.¹³.si.⁰2553232⁰2’..¹2¹3:3:?2:⁰:.⁷2.”;.³.?33¹22.3?3

260 1138 2165 1383 ΞῑῇὲιῗιεοεᾙξξῖξεςξιῑζιᾶειοΘιῑιιξζιωξήεες

256 1372 741 1555 ἓῖἒθὲοέὰῗ
774 1365 2164 1554 22¹.¹;¹22‘2¹2{;‘;.‘⁰50f·113?⁰:.2¹3·.².{¹3.332ss

253 1550 670 1709 emungi-{offe
707 1559 901 1690 ἓιιιὶιῗιοιι
916 1536 1431 1709 11320ξὲἰέῃὲξέ
1465 1559 1826 1692 ῧιοῗιιίιιιιιιι
1835 1539 2165 1691 Ἓοῗξτῗιΐιῗ

245 1715 444 1780 Iesum
480 1710 824 1778 Christum
858 1709 1169 1795 lacrymis
1203 1716 1269 1775 et
1303 1711 1482 1776 omni
1504 1712 1715 1778 officio
1738 1712 1983 1810 testari,
2030 1730 2164 1776 non

247 1821 377 1953 55·ss
425 1793 1351 1981 ssssffimafflssffttfflgffeffi
1410 1794 1711 1966 32:51?
1713 1817 1812 1947 2¹:
1857 1808 2164 1967 &⁰⁰:3⁸3

239 1970 516 2057 pluribus
550 1965 955 2048 ostendebat,
999 1985 1130 2051 quo
1162 1986 1354 2051 signo
1391 1968 1696 2052 apparuit
1726 1966 2164 2035 condonatum

242 2057 326 2122 illi
356 2076 395 2120 a
427 2055 717 2121 Domino
761 2053 1183 2137 quantumvis
1219 2053 1451 2138 ingens
1487 2062 1842 2136 peccatum.
1918 2052 2159 2135 Quam-

237 2144 440 2208 obrem
505 2159 640 2225 quo
705 2159 777 2204 se
841 2139 1029 2204 Deus
1074 2137 1305 2238 ‘magis
1369 2158 1781 2239 propensum·
1824 2140 1899 2204 in
1957 2140 2166 2206 nostri

243 2246 522 2305 amorem,
583 2232 660 2290 et
717 2227 787 2289 in
846 2231 1127 2324 peccatis
1170 2221 1619 2291 condonandis
1660 2224 2017 2292 faciliorem
2061 2245 2163 2291 os-

238 2312 443 2392 tendit,
485 2331 566 2378 eo
610 2309 816 2376 etiam
860 2329 1072 2394 magis
1117 2308 1200 2375 ad
1239 2329 1389 2375 eum
1431 2309 1769 2376 ardentius
1808 2310 2164 2377 amandum

233 2397 714 2499 adstringimur.
812 2394 1068 2461 Iterum
1154 2394 1363 2480 igitur
1446 2395 1896 2478 expendamus
1981 2395 2162 2461 illam

229 2483 541 2551 Samuehs
587 2480 1143 2548 admonitionem:
1193 2479 1406 2547 Nolite
1443 2481 1721 2547 recedere
1752 2503 1796 2548 a
1827 2487 1994 2566 ter-90
2027 2480 2161 2548 Do·

226 2571 391 2652 mini,
432 2589 568 2653 qua
612 2567 935 2653 populum
976 2565 1302 2642 admonet,
1347 2568 1568 2633 Deum
1611 2588 1769 2667 non·
1788 2588 1978 2652 posse
2014 2567 2159 2647 coli,
2195 2624 2200 2629 .

225 2656 338 2721 nisi
394 2656 620 2740 ipsum
682 2652 964 2737 populus
1007 2661 1336 2736 sequatur.
1418 2651 1592 2719 Nam
1648 2660 1810 2720 satis
1868 2661 1966 2720 est
2007 2673 2159 2719 con-

223 2742 511 2824 spicuum
619 2747 833 2805 nanta
885 2738 974 2804 sit
1029 2738 1372 2804 hominum
1433 2738 1556 2805 hac
1598 2739 1665 2804 in
1712 2746 1898 2822 parte
1941 2739 2158 2822 pervi-

219 2828 400 2907 cacia,
445 2834 523 2893 ut
643 2845 725 2891 eo
766 2824 1022 2909 praeire
1063 2826 1278 2907 potius
1321 2842 1520 2907 quam
1561 2825 1743 2907 sequi
1785 2824 2026 2909 velint3
2070 2831 2158 2908 et,

216 2913 265 2977 si
303 2913 444 2979 fleri
490 2920 743 2997 posset,
785 2909 930 2976 Deo
973 2910 997 2974 i
1076 2909 1102 2974 i
1145 2908 1325 2996 leges
1358 2910 1818 2993 praescribere,
1859 2919 1926 2976 et
1958 2911 2025 2976 in
2061 2911 2159 2994 ip·

215 3018 353 3063 sum
417 2997 855 3065 autoritatem
919 2994 1008 3060 ha
1088 3016 1179 3061 re.
1268 2995 1412 3061 Nae
1473 2996 1847 3080 quicunque
1910 3017 1997 3060 ex
2053 2996 2156 3061 sui

211 3085 454 3151 arbitrii
525 3081 816 3149 libidine
878 3082 1086 3147 vitam
1150 3082 1525 3162 instituunt,
1590 3082 1743 3148 licet
1797 3080 2035 3148 millies
2088 3101 2159 3148 ee

213 3167 418 3235 Deum
476 3169 712 3237 colere
768 3167 1218 3251 profiteantur,
1277 3176 1498 3232 tamen
1541 3167 1890 3253 insigniter
1931 3168 2161 3233 menti-

211 3266 440 3322 untur:
519 3255 812 3337 Deoque
867 3251 1130 3317 nullum
1185 3272 1453 3337 prorsus
1509 3252 1824 3319 honorem
1879 3252 2158 3337 habent;

211 3361 392 3423 quem
453 3343 695 3426 potins
751 3358 914 3404 suae
974 3337 1269 3421 opinioni
1323 3336 1655 3404 subditum
1708 3338 1973 3406 vellent.
2061 3339 2161 3405 Ac

207 3446 355 3494 sane
411 3428 494 3494 fit
558 3424 738 3492 illud
791 3424 964 3491 satis.
1005 3425 1239 3508 cuique
1280 3424 1698 3490 manifestum
1741 3444 1826 3490 ex
1868 3444 1945 3490 eo
1988 3424 2159 3509 quod

208 3512 711 3595 superstitiosos
752 3522 820 3575 et
861 3507 1300 3576 idololatricos
1342 3530 1496 3575 suos
1535 3511 1751 3576 cultus
1795 3510 2003 3577 bonae
2064 3512 2163 3575 in-

210 3599 520 3666 tentionis
577 3596 861 3663 nomine
916 3596 1180 3679 probari
1241 3593 1386 3660 Deo
1429 3594 1680 3672 volunt,
1741 3596 1929 3678 quasi
1972 3594 2160 3680 quid-

202 3684 347 3767 quid
405 3685 484 3750 in
547 3682 832 3751 cerebro
887 3702 1007 3747 sno
1063 3682 1414 3747 commenti
1459 3689 1616 3747 sunt
1656 3679 1842 3747 Deus
1885 3682 2159 3767 probare

201 3778 518 3836 teneatur.
620 3765 822 3835 Unde
891 3766 1316 3852 conspicuum
1384 3779 1486 3833 est
1559 3766 1857 3833 homines
1927 3789 1967 3833 a
2029 3767 2157 3833 Dei

193 3857 389 3922 verbo
431 3853 861 3931 recedentes,
907 3851 1052 3918 Deo
1094 3853 1220 3935 ipsi
1264 3853 1432 3920 velle
1465 3853 1751 3937 praeire:
1797 3862 1866 3919 et
1898 3874 2010 3918 ecs
2046 3854 2157 3937 qui

195 3942 324 4006 suis
388 3937 886 4025 cupiditatibus
945 3938 1312 4023 indulgent,
1392 3938 1504 4005 alii
1568 3939 1966 4016 scortationi,
2044 3940 2157 4004 alii

193 4024 616 4104 helluationi,
667 4023 785 4090 alii
830 4023 1114 4108 denique
1154 4022 1302 4089 aliis
1341 4022 1706 4090 istiusmodi
1743 4024 1940 4103 vitiis,
1987 4023 2158 4111 velle

191 4110 403 4177 Deum
441 4113 623 4196 ipsis
663 4109 1082 4188 conformari,
1125 4118 1193 4175 et
1226 4110 1281 4176 si
1316 4111 1398 4174 ad
1434 4109 1765 4175 cumulum
1801 4109 2157 4194 impietatis

189 4199 518 4279 venerint,
593 4206 828 4261 tamen
887 4194 1314 4261 dissimulare.
1403 4195 1592 4261 Alios
1636 4195 1863 4262 videas
1904 4203 2154 4261 tantam

186 4282 303 4348 sibi
361 4281 789 4369 sapientiam
844 4299 1171 4363 arrogare,
1243 4288 1318 4345 ut
1369 4279 1490 4347 soli
1548 4282 1875 4364 sapientes
1930 4281 2156 4348 haberi

185 4370 411 4451 velint,
482 4369 854 4454 legemque
909 4366 1214 4431 omnibus
1271 4364 1443 4445 dare,
1502 4387 1621 4432 nec
1665 4368 1952 4451 cogitare
2008 4365 2154 4433 Deo

181 4452 1182 4607 Ριιὲἳὲῖωῗξῖῗέῗζὲῃὲἐξΐ
1201 4451 1722 4622 θῗᾟᾶὲἲέᾼῖἰᾈ
1771 4451 2155 4604 ωιὲοξῖῗῖἕ

180 4638 406 4692 eontra
467 4647 564 4693 ex
629 4623 763 4690 hoc
820 4622 963 4688 loco
1006 4621 1351 4702 discamus,
1407 4624 1504 4688 ita
1551 4623 1691 4688 Deo
1732 4622 2151 4689 serviendum

180 4721 243 4775 et
283 4712 668 4778 colendum
715 4730 857 4775 esse
897 4709 1138 4791 ipsum,
1198 4716 1274 4774 ut
1316 4710 1383 4773 in
1429 4709 1657 4792 primis
1698 4708 1865 4774 nihil
1908 4707 2151 4775 bonum

180 4808 239 4862 et
309 4799 594 4866 iustum
683 4795 1151 4873 existimemus,
1237 4793 1369 4861 nisi
1432 4793 1604 4878 quod
1666 4795 1808 4878 ipse
1869 4793 2152 4860 iusserit.

180 4881 440 4950 Deinde
501 4881 837 4966 qnoniam
880 4900 1110 4947 omnes
1155 4880 1366 4946 nostri
1405 4880 1679 4947 affectus
1721 4885 1880 4946 sunt
1919 4880 2153 4946 immo-

180 4966 404 5047 derati,
469 4968 582 5036 sic
650 4987 801 5032 esse
856 4965 1270 5044 cohibendos,
1325 4973 1401 5031 ut
1451 4967 1523 5031 in
1567 4964 1867 5031 omnibus
1910 4967 2152 5032 nostris

180 5054 386 5130 dictis,
441 5053 661 5121 raetis
715 5059 784 5118 et
825 5053 1328 5136 cogitationibus
1361 5072 1656 5118 normam
1693 5052 1775 5117 ab
1808 5051 1948 5135 ipso
1973 5071 2153 5134 prae-

180 5141 502 5226 scriptam
577 5158 984 5221 sequamur,
1054 5145 1125 5203 et
1165 5138 1383 5203 Deum
1426 5146 1849 5221 praeeuntem
1892 5155 2155 5220 semper

1528 319 1629 387 IN
1673 321 1728 387 Ι.
1774 320 1953 388 LIB.
1985 317 2404 388 SAMUEL.
2464 317 2666 387 CAP.
2710 320 2874 387 XII.

4071 320 4199 392 726

2266 506 2443 574 bitur
2500 510 2877 595 arrogantia
2932 515 3274 594 turgentes
3314 508 3649 590 faciamus,
3708 530 3919 595 neque
3960 512 4202 580 nostris

2265 592 2733 677 cupiditatibus
2788 595 3331 681 obtemperemus,
3387 603 3455 660 et
3510 596 3820 680 peccandi
3864 595 4202 665 licentiam

2267 681 2453 745 nobis
2494 681 2944 748 concedamus.
2998 683 3218 765 Atque
3261 682 3356 747 ita
3388 681 3606 747 Deum
3643 701 4007 767 sequemur.
4066 682 4203 751 Sed

2267 766 2580 848 quoniam
2642 766 2904 835 difficile
2962 774 3065 834 est
3117 767 3393 834 affectus
3449 787 3601 834 suos
3656 788 4060 852 componere,
4136 777 4205 837 et

2266 850 2349 915 ad
2391 862 2817 935 spontaneam
2860 852 3296 921 obedientiam
3337 854 3619 933 flectere,
3677 852 3915 921 idcirco
3957 854 4203 924 crebris

2267 935 2818 1005 admonitionibus
2882 959 3045 1040 opus
3106 946 3209 1005 est
3272 939 3356 1005 ad
3422 959 3542 1004 nos
3606 939 4059 1025 stimulandos,
4136 949 4205 1008 et

2265 1020 2411 1088 ideo
2480 1022 2747 1090 Samuel
2810 1024 3055 1090 adiicit:
3125 1022 3301 1091 Nam
3362 1024 3760 1091 declinaretis
3812 1032 3961 1108 post
4011 1046 4200 1094 vana.

2266 1107 2652 1176 Cavendum
2706 1110 2929 1194 itaque
2971 1131 3059 1175 ne
3099 1109 3488 1194 cupiditates
3529 1119 3789 1176 nostras
3832 1131 4203 1195 sequamur,

2263 1194 2435 1278 quod
2492 1194 2671 1262 istud
2729 1196 2819 1262 sit
2860 1203 3008 1280 post
3048 1197 3375 1263 vanitates
3418 1194 3762 1263 declinare.
3851 1195 4201 1266 Caeterum

2264 1280 2451 1346 varie
2491 1282 2863 1365 -exponitur
2917 1283 3023 1349 hic
3080 1282 3294 1359 locus,
3352 1301 3508 1347 nam
3573 1281 3682 1348 alii
3739 1283 4020 1368 primam
4082 1303 4201 1352 vo·

2263 1386 2406 1433 cem
2463 1375 2753 1446 vertunt,
2812 1368 2998 1452 quasi
3049 1365 3215 1434 illud
3259 1366 3428 1433 Nam
3474 1388 3605 1434 non
3650 1368 3738 1433 sit
3780 1389 3863 1434 ex
3913 1390 4202 1437 ressum:

2263 1450 2375 1516 alii
2422 1449 2556 1519 Sed
2600 1454 3129 1538 interpretantur,
3173 1460 3247 1517 nt
3290 1453 3376 1519 sit
3409 1472 3678 1520 sensns:
3718 1453 3822 1521 Ne
3902 1455 4199 1534 sclinate,

2264 1536 2378 1603 sed
2421 1539 2746 1605 abstinete
2789 1559 2831 1605 a
2873 1539 3178 1619 vanitate,
3221 1537 3289 1604 id
3333 1552 3433 1604 est
3476 1538 3557 1606 ab
3591 1539 3802 1608 idolis.
3867 1539 4202 1611 Vanitatis

2261 1623 2439 1689 enim
2480 1645 2724 1691 nomen
2768 1625 2850 1691 ad
2893 1623 3065 1692 idola
3106 1624 3412 1691 refertur.
3500 1624 3589 1690 Et
3631 1646 3790 1692 sane
3823 1633 3961 1694 tota
3993 1628 4200 1714 scrip-

2263 1716 2418 1775 tura
2473 1719 2749 1776 testatur
2791 1710 2968 1777 idola
3011 1710 3178 1776 nihil
3223 1710 3349 1777 nisi
3393 1709 3815 1778 mendacium·
3842 1721 3910 1778 et
3949 1714 4199 1782 illusio·

2265 1813 2412 1861 nem
2459 1816 2635 1862 esse:
2679 1804 2748 1861 et
2791 1796 3039 1863 Paulus
3085 1794 3274 1864 dicit:
3316 1795 3575 1862 Idolum
3612 1796 3779 1863 nihil
3814 1817 3974 1865 esse.
4061 1798 4199 1867 Sed

2265 1899 2398 1947 non
2460 1889 2685 1948 tamen
2746 1881 2987 1967 ubique
3049 1880 3226 1947 istud
3289 1882 3682 1949 vocabulum
3742 1884 3814 1949 in
3858 1884 4200 1969 scripturis

2264 1977 2624 2053 usurpatur
2686 1988 2807 2052 pro
2861 1967 3073 2034 idolis.
3159 1967 3368 2033 Isaiae
3423 1968 3685 2052 quidem
3728 1990 3841 2036 eos
3882 1991 3922 2036 a
3964 1970 4198 2056 quibus

2262 2055 2439 2123 idola
2496 2053 2906 2138 effinguntur
2965 2062 3033 2119 et
3086 2053 3389 2120 coluntur
3433 2053 3591 2120 dicit
3632 2075 3776 2122 esse
3817 2056 4196 2139 vanitatem,

2263 2153 2333 2210 et
2374 2140 2488 2225 qui
2532 2138 2842 2207 fiduciam
2884 2158 3072 2205 suam
3116 2139 3185 2204 iu
3230 2137 3361 2204 illis
3402 2140 3719 2207 collocant
3761 2161 3902 2208 esse
3944 2141 4075 2210 illie
4108 2144 4197 2210 si-

2263 2225 2470 2295 miles.
2558 2225 2655 2293 Ut
2718 2225 3030 2292 vanitatis
3094 2244 3333 2290 nomen
3397 2245 3527 2291 non
3594 2236 3730 2292 tam
3785 2226 3979 2293 idolis
4039 2229 4198 2314 ipsis

2306 2333 2458 2380 uam
2516 2310 2951 2397 sculptoribus
3008 2309 3269 2376 illorum
3329 2319 3397 2375 et
3449 2311 3805 2380 cultoribus
3849 2312 4195 2382 tribuatur.

2319 2398 2401 2467 ed
2474 2399 2735 2483 proprie
2800 2396 3059 2465 vanitas
3121 2414 3243 2482 pro
3310 2417 3382 2461 re
3444 2396 3688 2464 nullius
3751 2399 4067 2466 momenti
4130 2410 4201 2467 et

2263 2480 3647 2637 2:2⁶3.qu21³⁰si⁰20¹3520⁸2m332s
3709 2483 4064 2638 313?AEss
4086 2485 4197 2640 ἐξ·

2704 2617 2719 2633 ο
3649 2617 3666 2654 ’
4170 2607 4200 2624 ·

2262 2658 2539 2723 nitatem
2593 2652 3017 2730 sectabimini,
3073 2652 3241 2719 nihil
3284 2654 3550 2720 firmum
3594 2663 3664 2719 et
3704 2664 4009 2725 constans
4052 2660 4198 2738 erit,

2264 2744 2334 2809 in
2391 2761 2588 2807 auras
2642 2749 2710 2807 et
2750 2740 3005 2806 fumum
3047 2738 3263 2806 cultus
3304 2748 3527 2804 vester
3567 2748 3670 2806 est
3711 2742 4023 2824 abiturus,
4078 2764 4197 2812 vos

2262 2829 2334 2894 in
2391 2847 2637 2894 vanum
2696 2823 3087 2891 laborabitis.
3176 2823 3411 2908 Itaque
3456 2825 3563 2893 hic
3605 2826 3915 2894 vanitatis
3959 2850 4195 2897 nomen

2348 2913 2529 2979 nitur
2571 2932 2695 2998 pro
2738 2931 2809 2976 re
2853 2930 3018 2995 quae
3062 2909 3315 2976 nullum
3356 2910 3645 2977 fructum
3681 2912 3911 2994 adfert,
3954 2923 4021 2980 et
4060 2917 4202 2981 nul·

2289 3020 2401 3065 um
2437 2999 2744 3064 effectum
2778 2995 3101 3080 producit.
3187 2995 3268 3061 Id
3310 3005 3582 3080 apparet
3615 3018 3701 3062 ex
3735 2999 3947 3082 primo
3983 3000 4197 3068 Gene-

2262 3107 2427 3162 scos,
2485 3085 2596 3150 ubi
2654 3091 2831 3148 terra
2887 3082 3124 3149 dicitur
3185 3101 3349 3149 vana
3406 3090 3474 3147 et
3513 3082 3729 3149 inanis
3773 3085 3970 3152 fuisse
4011 3095 4198 3153 ante·

2261 3190 2459 3256 quam
2502 3169 2923 3235 decoraretur
2964 3168 3101 3235 suis
3143 3166 3480 3244 fructibus,
3538 3177 3615 3233 ut
3647 3169 3849 3236 fuerit
3879 3171 4195 3254 informis,

2263 3266 2333 3323 et
2367 3264 2552 3322 vasta
2586 3265 2782 3337 atque
2814 3253 3081 3334 inculta,
3122 3254 3401 3337 visuque
3436 3253 3761 3335 deformis,
3807 3257 3979 3340 quod
4014 3259 4199 3326 nulla

2263 3342 2419 3408 dum
2475 3341 2547 3407 in
2592 3341 2705 3406 illa
2747 3340 2945 3406 fuerit
2987 3337 3326 3419 habitatio,
3383 3339 3500 3405 sed
3543 3339 3783 3425 ubique
3825 3343 4041 3426 potius
4084 3342 4197 3412 de-

2259 3435 2528 3496 sertum.
2616 3426 2697 3491 In
2742 3446 3018 3501 summa,
3062 3424 3334 3492 Samuel
3372 3426 3494 3493 hac
3535 3447 3687 3492 voce
3723 3425 3950 3494 docere
3987 3431 4197 3497 voluit

2259 3513 2571 3599 populum
2626 3511 3061 3579 declinantem
3118 3531 3159 3575 a
3216 3510 3381 3587 Deo,
3439 3510 3606 3576 nihil
3665 3513 3794 3579 nisi
3839 3515 4195 3583 vanitatem

2256 3607 2693 3667 sectaturum:
2751 3606 2821 3663 et
2877 3596 3253 3664 recedentes
3306 3617 3343 3662 a
3385 3595 3533 3663 Deo
3575 3618 3690 3681 spe
3733 3620 3851 3664 sua
3895 3602 4194 3670 excidere

2257 3694 2327 3752 et
2367 3705 2579 3750 vanas
2622 3690 2692 3749 et
2733 3685 2963 3748 inanes
3004 3703 3154 3767 spes
3195 3702 3479 3767 pascere,
3524 3683 3696 3767 quod
3740 3684 4004 3752 tandem
4046 3688 4191 3755 illos

2257 3791 2514 3837 summa
2549 3769 2838 3837 confusio
2875 3776 3155 3834 maneat.
3220 3768 3447 3853 Neque
3484 3791 3637 3836 vero
3674 3769 3845 3837 idola
3881 3773 4191 3855 excludit,

2257 3855 2373 3923 sed
2415 3864 2636 3921 tamen
2680 3854 2836 3921 idoli
2882 3874 3115 3919 nomen
3161 3875 3292 3919 non
3335 3855 3660 3938 exprimit,
3707 3856 3880 3941 quod
3918 3861 4191 3929 minoris

2258 3942 2569 4010 momenti
2607 3948 2778 4007 esset
2811 3938 3169 4005 admonitio
3203 3940 3539 4005 sitantum
3564 3940 3720 4007 idoli
3757 3947 4197 4013 meminisset:

2259 4036 2327 4094 et
2397 4028 2594 4111 longe
2658 4026 2869 4109 magis
2926 4034 3459 4091 commoveantur
3516 4026 3815 4096 homines
3873 4032 3930 4097 si
3980 4033 4198 4097 admo-

2255 4120 2502 4179 nentur
2567 4113 2830 4178 inanem
2896 4122 2964 4177 et
3023 4110 3323 4177 inutilem
3387 4131 3651 4196 operam
3716 4134 3901 4181 suam
3960 4117 4102 4182 fore
4136 4117 4195 4181 si

2257 4198 2360 4264 vel
2408 4197 2739 4264 tantillum
2784 4218 2825 4263 a
2867 4197 3268 4281 praescripta
3310 4199 3541 4282 regula
3582 4198 3653 4263 in
3698 4200 3827 4266 Dei
3865 4203 4061 4268 verbo
4095 4221 4194 4267 re-

2255 4283 2588 4350 cesserint.
2675 4280 2927 4349 Idcirco
2985 4279 3205 4348 David
3249 4284 3443 4348 etiam
3489 4284 3829 4365 exclamat,
3888 4284 4188 4367 Domine,

2255 4369 2410 4453 quid
2493 4368 2671 4435 ultra
2732 4375 2800 4433 te
2866 4366 3240 4450 requiram?
3328 4368 3555 4451 Neque
3620 4369 3892 4454 coelum,
3976 4391 4190 4454 neque

2256 4463 2433 4521 terra
2498 4453 2663 4519 mihi
2727 4452 2903 4519 ferre
2968 4453 3285 4520 auxilium
3354 4461 3585 4537 potest.
3674 4453 3853 4522 Sane
3919 4460 4189 4524 minime

2255 4539 2525 4607 dubium
2571 4545 2673 4605 est
2716 4539 2871 4624 quin
2914 4539 3079 4606 bene
3113 4540 3344 4607 doctus
3377 4540 3575 4606 fuerit
3607 4538 3677 4605 in
3713 4541 3841 4607 ista
3875 4541 4187 4623 doctrina,

2254 4633 2324 4691 et
2377 4626 2539 4709 quin
2592 4625 2757 4691 altas
2812 4626 2881 4690 in
2940 4626 3080 4709 ipso
3139 4624 3390 4692 radices
3446 4624 3668 4709 egerit.
3756 4626 3924 4692 Nam
3970 4627 4187 4696 verbis

2251 4711 2399 4777 istis
2443 4708 2728 4778 ostendit
2770 4730 2996 4776 veram
3042 4711 3167 4776 Dei
3212 4712 3648 4794 cognitionem
3691 4711 3762 4776 in
3807 4712 3997 4780 nobis
4041 4716 4184 4782 effi·

2254 4816 2420 4878 cere,
2461 4804 2542 4862 ut
2582 4796 2763 4863 solus
2795 4796 2909 4862 ille
2941 4796 3184 4863 bonum
3223 4804 3516 4861 nostrum
3554 4805 3967 4880 agnoscatur,
4010 4809 4080 4867 et
4112 4800 4183 4865 in

2250 4882 2368 4947 illo
2420 4882 2559 4948 solo
2601 4882 3115 4966 acquiescamus:
3175 4889 3245 4946 et
3285 4892 3509 4947 contra
3550 4880 3860 4965 quidquid
3904 4884 4030 4951 sibi
4075 4887 4188 4953 ho-

2252 4967 2463 5034 mines
2520 4969 2805 5052 fingunt,
2868 4967 3030 5033 nihil
3074 4988 3219 5034 esse
3259 4966 3388 5032 nisi
3433 4965 3842 5033 mendacium
3885 4978 3954 5036 et
3993 4975 4182 5040 vani-

2250 5060 2474 5119 tatem.
2564 5053 2749 5119 Bene
2810 5054 3029 5137 itaque
3092 5051 3349 5118 David:
3433 5051 3606 5116 Hem
3672 5054 3973 5138 Domine,
4051 5081 4181 5144 quo

2251 5138 2672 5225 confugiam?
2757 5139 2942 5207 Nihil
2998 5137 3125 5204 nisi
3168 5146 3243 5202 tu
3288 5157 3393 5202 me
3435 5137 3628 5203 solari
3671 5148 3901 5224 potest,
3955 5146 4182 5216 nullus

180 5246 586 5310 sequamur:
649 5244 734 5290 ac
786 5222 1061 5307 proinde
1104 5244 1190 5290 ne
1234 5223 1404 5307 quod
1451 5223 1637 5290 nobis
1679 5221 1921 5288 bonum
1965 5221 2151 5289 vide·
2255 5234 2516 5310 praeter
2584 5233 2650 5291 te
2703 5225 2775 5291 in
2833 5244 2960 5308 quc
3013 5242 3197 5308 spem
3254 5223 3567 5291 collocare
3610 5226 3871 5307 possim.
3959 5230 4183 5313 Quare

3667 5326 3771 5382 46.
