5059 6059
812 292 942 360 627

816 483 1076 552 viribus
1135 482 1234 548 illi
1277 484 1734 550 inserviamus.
1823 482 2050 564 Quare
2095 481 2443 568 diligenter
2489 504 2607 550 nos
2653 482 2760 549 hic

823 572 1307 657 expendamus:
1377 593 1528 637 uam
1596 579 1849 636 certum
1916 582 2017 635 est
2084 570 2301 635 Deum
2368 591 2502 634 non
2571 567 2763 634 modo

820 667 1125 742 coeptum
1171 658 1240 724 in
1286 657 1471 724 nobis
1512 678 1675 741 opus
1718 656 2087 739 perfecisse,
2144 675 2350 738 quum
2396 677 2433 722 e
2476 655 2766 722 tenebris

722 768 745 784 ‘
820 752 895 811 et
934 744 1189 811 inferno
1234 744 1503 812 eductos
1538 742 1620 809 ad
1665 743 1857 825 regni
1909 744 2010 807 sui
2054 741 2529 825 possessionem
2578 760 2766 824 voca·

824 833 940 912 vit,
985 830 1101 898 sed
1145 830 1345 896 etism
1391 830 1650 895 nullum
1696 849 1812 894 nos
1854 828 1991 893 suis
2025 826 2354 894 beneficiis
2390 826 2768 893 cumulandi

821 926 891 984 et
946 917 1227 985 ornandi
1282 919 1482 983 finem
1541 916 1753 982 facere
1820 912 2130 996 alioquin,
2188 913 2423 978 misere
2482 913 2769 997 quotidie

820 1003 1170 1089 perituros.
1256 1003 1450 1081 Nam,
1517 1000 1805 1084 exempli
1866 1000 2102 1084 gratia,
2168 1019 2491 1082 ponamus
2551 998 2770 1065 Deum

822 1099 1136 1156 testatum
1182 1089 1484 1155 omnibus
1529 1088 1713 1153 nobis
1755 1086 1985 1154 fecisse
2028 1107 2098 1151 se
2143 1107 2377 1152 revera
2418 1085 2593 1152 velle
2651 1108 2772 1152 nos

822 1175 1121 1242 omnium
1180 1175 1649 1242 beneficiorum
1709 1193 1875 1256 quae
1930 1170 2118 1237 nobis
2181 1171 2491 1237 Christus
2549 1172 2772 1237 attulit

824 1261 1199 1346 participes*
1237 1261 1415 1343 fieri:
1442 1326 1449 1334 ,
1474 1259 1648 1343 quid,
1706 1279 1967 1339 quaeso,
2026 1257 2217 1324 nobis
2278 1258 2539 1324 miseris
2582 1259 2773 1323 fieret

825 1349 882 1415 si
940 1348 1013 1413 in
1071 1348 1193 1412 hoc
1251 1358 1430 1413 statu
1491 1346 2028 1426 relinqueremur,
2086 1353 2153 1410 et
2210 1365 2330 1409 nos
2389 1343 2576 1409 nobis
2622 1364 2768 1426 per-

822 1431 1286 1502 mitteremur?
1376 1431 1518 1497 Nae
1592 1430 1871 1496 subinde
1936 1429 2307 1498 laberemur
2374 1438 2442 1495 et
2515 1429 2772 1512 decipe-

824 1540 1071 1598 remur,
1149 1529 1344 1601 atque
1425 1517 1728 1583 omnibus
1803 1516 1949 1582 istis
2025 1514 2356 1582 beneficiis
2437 1536 2556 1581 nos
2643 1517 2772 1599 ipsi

823 1606 1277 1690 spoliaremus.
1366 1603 1467 1669 Ac
1525 1622 1686 1668 sane
1751 1600 2031 1687 singulis
2096 1601 2445 1667 momentis
2506 1602 2636 1666 Dei
2698 1602 2770 1666 in

823 1712 946 1758 nos
987 1692 1156 1756 iram
1213 1709 1662 1774 provocamus,
1719 1699 1786 1752 et
1830 1708 2160 1756 meremur
2218 1697 2291 1752 ut
2334 1708 2452 1753 nos
2496 1688 2771 1753 subinde

824 1780 963 1846 suis
1007 1778 1234 1858 gratiis
1278 1776 1511 1860 privet.
1580 1773 1805 1854 Quare
1847 1795 2115 1840 necesse
2158 1784 2258 1838 est
2302 1785 2376 1838 ut
2416 1772 2607 1839 Deus
2651 1794 2771 1840 nos

825 1862 1292 1931 inaestimabili
1351 1882 1470 1927 sua
1513 1861 1804 1926 bonitate
1847 1860 2170 1942 sublevet,
2228 1867 2297 1924 et
2342 1857 2576 1924 toleret
2620 1881 2769 1926 nos-

820 1956 996 2018 tram
1032 1949 1518 2027 infirmitatem;
1565 1967 1645 2011 ne
1680 1944 2106 2024 offendamus,
2147 1947 2350 2009 immo
2387 1966 2471 2011 ne
2505 1947 2772 2012 omnino

822 2055 1227 2113 corruamus,
1273 2054 1350 2100 ac
1395 2053 1515 2098 nos
1560 2033 1807 2098 virtute
1829 2032 1928 2096 sui
1954 2030 2225 2114 spiritus
2250 2040 2455 2114 regat.
2516 2030 2770 2112 Quam-

826 2121 1051 2189 obrem
1097 2119 1502 2205 experientia
1536 2117 1699 2200 ipsa
1756 2118 2081 2198 docemur,
2126 2118 2347 2183 Deum
2392 2137 2523 2183 non
2580 2117 2771 2183 modo

826 2207 1040 2276 multa
1094 2206 1162 2271 in
1224 2227 1343 2272 nos
1397 2205 1714 2270 beneficia
1768 2202 2140 2282 contulisse,
2195 2201 2311 2268 sed
2368 2224 2596 2268 eorum
2656 2223 2770 2268 au·

825 2293 1023 2378 gandi
1082 2291 1337 2356 nullum
1397 2291 1596 2355 finem
1654 2289 1899 2355 facere:
1958 2308 2038 2356 ac
2095 2286 2385 2373 quotidie
2429 2289 2771 2372 obligatio·

826 2399 981 2445 nem
1040 2378 1270 2461 augeri
1327 2383 1395 2442 et
1452 2377 1794 2441 renovari:
1856 2373 2014 2441 adeo
2073 2386 2147 2440 ut
2188 2396 2268 2444 eo
2325 2374 2572 2442 maiore
2613 2396 2771 2442 cura

825 2471 895 2529 et
936 2463 1151 2530 studio
1209 2463 1296 2530 sit
1339 2461 1526 2526 nobis
1579 2460 1983 2542 enitendum,
2046 2468 2122 2526 ιιι
2164 2481 2371 2544 quum
2413 2468 2595 2526 tanta
2638 2461 2774 2527 sint

823 2547 956 2616 Dei
1000 2548 1072 2613 in
1117 2566 1241 2615 nos
1285 2546 1613 2625 beneficia,
1674 2556 1742 2612 et
1785 2568 1915 2614 non
1963 2546 2220 2612 desinat
2263 2565 2383 2629 pro
2424 2566 2549 2611 sua
2592 2544 2773 2614 boni-

826 2641 965 2700 tate
1024 2634 1210 2699 nobis
1267 2633 1662 2708 benefacere,
1726 2654 1844 2698 nos
1903 2631 2190 2699 vicissim
2250 2631 2429 2699 omni
2482 2651 2645 2698 cura
2706 2641 2776 2698 et

824 2718 1051 2790 labore
1100 2719 1172 2783 in
1233 2721 1376 2785 eius
1433 2718 1681 2784 cultum
1726 2716 2196 2797 incumbamus,
2266 2729 2331 2784 et
2396 2727 2775 2784 constanter

824 2807 895 2872 in
951 2826 1029 2871 eo
1095 2825 1606 2888 perseveremus,
1674 2813 1742 2870 et
1807 2805 1980 2869 vitae
2045 2814 2307 2872 nostrae
2368 2803 2770 2878 curriculum

823 2891 922 2960 ita
986 2891 1410 2958 decurramus
1476 2900 1553 2954 ut
1617 2890 1715 2954 illi
1780 2888 2143 2956 vivendum
2216 2899 2286 2955 et
2352 2889 2771 2956 moriendum

823 2977 1132 3055 sciamus,
1193 2975 1362 3060 quod
1424 2987 1754 3041 terrenam
1817 2975 1992 3041 hanc
2038 2977 2240 3040 vitam
2287 2974 2476 3041 nobis
2515 2995 2595 3042 eo
2639 2976 2773 3040 fine

825 3062 1098 3140 dederit,
1155 3072 1229 3127 ut
1284 3082 1426 3129 eam
1474 3062 1681 3146 ipsius
1726 3061 1937 3128 cultui
1977 3058 2384 3127 dedicemus:
2439 3070 2634 3143 atque
2676 3061 2774 3126 ita

822 3149 985 3216 totis
1041 3149 1283 3214 animis
1341 3148 1424 3213 ad
1480 3150 1683 3214 vitam
1731 3146 1918 3214 nobis
1972 3148 2361 3229 promissam
2405 3147 2773 3229 aspirantes

823 3257 896 3302 re
930 3236 1076 3318 ipsa
1120 3255 1238 3300 nos
1282 3255 1425 3301 esse
1468 3233 1677 3317 ipsius
1718 3233 1892 3298 filios
1935 3241 2271 3299 testemur.
2324 3230 2549 3313 Quare
2575 3231 2771 3318 agite,

822 3320 997 3388 hanc
1055 3319 1424 3387 doctrinam
1484 3319 1721 3385 animis
1788 3318 2158 3401 insculpite,
2216 3316 2438 3384 Deum
2502 3339 2634 3384 non
2701 3318 2772 3386 in

821 3426 959 3474 uno
1020 3415 1281 3471 tantum
1341 3405 1676 3472 liberalem
1724 3414 1790 3469 et
1833 3403 2195 3472 beneficum
2243 3423 2402 3488 erga
2446 3425 2568 3471 nos
2611 3424 2770 3483 esse,

819 3492 939 3560 sed
994 3491 1313 3558 beneficia
1376 3490 1707 3558 beneficiis
1781 3490 2160 3557 cumulandi
2227 3491 2445 3574 ipsum
2513 3489 2770 3556 nullum

815 3578 1021 3644 finem
1064 3579 1293 3654 facere,
1353 3588 1426 3643 ut
1469 3599 1589 3644 nos
1632 3576 1714 3643 ad
1759 3598 1831 3643 se
1875 3576 2122 3643 alliciat
2163 3588 2229 3643 et
2270 3577 2341 3642 in
2384 3576 2622 3642 timore
2665 3576 2769 3643 sui

818 3663 1106 3729 nominis
1148 3665 1447 3729 retineat.

995 3745 1343 3831 Sequitur:
1405 3748 1528 3815 Vos
1569 3753 1775 3815 autem
1816 3747 1997 3814 hodie
2032 3747 2391 3831 proiecistis
2423 3747 2773 3814 Dominum

819 3833 1008 3901 deum
1048 3840 1322 3900 vestrum
1363 3836 1476 3917 qui
1516 3836 1689 3901 solus
1730 3833 2004 3902 salvavit
2034 3853 2148 3899 vos
2189 3833 2265 3899 de
2309 3833 2592 3900 omnibus
2631 3854 2768 3899 ma-

819 3920 907 3988 lis
968 3924 1027 3985 et
1082 3919 1586 3986 tribulationibus
1648 3921 1892 3986 vestris,
1994 3918 2141 3985 Iam
2207 3930 2362 3986 ante
2426 3918 2771 3988 docuimus

817 4004 1145 4090 quomodo
1197 4007 1476 4090 populus
1534 4005 1751 4073 Deum
1810 4005 2115 4073 reiecisse
2173 4004 2449 4086 dicatur,
2514 4025 2769 4088 nempe,

818 4111 959 4159 non
1018 4092 1220 4158 fuisse
1277 4090 1536 4174 quidem
1598 4092 1788 4159 illum
1843 4092 1914 4157 in
1967 4112 2079 4157 ore
2140 4091 2323 4173 vulgi
2381 4112 2769 4159 sermonem.

818 4176 996 4244 Nam
1035 4179 1093 4244 si
1137 4178 1282 4260 quis
1323 4176 1458 4242 illis
1501 4177 1710 4244 divini
1751 4185 2165 4260 contemptus
2222 4185 2337 4244 aut
2401 4177 2773 4244 reiectionis

820 4262 1168 4331 obiecisset
1208 4263 1479 4341 crimen,
1515 4263 1735 4349 palam
1769 4265 2169 4330 contrarium
2208 4264 2433 4329 testati
2469 4263 2772 4332 fuissent.

820 4353 924 4417 Ac
988 4370 1121 4415 non
1187 4349 1457 4415 dubium
1522 4357 1623 4416 est
1703 4351 1863 4433 quin
1928 4349 2417 4416 excusationem
2482 4350 2769 4432 aliquam

820 4434 1312 4520 quaesiverint:
1366 4434 1482 4502 sed
1525 4434 1713 4502 Deus
1757 4434 1972 4502 nullas
2017 4435 2383 4503 istiusmodi
2428 4435 2772 4502 hominum

820 4521 1277 4589 excusationes
1335 4521 1598 4607 excipit,
1665 4541 1879 4604 neque
1943 4522 2190 4606 effugia
2257 4531 2324 4588 et
2384 4520 2775 4605 sophisticas

821 4607 1088 4675 fraudes
1147 4608 1457 4687 admittit,
1516 4607 1758 4690 quibus
1816 4607 2114 4674 homines
2157 4607 2287 4673 Dei
2343 4605 2654 4674 iudicium
2702 4629 2774 4675 se

823 4692 1164 4779 elapsuros
1206 4693 1331 4760 sibi
1375 4693 1805 4778 persuadent:
1865 4691 1980 4759 sed
2024 4694 2514 4778 simplicitatem
2561 4705 2629 4760 et
2671 4696 2775 4759 in·

822 4782 1201 4865 tegritatem
1245 4780 1316 4844 in
1362 4778 1741 4846 hominibus
1785 4779 2089 4863 postulat.
2178 4780 2486 4863 Exempli
2520 4781 2773 4865 gratia:

827 4864 905 4934 Si
948 4865 1133 4932 Deus
1178 4865 1381 4932 talem
1427 4866 1714 4949 aliquam
1761 4885 1800 4931 a
1842 4866 2032 4932 nobis
2077 4865 2514 4932 obedientiam
2560 4888 2633 4932 se
2677 4888 2776 4933 re·

827 4952 1086 5036 quirere
1145 4972 1281 5016 non
1340 4951 1554 5017 dubiis
1609 4952 1817 5036 signis
1877 4952 2270 5030 ostenderit,
2331 4960 2399 5017 et
2457 4974 2577 5020 nos
2635 4952 2776 5019 eius

826 5037 1156 5104 voluntati
1216 5056 1349 5104 non
1407 5038 1945 5115 satisfecerimus,
2005 5038 2278 5122 perinde
2332 5059 2491 5104 sane
2547 5045 2648 5106 est
2703 5060 2778 5105 ac

825 5124 885 5188 si
929 5124 1143 5206 ipsum
1187 5132 1702 5191 contemnamus.
1790 5124 2003 5190 Nemo
2048 5132 2268 5191 tamen
2315 5145 2387 5189 se
2431 5123 2579 5190 ideo
2621 5146 2776 5192 con-

818 5216 1213 5294 temptorem
1260 5208 1467 5276 divini
1509 5211 1794 5278 nominis
1838 5211 2061 5278 vocari
2120 5212 2428 5296 patiatur.
2516 5210 2776 5280 Verum

2447 292 2862 361 HOMILIA
2903 295 3207 366 XXXV.

4644 301 4741 368 628

2869 484 3038 550 nihil
3095 507 3213 552 nos
3269 486 3498 554 inanes
3556 485 3710 554 illae
3768 486 4219 554 excusationes
4279 486 4526 562 iuvant,
4583 510 4750 572 neque

2869 570 3242 655 impediunt
3300 573 3653 655 quominus
3711 576 3944 637 merito
3989 592 4208 638 coram
4256 572 4397 638 Deo
4441 571 4753 641 rebellionis

2871 677 3265 726 accusemur.
3359 657 3469 726 Sic
3521 657 3714 723 hodie
3772 659 4096 725 Dominus
4157 679 4275 722 nos
4334 659 4473 724 eius
4533 659 4750 726 verbum

2872 743 3015 810 sine
3081 744 3595 812 contradictione
3642 743 3823 809 iubet
3888 746 4205 827 recipere:
4272 743 4754 827 voluntatemque

2871 850 3056 895 suam
3099 830 3363 914 scriptis
3397 831 3808 914 propheticis,
3855 831 4000 915 lege
4031 842 4096 895 et
4131 830 4471 914 evangelio
4495 831 4758 897 contineri

2874 911 3098 995 docet,
3154 929 3221 982 et
3277 917 3351 980 in
3412 915 3522 981 illo
3575 916 4036 999 conquiescere
4079 914 4279 981 iubet.
4371 915 4507 980 Nos
4551 937 4680 981 vero
4713 921 4754 982 si

2873 1002 3232 1085 scripturas
3272 1003 3786 1082 contemnimus,
3845 1001 4061 1068 Deum
4109 1003 4261 1068 ficte
4319 1001 4666 1081 adoramus,
4709 1017 4762 1068 et

2881 1088 3320 1154 obedientiam
3365 1098 3432 1153 et
3472 1087 3935 1154 subiectionem
4001 1088 4406 1154 simulamus.
4493 1086 4649 1152 Nam
4695 1089 4760 1154 ibi

2875 1185 3200 1257 sceptrum
3260 1181 3361 1239 est
3415 1175 3554 1240 eius
3609 1178 3883 1259 regium,
3943 1174 4034 1238 ibi
4093 1173 4404 1252 tribunal,
4462 1173 4552 1238 ibi
4592 1171 4760 1239 cultus

2876 1260 3033 1340 eius,
3087 1258 3181 1325 ibi
3239 1269 3530 1325 nostram
3590 1260 4021 1325 obedientiam
4068 1271 4136 1324 et
4180 1259 4638 1326 subiectionem
4676 1281 4758 1324 ex-

2876 1344 3104 1428 plorat.
3193 1343 3374 1427 Quid
3431 1366 3587 1429 ergo
3646 1344 3824 1414 aliud
3879 1359 3978 1412 εει
4046 1343 4460 1427 evangelium
4529 1345 4764 1422 reiicern,

2875 1451 3067 1515 quam
3114 1431 3330 1500 Deum
3376 1430 3456 1496 de
3500 1431 3660 1498 solio
3705 1430 3874 1498 velle
3932 1428 4322 1498 deturbare?
4411 1429 4592 1497 Deus
4630 1433 4764 1496 enim

2875 1517 3292 1601 evangelium
3352 1539 3540 1583 suum
3602 1516 3788 1584 nobis
3847 1518 4086 1601 exponi
4145 1517 4357 1590 iussit,
4426 1538 4662 1599 nosque
4710 1518 4760 1580 in

2876 1603 3018 1669 eius
3061 1603 3321 1670 nomine
3362 1603 3749 1669 convenire:
3810 1603 3931 1671 hoc
3989 1600 4235 1670 donum
4290 1601 4598 1668 ecclesiae
4645 1623 4766 1667 snae

2876 1689 3170 1772 reliquit:
3229 1687 3352 1755 hac
3406 1689 3602 1754 unica
3659 1690 3912 1754 ratione
3973 1709 4092 1754 nos
4150 1689 4285 1773 regi
4341 1697 4419 1752 ει
4555 1687 4764 1754 berneri

2877 1774 3100 1842 voluit.
3190 1772 3269 1841 Si
3325 1775 3472 1857 quis
3531 1795 3691 1841 vero
3749 1773 4051 1859 excipiat,
4104 1796 4173 1840 se
4228 1794 4482 1858 evange
4508 1774 4638 1839 ium
4685 1773 4767 1838 ad·

2877 1863 3158 1942 mittere,
3223 1860 3618 1943 baptisatam
3684 1860 3887 1926 fuisse
3951 1861 4028 1925 in
4091 1860 4400 1937 ecclesia,
4468 1871 4535 1923 et
4595 1871 4768 1926 sancto

2876 1956 3099 2012 tamen
3158 1968 3290 2012 non
3343 1949 3545 2028 vivat,
3604 1956 3859 2011 certum
3904 1956 4004 2012 est
4043 1946 4230 2012 illum
4278 1946 4504 2012 Deum
4547 1946 4766 2011 reiicere

2875 2040 2941 2097 et
3006 2041 3442 2100 contemnere.
3555 2032 3832 2098 Minime
3898 2031 4163 2117 quidem
4234 2053 4310 2100 eo
4375 2032 4555 2115 quod
4617 2031 4771 2095 libere

2875 2119 3224 2184 confitetur
3256 2116 3510 2186 Deum:
3555 2115 3669 2184 sed
3715 2116 3884 2201 quod
3929 2117 4196 2184 sceleris
4237 2115 4525 2183 convicti
4568 2113 4770 2182 εοείεε·

2876 2204 3044 2270 sioni
3085 2225 3219 2269 non
3264 2211 3369 2272 εει
3410 2201 3968 2287 acquiescendum,
4050 2203 4173 2272 uod
4211 2204 4380 2272 nihil
4419 2203 4547 2269 nisi
4580 2201 4772 2286 effugia

2877 2287 2962 2354 ad
3006 2287 3309 2358 vitandas
3350 2310 3592 2373 poenas
3637 2300 3930 2372 quaerat.
4007 2226 4148 2356 ἒεά
4199 2312 4326 2354 non
4375 2299 4482 2355 εει
4519 2288 4674 2371 quod
4711 2288 4772 2352 la-

2877 2376 3095 2442 tebras
3136 2396 3545 2458 quaeramus,
3590 2374 3824 2458 quibus
3848 2374 3973 2441 Dei
4011 2375 4456 2459 praesentiam
4503 2387 4566 2440 et
4608 2370 4772 2455 indig-

2877 2462 3206 2530 nationem
3231 2461 3650 2546 effugiamus:
3688 2482 3900 2546 neque
3935 2465 4108 2526 enim
4145 2457 4523 2530 istiusmodi
4552 2457 4774 2526 ridicula

2876 2547 3119 2629 effugia
3160 2566 3424 2614 causam
3469 2556 3762 2613 nostram
3808 2541 3982 2632 apud
4040 2548 4254 2630 ipsum
4302 2568 4593 2630 unquam
4634 2546 4771 2611 iuva·

2876 2633 3058 2700 bunt.
3146 2631 3455 2718 Denique
3498 2653 3956 2716 quamcunque
4002 2652 4218 2700 coram
4279 2632 4655 2700 hominibus
4688 2650 4771 2694 ex·

2876 2719 3275 2786 cusationem
3341 2718 3777 2799 attulerimus,
3855 2719 3982 2786 nisi
4061 2717 4142 2784 ad
4209 2715 4335 2786 Dei
4413 2719 4776 2786 voluntatem

2878 2806 3316 2888 examinetur,
3356 2813 3608 2872 certum
3653 2813 3753 2872 est
3797 2825 3916 2870 nos
3952 2805 4303 2889 contempti
4341 2813 4416 2870 et
4448 2803 4658 2871 reiecti
4681 2799 4776 2866 Dei

2877 2911 3096 2956 coram
3152 2890 3356 2975 ipsius
3413 2891 3753 2955 maiestate
3809 2912 4070 2974 semper
4135 2911 4279 2958 reos
4338 2890 4503 2958 fore.
4602 2887 4776 2971 Atque

2878 2976 3049 3041 idem
3111 2989 3251 3044 esto
3309 2975 3624 3042 iudicium
3669 2975 3750 3041 de
3792 2974 3876 3042 iis
3920 2979 4036 3059 qui
4078 2974 4274 3042 hodie
4317 2975 4635 3046 adversus
4673 2993 4776 3038 ma·

2878 3063 3197 3145 gistratus
3239 3062 3620 3146 insurgunt,
3664 3060 4093 3130 seditionibus
4138 3073 4205 3126 et
4248 3061 4467 3128 turbis
4511 3061 4776 3127 adversus

2877 3147 3052 3231 ipsos
3118 3147 3440 3215 excitatis.
3539 3148 3710 3216 Nam
3778 3147 4020 3214 scimus
4130 3169 4279 3214 uam
4348 3149 4704 3232 acceperint
4750 3162 4778 3206 a

2878 3234 3165 3302 Domino
3219 3243 3642 3317 potestatem,
3708 3169 4229 3317 quandoquidem
4295 3232 4453 3300 illos
4520 3228 4778 3325 pracfecit

2875 3319 3137 3404 populis
3180 3341 3341 3405 quos
3384 3320 3595 3402 ipsius
3637 3320 3904 3386 nomine
3947 3330 4270 3405 regerent.
4337 3319 4541 3387 Hanc
4581 3317 4636 3385 si
4669 3335 4780 3397 quis

2878 3404 3174 3488 politiam
3217 3405 3477 3472 abolere
3518 3405 4004 3489 praesumserit,
4063 3417 4316 3474 certum
4361 3418 4470 3474 est
4513 3404 4634 3489 ipsi
4670 3399 4776 3466 Deo

2877 3491 3126 3557 bellum
3183 3491 3434 3558 inferri.
3526 3491 3735 3558 Porro
3793 3493 3850 3556 si
3908 3491 4022 3574 qui
4065 3513 4105 3557 a
4145 3491 4292 3556 Deo
4351 3491 4775 3575 praescriptam

2877 3577 3091 3644 cultus
3134 3578 3239 3643 sui
3279 3575 3573 3661 regulam
3620 3576 3705 3642 ad
3761 3577 4164 3643 obedientiae
4207 3588 4478 3643 nostrae
4523 3576 4776 3669 explora-

2876 3662 3121 3728 tionem
3188 3663 3509 3741 reiiciunt,
3575 3663 3880 3729 contemti
3939 3661 4070 3728 Dei
4127 3664 4221 3729 rei
4270 3673 4457 3742 sunt,
4523 3661 4668 3746 quid
4715 3657 4776 3722 in

2873 3749 3168 3815 futurum
3230 3758 3556 3834 putamus,
3614 3749 3727 3831 qui
3782 3749 4124 3816 Christum
4183 3749 4396 3832 ipsum
4464 3746 4778 3814 Dominum

2876 3844 3172 3902 nostrum
3207 3833 3661 3918 detestantur?
3710 3832 3890 3903 Sane
3925 3858 4054 3902 non
4091 3856 4333 3919 paucos
4368 3833 4569 3902 hodie
4603 3831 4778 3927 videat

2877 3921 3002 3988 Dei
3040 3942 3275 3989 nomen
3314 3921 3530 4005 palam
3567 3942 3723 4004 prae
3757 3942 3830 3990 se
3864 3922 4167 3998 ferentes,
4197 3943 4486 4004 quorum
4511 3919 4779 3988 confimo

2874 4008 2945 4072 in
3004 4017 3203 4091 caput
3262 4007 3553 4092 ipsorum
3610 4005 3934 4074 redundat
3987 4008 4208 4091 potius
4263 4027 4465 4092 quam
4511 4006 4594 4073 sit
4633 3999 4776 4098 adin·

2875 4103 3119 4159 mento,
3188 4094 3289 4160 Ac
3325 4114 3519 4177 saepe
3562 4091 3737 4158 istud
3779 4093 3848 4158 in
3895 4093 4095 4159 sacris
4137 4093 4462 4172 occurrit;
4508 4102 4578 4158 et
4613 4108 4778 4155 norm·

2878 4179 3083 4245 natim
3125 4176 3296 4262 apud
3319 4177 3722 4244 Iohannem:
3773 4179 3898 4261 Qui
3934 4177 4139 4264 filium
4173 4199 4296 4245 non
4338 4178 4540 4261 habet,
4571 4180 4778 4261 patrem

2876 4284 3004 4346 non
3058 4263 3268 4331 habet.-
3317 4264 3441 4330 Et:
3490 4264 3688 4330 Nemo
3743 4265 3917 4330 novit
3946 4271 4215 4347 patrem,
4272 4267 4389 4347 qui
4438 4264 4644 4348 filium
4690 4275 4778 4324 uon

2877 4351 3062 4417 novit.
3129 4349 3352 4432 Quare
3393 4348 3730 4417 sciendum
3776 4361 3876 4416 est
3917 4362 3988 4416 ut
4022 4350 4168 4417 Deo
4209 4350 4598 4417 obediamus
4633 4346 4779 4426 eique

2878 4437 3054 4521 grati
3097 4437 3322 4516 simus,
3375 4435 3851 4503 admittendam
3895 4458 4039 4502 esse
4081 4460 4122 4502 a
4164 4437 4353 4504 nobis
4396 4436 4628 4503 salutis
4663 4432 4778 4496 doc-

2880 4524 3145 4602 trinam,
3212 4541 3380 4606 quae
3433 4543 3551 4607 per
3605 4522 3870 4588 unicum
3930 4522 4135 4588 filium
4195 4523 4403 4605 ipsius
4465 4521 4777 4588 Dominum

2879 4617 3175 4677 nostrum
3219 4609 3442 4676 Iesum
3484 4609 3824 4675 Christum
3881 4608 4354 4676 annunciatur:
4419 4619 4615 4692 atque
4663 4604 4776 4670 fleo·

2882 4695 3082 4761 tenda
3145 4714 3288 4761 esse
3355 4694 3544 4760 nobis
3607 4716 3825 4779 genua
3881 4716 4096 4762 coram
4160 4695 4304 4762 eius
4361 4694 4704 4764 maiestate.
4749 4705 4780 4748 ⁸

2881 4801 3011 4864 quo
3055 4780 3424 4847 libertatem
3480 4779 3800 4848 habemus
3854 4778 4213 4847 secundum
4261 4781 4655 4846 voluntatem
4693 4793 4775 4857 pn-

2882 4868 3003 4933 tris
3040 4867 3120 4934 ad
3158 4870 3373 4952 ipsum
3413 4866 3778 4934 accedendi.
3845 4865 4104 4932 Deinde
4133 4868 4488 4932 Dominum
4527 4874 4777 4930 nostrum

2881 4953 3106 5020 Iesum
3153 4954 3496 5020 Christum
3540 4953 3610 5019 in
3656 4953 3801 5037 lege
3845 4964 3911 5018 et
3954 4954 4293 5037 evangelio
4338 4974 4481 5018 esse
4539 4961 4776 5016 contem·

2882 5040 3200 5125 piandum
3244 5041 3562 5119 norimus,
3620 5040 3808 5123 eique
3852 5061 3971 5105 nos
4013 5040 4189 5123 ipsos
4233 5039 4530 5104 oblatum
4573 5039 4635 5102 in
4677 5033 4776 5100 rie·

2883 5126 3114 5192 timum
3157 5126 3524 5193 veniamus.
3611 5125 3839 5210 Neque
3888 5125 4062 5191 enim
4109 5123 4299 5191 modo
4343 5125 4618 5211 quodam
4659 5117 4775 5184 visi-

2883 5212 3000 5279 bili
3044 5214 3154 5280 hic
3185 5213 3363 5279 inter
3398 5232 3516 5278 nos
3550 5209 3745 5280 hodie
3780 5226 4220 5284 commoratur
4257 5221 4323 5278 et
4357 5216 4774 5278 conversatur:
