5059 6059
857 321 997 385 255

2527 316 2938 384 HOMILIA
2980 319 3236 386 LXVI.
4673 323 4761 390 256

867 530 1011 577 esse
1071 526 1451 592 propensos,
1512 514 1579 569 et
1635 503 1966 588 indignari
2027 506 2154 570 nisi
2214 504 2295 570 ad
2342 505 2598 572 libitum
2642 508 2803 589 ipsis
2908 508 3181 592 proinde
3254 505 3773 574 maledictionem
3839 529 4061 576 secum
4130 509 4423 574 trahunt.
4528 510 4767 581 Iouathss

872 594 1090 662 omnia
1153 591 1572 674 gratificeris:
1638 590 1750 673 qui
1807 589 2071 657 morbus
2128 613 2277 657 eum
2335 602 2551 658 aetate
2594 595 2804 677 magis
2909 615 3065 659 vero
3128 594 3453 661 Davidem
3513 594 3776 659 virtutis
3834 615 4060 660 amore
4119 593 4371 660 dilexit.
4459 593 4632 661 Unde
4673 598 4769 697 dis·

873 679 1234 748 invalescit.
1323 676 1494 741 Nam
1531 675 1800 742 ambitio
1836 685 1902 740 et
1937 675 2258 742 honorum
2294 678 2615 760 cupiditas
2650 700 2801 746 con·

872 777 1190 849 temptum
1252 763 1525 828 aliorum
1585 762 1790 845 parit,
1850 774 1916 826 et
1972 763 2244 827 aliorum
2291 763 2696 830 incommodo
2740 775 2807 829 et

874 854 1267 918 detrimento
1331 848 1452 914 sibi
1513 847 1594 912 ad
1654 848 1933 914 honores
1979 852 2151 913 viam
2196 851 2414 914 struit.
2506 851 2805 934 Denique

872 957 1296 1023 quaeeunque
1340 935 1661 1001 amicitiae
1696 934 1821 998 alio
1859 954 2053 1016 quam
2093 936 2233 999 Deo
2270 947 2344 999 ιιι
2380 935 2804 1002 fundamento

873 1025 1199 1098 nituntur,
1257 1035 1322 1085 et
1364 1041 1530 1103 quae
1574 1018 1653 1084 ad
1699 1021 1911 1102 ipsum
1960 1032 2035 1085 ut
2079 1022 2273 1085 finem
2321 1022 2624 1086 ultimum
2668 1044 2803 1087 non

872 1109 1271 1181 referuntur,
1317 1105 1663 1171 simulatae
1708 1119 1864 1171 sunt
1905 1119 1970 1170 et
2006 1108 2276 1171 fucatae.
2363 1107 2592 1190 Neque
2626 1110 2803 1172 enim

870 1196 1136 1261 illarum
1184 1192 1595 1276 principium,
1654 1203 1728 1256 ut
1773 1191 1925 1269 dixi,
1985 1191 2223 1256 bonum
2272 1201 2370 1257 est
2413 1213 2625 1276 neque
2664 1215 2802 1259 ree·

873 1291 1046 1347 tum:
1109 1277 1339 1344 deinde
1382 1280 1572 1344 amici
1616 1297 1686 1343 se
1723 1278 1928 1343 amari
1964 1279 2043 1342 ab
2080 1278 2307 1344 amieis
2342 1299 2471 1343 non
2510 1279 2801 1357 credunt,

875 1367 1001 1432 nisi
1058 1364 1140 1429 ad
1198 1363 1442 1429 malum
1497 1364 1657 1447 ipsis
1701 1384 1890 1429 suam
1934 1384 2197 1444 operam
2244 1375 2505 1442 navent,
2574 1373 2643 1429 et
2684 1386 2803 1430 sua

867 1451 1123 1536 flagitia
1166 1459 1422 1533 tegant:
1470 1470 1546 1514 ae
1587 1448 1861 1533 proinde
1904 1449 2068 1513 tales
2112 1449 2434 1515 amicitiae
2478 1452 2546 1514 in
2584 1448 2801 1515 Deum

875 1539 1088 1622 ipsum
1134 1546 1199 1600 et
1241 1539 1310 1600 in
1356 1536 1458 1599 ius
1494 1545 1561 1599 et
1594 1536 1985 1618 aequitatem
2023 1546 2325 1616 peccant:
2371 1546 2437 1599 et
2473 1535 2634 1600 nihil
2673 1536 2800 1601 nisi

874 1624 1133 1690 vanitas
1157 1634 1335 1698 sunt,
1380 1621 1550 1703 quod
1574 1620 1872 1685 homines
1895 1620 2029 1685 sint
2049 1620 2456 1701 suiipsorum
2483 1633 2799 1688 amantes.

873 1708 1268 1792 Quanquam
1348 1706 1630 1791 alioquin
1712 1705 1996 1771 amicitia
2069 1717 2170 1771 est
2233 1707 2565 1790 singulare
2630 1708 2803 1772 inter

873 1795 1174 1861 homines
1231 1792 1492 1870 bonum,
1551 1791 1746 1857 modo
1802 1792 1882 1855 ad
1946 1792 2067 1856 Dei
2123 1790 2368 1857 cultum
2415 1801 2483 1856 et
2525 1793 2799 1877 gloriam

872 1881 1215 1949 referatur.
1304 1877 1657 1962 Singulare
1721 1878 1986 1960 inquam
2052 1877 2289 1942 bonum
2354 1878 2523 1960 quod
2590 1899 2802 1961 neque

872 1987 1063 2050 reges
1132 1984 1340 2045 neque
1384 1965 1708 2047 principes
1752 1985 1872 2029 sua
1914 1963 2280 2029 conditione
2323 1965 2617 2027 contenti
2660 1985 2801 2030 esse

871 2053 1124 2137 possint
1169 2051 1289 2115 nisi
1338 2058 1654 2127 amentur,
1706 2060 1770 2112 et
1814 2049 2096 2114 habeant
2135 2049 2373 2113 amicos
2418 2050 2799 2131 quibuscum

873 2158 994 2205 sua
1049 2135 1532 2201 communicent
1573 2134 2003 2200 familiariter.
2090 2133 2190 2199 Ac
2234 2154 2393 2199 sane
2436 2136 2546 2198 vix
2593 2133 2796 2199 ullum

874 2224 944 2289 in
989 2221 1234 2288 mundo
1279 2222 1564 2303 reperias
1606 2222 1746 2286 sine
1782 2221 2085 2292 amicitia,
2127 2240 2318 2302 quem
2353 2220 2420 2284 in
2461 2219 2798 2285 hominum

875 2308 1112 2376 animis
1169 2306 1475 2372 affectum
1533 2306 1675 2390 ipse
1734 2305 1917 2370 Deus
1973 2303 2333 2387 insculpsit.
2420 2304 2798 2371 Amicitiam

872 2405 1098 2460 autem
1137 2393 1244 2458 hic
1280 2412 1439 2457 voco
1475 2393 1653 2457 illam
1693 2392 2058 2456 animorum
2094 2391 2613 2456 coniunctionem
2637 2411 2802 2473 quae

877 2482 1088 2545 oritur
1131 2500 1211 2541 ex
1259 2499 1510 2542 morum
1549 2477 1992 2553 similitudine,
2035 2489 2100 2542 et
2135 2474 2550 2541 affectionum
2585 2498 2659 2543 ac
2694 2499 2803 2542 vo·

874 2566 1207 2631 luntatum
1242 2584 1575 2643 consensu,
1608 2575 1684 2629 ut
1721 2584 1911 2630 verus
1938 2563 2110 2628 inter
2138 2561 2377 2627 amieos
2398 2582 2581 2627 amor
2602 2583 2801 2646 appa·

874 2660 1035 2717 reat.
1122 2649 1295 2714 Nam
1348 2650 1630 2716 amicitia
1674 2671 1838 2734 quae
1881 2650 1962 2715 ab
2006 2667 2224 2714 amore
2271 2647 2438 2712 malo
2482 2657 2551 2712 et
2592 2649 2800 2715 detes·

875 2734 1076 2803 tando
1127 2735 1434 2817 nascitur,
1491 2747 1565 2802 ut
1606 2736 1772 2803 vitia
1812 2736 2172 2809 foveantur,
2233 2731 2375 2797 Deo
2418 2742 2484 2797 et
2530 2746 2802 2799 naturae

871 2822 1202 2890 contraria
1266 2830 1383 2885 est.
1474 2821 1605 2889 Sed
1652 2823 1760 2888 ubi
1800 2822 2064 2887 virtutis
2108 2839 2328 2885 amore
2370 2819 2803 2885 conciliantur

874 2906 1217 2985 amicitiae,
1275 2917 1342 2970 et
1400 2908 1580 2974 Deus
1622 2909 1867 2992 primas
1909 2907 1975 2971 in
2019 2925 2240 2971 amore
2284 2914 2500 2986 partes
2545 2906 2800 2983 retinet,

874 2994 1058 3061 illam
1114 3012 1236 3075 ego
1296 2993 1684 3059 laudabilem
1744 3002 1813 3057 et
1855 2992 2195 3057 honestam
2242 2991 2590 3055 amicitiam
2637 2990 2798 3066 dieo,

874 3089 944 3147 et
1021 3077 1265 3143 bonum
1329 3078 1818 3146 inaestimabile.
1908 3079 2075 3143 Nam
2142 3077 2198 3142 si
2263 3075 2411 3156 quis
2477 3078 2800 3159 prosperis

873 3165 1070 3233 rebus
1105 3172 1350 3242 utatur,
1387 3167 1527 3231 eius
1561 3164 1810 3231 laetitia
1844 3164 2117 3229 multum
2157 3159 2519 3243 augebitur,
2555 3163 2612 3227 si
2639 3164 2798 3227 ami-

873 3272 1025 3318 cum
1090 3249 1329 3314 habeat
1391 3253 1649 3334 quicum
1716 3250 2118 3315 familiariter
2173 3267 2291 3313 sua
2334 3249 2800 3314 eommunicet:

875 3347 945 3404 et
998 3336 1068 3400 in
1120 3334 1413 3402 adversis
1478 3337 1811 3402 minuetur
1868 3335 2166 3401 molestia
2224 3332 2280 3399 si
2325 3334 2532 3414 possit
2574 3334 2644 3397 in
2689 3336 2801 3399 ali·

875 3422 1061 3490 cuius
1096 3421 1313 3486 sinum
1350 3422 1701 3488 effundere.
1774 3421 1995 3502 Quare
2029 3440 2230 3503 quum
2268 3419 2353 3483 sit
2385 3419 2800 3484 manifestum

879 3508 1228 3573 amicitiam
1287 3508 1630 3574 honestam
1692 3505 2063 3572 hominibus
2120 3526 2159 3569 a
2200 3504 2342 3569 Deo
2400 3504 2616 3569 datam
2664 3526 2804 3571 esse

878 3613 1207 3660 summum
1250 3594 1509 3669 benum,
1556 3601 1741 3659 tanto
1782 3593 2024 3656 maiore
2066 3590 2280 3657 studio
2319 3588 2627 3656 debemus
2661 3612 2804 3655 eam

879 3676 960 3744 ad
1004 3677 1213 3759 ipsius
1260 3679 1382 3744 Dei
1430 3680 1700 3762 gloriam
1733 3678 1991 3744 referre.
2083 3676 2250 3741 Nam
2275 3695 2401 3758 quo
2423 3677 2807 3758 pretiosiora

879 3771 1036 3830 sunt
1099 3762 1230 3827 Dei
1291 3764 1478 3844 dona,
1542 3786 1619 3831 eo
1676 3764 1887 3847 magis
1929 3763 2053 3845 ipsi
2099 3760 2385 3828 devincti
2430 3782 2674 3838 sumus,
2740 3773 2807 3827 et

880 3847 1154 3934 gloriam
1232 3850 1438 3933 ipsius
1509 3871 1888 3934 promovere
1953 3848 2270 3913 iubemur.
2359 3845 2584 3926 Quum
2648 3868 2806 3913 vero

880 3933 1202 4001 amicitiae
1269 3955 1472 4018 vagae
1535 3948 1603 4002 et
1667 3937 1951 4002 incertae
2015 3944 2188 4010 sunt,
2255 3953 2467 4016 neque
2531 3931 2615 3998 ad
2678 3932 2803 3997 Dei

879 4020 1160 4106 gloriam
1216 4030 1528 4105 spectant,
1587 4022 1653 4087 in
1716 4020 1932 4086 Deum
1992 4027 2294 4102 peccatur
2349 4026 2414 4083 et
2469 4019 2806 4101 sacrilegio

879 4104 1187 4171 maiestas
1264 4106 1468 4188 ipsius
1533 4108 1845 4173 violatur:
1926 4104 2444 4189 quandoquidem
2512 4125 2643 4169 non
2709 4104 2807 4169 illi

878 4192 1092 4258 honor
1148 4193 1260 4273 qui
1305 4192 1577 4258 debetur
1617 4193 1982 4259 exhibetur.
2070 4191 2295 4272 Quare
2338 4189 2489 4256 lieet
2534 4190 2805 4254 honeste

879 4278 1054 4343 inter
1096 4297 1167 4342 se
1212 4276 1510 4345 homines
1553 4278 1801 4362 vivant,
1856 4287 1922 4342 et
1963 4276 2317 4342 amicitiam
2362 4276 2596 4355 colant,
2647 4296 2802 4359 quo-

882 4363 1059 4430 niam
1101 4372 1321 4428 tamen
1359 4364 1536 4430 illius
1574 4362 2068 4429 fundamentum
2106 4382 2236 4426 non
2273 4373 2373 4426 est
2407 4362 2613 4438 Dens,
2650 4382 2807 4426 vera

882 4448 1011 4514 diei
1056 4469 1190 4511 non
1237 4460 1466 4530 potest.
1552 4449 1905 4515 Ionathani
1951 4469 2104 4514 vero
2141 4448 2426 4513 amicitia
2454 4446 2804 4529 singularis

882 4534 991 4600 hic
1033 4534 1542 4612 commendatur,
1585 4557 1784 4617 quum
1831 4533 2099 4600 dieitur:
2152 4533 2465 4599 Davidem
2506 4533 2808 4598 dilexisse

880 4625 1183 4701 tanquam
1233 4621 1512 4685 animam
1551 4641 1756 4700 suam,
1820 4626 1878 4684 et
1917 4621 2134 4685 anima
2174 4618 2474 4684 Ionathae
2511 4619 2808 4701 conqluti-

880 4710 1037 4771 nata
1095 4705 1343 4771 animae
1406 4706 1702 4773 Davidie.
1790 4706 1958 4770 Nam
2024 4705 2168 4770 istis
2227 4704 2443 4770 verbis
2500 4704 2805 4770 docemur

883 4790 1324 4857 Ionathanum
1406 4812 1536 4856 non
1616 4792 1917 4857 utilitatis
1981 4811 2138 4855 suae
2202 4791 2415 4873 gratia
2476 4789 2801 4855 Davidem

884 4876 1225 4961 amavisse,
1270 4883 1348 4941 ut
1390 4877 1521 4942 fere
1564 4877 1776 4943 solent
1809 4877 2103 4942 homines
2137 4877 2239 4940 sui
2270 4874 2589 4942 commodi
2610 4897 2805 4943 causa

884 4962 1096 5029 colere
1153 4962 1499 5028 amicitias:
1559 4984 1710 5029 nam
1767 4972 1883 5027 aut
1923 4983 2039 5046 spe
2082 4961 2243 5027 lueri
2287 4960 2635 5039 ducuntur,
2691 4972 2805 5027 aut

883 5047 1170 5126 honoris,
1236 5059 1349 5114 aut
1414 5049 1615 5115 bonae
1683 5048 1928 5114 famae:
1994 5069 2159 5131 quae
2214 5056 2317 5113 est
2369 5048 2802 5113 amicitiarum

884 5134 1101 5218 potius
1124 5134 1400 5212 violatio,
1422 5134 1940 5218 quandoquidem
1963 5135 2091 5200 Dei
2114 5134 2311 5201 verbo
2334 5155 2463 5199 non
2486 5134 2804 5213 nituntur,

884 5217 1001 5286 sed
1067 5219 1321 5302 privata
1388 5221 1637 5287 utilitas
1700 5230 1767 5287 et
1829 5220 2237 5288 commodum
2295 5220 2662 5303 quaeritur:
2728 5241 2803 5288 ae

2905 681 3114 747 cimus
3157 681 3250 746 ita
3293 678 3593 746 colendas
3636 681 3955 746 amicitias
3994 701 4076 744 ne
4112 702 4235 746 nos
4271 682 4444 764 ipsos
4482 703 4769 764 respexisse

2905 775 2973 830 et
3035 766 3387 831 utilitatem
3452 766 3853 847 quaesivisse
3917 765 4280 844 videamur,
4365 766 4538 849 quod
4596 783 4771 836 natura

2907 852 3151 916 malum
3198 853 3500 917 inhaeret
3546 850 3750 929 nobis,
3796 872 3978 915 amor
4013 873 4248 934 nempe
4283 853 4516 934 nostri,
4554 854 4649 918 sed
4676 855 4770 920 vir·

2906 949 3081 1003 tutes
3125 938 3195 1002 in
3240 939 3320 1003 iis
3366 958 3658 1012 amemus
3701 958 3860 1019 quos
3906 938 4088 1003 Deus
4131 938 4500 1022 insignibus
4541 941 4769 1003 ornavit:

2903 1031 2971 1088 et
3013 1023 3554 1106 quemadmodum
3600 1024 3680 1088 ab
3723 1043 3854 1087 uno
3898 1021 4195 1089 ducimus
4229 1044 4456 1090 omnes
4494 1025 4774 1107 originem,

2904 1109 3181 1175 invicem
3226 1121 3540 1192 tanquam
3586 1109 3776 1175 unius
3820 1111 4109 1191 eorporis
4151 1108 4442 1174 membra
4486 1109 4703 1175 sincere
4728 1121 4773 1176 ot

2906 1195 3161 1280 integre
3243 1199 3562 1260 vivamus.
3654 1195 3882 1277 Neque
3964 1215 4119 1260 vero
4194 1192 4336 1260 dico
4402 1197 4544 1277 pari
4602 1216 4776 1261 omnes

2905 1300 3125 1345 amore
3182 1302 3371 1364 posse
3424 1280 3627 1365 diligi,
3685 1282 3808 1346 etsi
3855 1301 4083 1346 omnes
4127 1281 4387 1345 amandi
4433 1289 4587 1345 sunt
4621 1301 4655 1344 a
4690 1282 4775 1345 mi·

2906 1366 3083 1430 nimo
3126 1366 3208 1432 ad
3257 1367 3631 1447 maximum,
3697 1377 3762 1431 et
3805 1366 4067 1449 quidem
4112 1368 4309 1430 etiam
4356 1367 4576 1432 hostes
4611 1366 4779 1432 inien-

2903 1453 3143 1516 sissimi
3186 1461 3253 1516 et
3293 1452 3770 1533 capitalissimi:
3817 1449 3930 1517 sed
3976 1463 4196 1517 tamen
4242 1451 4324 1517 de
4368 1452 4624 1534 speciali
4662 1472 4778 1534 qua·

2906 1538 3052 1601 dam
3097 1557 3255 1621 erga
3298 1536 3645 1602 familiares
3690 1537 3975 1604 amicitia
4017 1537 4271 1619 loquor:
4318 1557 4489 1619 quae
4531 1538 4644 1604 etsi
4679 1560 4779 1603 nou

2903 1634 3004 1687 est
3045 1621 3143 1688 illi
3189 1622 3474 1706 generali
3520 1622 3819 1703 qualitati
3861 1624 4205 1703 contraria,
4251 1644 4379 1706 qua
4415 1644 4621 1706 neque
4652 1623 4779 1688 tolli·

2904 1721 3013 1773 tur
3057 1728 3265 1791 neque
3311 1708 3643 1784 minuitur,
3688 1705 3993 1773 distincta
4035 1717 4255 1773 tamen
4291 1721 4361 1772 et
4394 1718 4681 1792 separata
4708 1717 4781 1773 est

2903 1795 2983 1859 ab
3037 1793 3167 1858 illa.
3257 1792 3718 1874 Quamobrem,
3778 1797 3835 1859 si
3898 1794 4020 1859 Dei
4075 1794 4198 1859 filii
4242 1815 4479 1859 sumus
4519 1804 4585 1860 et
4624 1795 4784 1878 ipsius

2900 1879 3139 1962 spiritu
3203 1879 3499 1963 regeniti,
3563 1880 3832 1944 caritate
3890 1899 4118 1944 omnes
4174 1878 4689 1964 complectemur,
4738 1890 4785 1944 et

2901 1965 3074 2047 ipsos
3131 1978 3402 2038 nostros,
3471 1975 3544 2028 ut
3603 1980 3753 2029 ante
3818 1962 3975 2043 dixi,
4043 1965 4259 2030 hostes
4303 1966 4787 2048 capitalissimos:

2902 2050 3013 2115 sed
3079 2049 3504 2114 nihilominus
3568 2051 3843 2115 arctiore
3907 2049 4187 2132 quadam
4254 2053 4700 2116 coniunctione
4741 2059 4789 2114 et

2903 2136 3189 2202 amicitia
3231 2134 3620 2200 sociabimur
3644 2136 3723 2200 iis
3757 2156 4029 2217 quorum
4070 2157 4279 2202 mores
4318 2137 4568 2202 nostris
4591 2133 4796 2202 similes

2903 2222 3165 2286 suerint.
3240 2220 3395 2305 Sed,
3441 2233 3516 2284 ut
3561 2222 3964 2303 praemonui,
4007 2243 4423 2305 summepere
4470 2222 4791 2288 cavendum

2904 2328 2985 2372 ne
3032 2307 3232 2371 nostri
3276 2327 3495 2372 amore
3539 2307 3958 2389 abripiamur,
4004 2328 4128 2390 que
4176 2321 4413 2372 natura
4451 2306 4791 2390 plerumque

2902 2392 3234 2457 ducimur:
3298 2403 3364 2457 et
3428 2392 3570 2456 Deo
3638 2394 3705 2456 in
3770 2393 4069 2458 amicitiis
4131 2394 4381 2475 primae
4444 2407 4657 2476 partes
4706 2392 4793 2455 tri·

2903 2479 3214 2558 buendae,
3257 2478 3312 2543 si
3356 2479 3638 2543 amicum
3682 2479 3897 2560 ipsum
3941 2478 4181 2543 habere
4227 2479 4563 2558 volumus,
4613 2491 4673 2541 et
4707 2477 4793 2541 ho-

2904 2574 3153 2629 nestam
3214 2564 3563 2628 amicitiam
3622 2563 3851 2629 colere.
3938 2563 4108 2628 Nam
4154 2565 4393 2647 alioqui
4443 2578 4687 2630 eertum
4723 2573 4798 2627 est

2904 2671 3022 2715 nos
3058 2650 3127 2714 in
3162 2649 3482 2732 quaelibet
3519 2650 3680 2714 vitia
3715 2650 3850 2713 fore
3885 2651 4224 2731 proclives,
4261 2664 4328 2715 et
4362 2651 4612 2714 multas
4633 2648 4795 2713 malae

2904 2736 3275 2800 affectiones
3333 2735 3652 2799 amicitiae
3699 2736 3958 2800 nomine
4002 2747 4308 2801 tecturos.
4403 2738 4637 2819 Neque
4677 2754 4798 2798 vero

2904 2820 3130 2904 loquor
3186 2821 3266 2884 de
3323 2821 3598 2902 impuris
3655 2819 3788 2885 illis
3846 2821 4148 2887 amicitiis
4190 2823 4428 2903 quibus
4476 2833 4694 2886 mutuo
4731 2820 4797 2883 fo·

2906 2919 3143 2971 ventur
3186 2905 3475 2981 erimina,
3521 2904 3633 2970 sed
3680 2905 3760 2970 de
3804 2907 4107 2973 amicitiis
4150 2907 4461 2972 civilibus
4507 2909 4677 2971 inter
4711 2904 4801 2969 ho-

2904 3005 3125 3057 nestos
3185 2992 3382 3068 viros,
3441 3012 3605 3074 quae
3664 3003 3885 3056 tamen
3945 2993 4071 3056 nisi
4132 2992 4273 3057 Deo
4321 2993 4648 3070 nitantur,
4702 3011 4799 3055 nen

2904 3085 3177 3161 possunt
3220 3076 3345 3141 nisi
3388 3096 3528 3141 esse
3572 3097 3784 3143 vanae
3828 3088 3893 3141 et
3934 3079 4182 3142 inanes.

3074 3163 3161 3227 Et
3223 3160 3541 3228 hactenus
3605 3162 3686 3226 de
3750 3163 4037 3227 amicitia
4097 3164 4210 3228 illa
4274 3163 4639 3229 Ionathani
4688 3181 4801 3229 cum

2906 3248 3189 3315 Davide:
3246 3248 3374 3312 iam
3421 3247 3867 3331 expendamus
3910 3251 4103 3313 etiam
4149 3250 4454 3316 divinum
4505 3269 4661 3333 erga
4700 3247 4802 3311 Da·

2905 3334 3119 3398 videm
3178 3334 3467 3397 favorem
3525 3343 3591 3397 et
3634 3333 4170 3411 benevolentiam,
4229 3337 4338 3417 qui
4385 3338 4677 3400 amicum
4714 3331 4805 3415 ipsi

2902 3418 3342 3484 Ionathanum
3385 3419 3740 3498 suscitavit,
3798 3440 3924 3503 quo
3966 3421 4034 3484 in
4080 3421 4272 3485 rebus
4317 3420 4698 3486 difficilibus
4731 3421 4803 3481 iu·

2903 3517 3171 3570 varetur
3205 3516 3273 3569 et
3306 3504 3776 3570 sublevaretur.
3864 3504 4053 3580 Nam,
4091 3515 4167 3570 ut
4201 3506 4521 3588 deinceps
4559 3502 4805 3571 audituri

2904 3612 3147 3670 sumus,
3195 3589 3410 3656 David
3454 3612 3602 3656 cum
3650 3591 3987 3655 horrendis
4032 3592 4517 3656 tentationibus
4564 3592 4804 3655 luctatus

2903 3686 3020 3753 est,
3093 3676 3406 3741 adversus
3464 3677 3676 3757 ipsum
3729 3677 4031 3741 omnibus
4089 3676 4622 3760 insurgentibus,
4684 3673 4806 3740 adeo

2905 3761 3166 3844 quidem
3212 3772 3285 3825 ut
3329 3779 3538 3843 neque
3583 3772 3835 3843 patrem
3883 3782 4090 3844 neque
4128 3776 4405 3827 matrem
4453 3782 4665 3845 neque
4693 3781 4807 3825 cen·

2907 3848 3295 3931 sanguineos
3360 3846 3644 3912 fautores
3709 3859 3775 3912 et
3818 3847 4149 3912 adiutores
4193 3847 4529 3925 habuerit,
4596 3843 4806 3931 quade

2908 3956 2979 3998 re
3013 3934 3424 4015 conqueritur
3469 3933 3733 3997 Psalmo
3767 3934 3869 4012 27,
3915 3933 4075 3998 adeo
4110 3933 4369 4015 quidem
4414 3946 4499 3998 ut
4536 3945 4804 4014 tanquam

2907 4019 3241 4103 putridum
3317 4020 3604 4100 eorporis
3680 4018 4042 4084 membrum
4108 4019 4529 4092 abiiceretur,
4610 4030 4729 4082 tam
4777 4034 4806 4078 s

2906 4126 3199 4170 summae
3234 4103 3570 4188 dignitatis
3606 4126 3799 4186 quam
3837 4103 3916 4168 ab
3955 4106 4212 4170 infimae
4245 4104 4653 4170 conditionis
4686 4100 4806 4166 viris

2907 4202 3213 4273 tanquam
3250 4211 3400 4255 reus
3436 4191 3647 4255 laesae
3685 4190 4039 4256 maiestatis
4075 4189 4431 4254 haberetur
4472 4191 4591 4275 qui
4628 4202 4805 4253 tamen

2906 4277 3129 4341 insons
3192 4286 3332 4339 erat
3397 4295 3613 4340 coram
3683 4275 3844 4350 Deo,
3912 4275 4149 4340 bonnm
4216 4275 4312 4339 illi
4384 4275 4806 4342 testimoninm

2906 4364 3155 4426 ferente
3199 4362 3625 4426 conscientia:
3668 4361 4008 4426 Insontem
4055 4360 4277 4425 audire
4324 4383 4532 4427 nemo
4556 4359 4802 4427 volebat:

2906 4457 3408 4530 praeoccupatus
3448 4448 3609 4511 falso
3645 4448 4053 4530 praeiudicio,
4095 4447 4268 4529 regis
4304 4446 4576 4512 hostem
4612 4467 4737 4511 eoee
4758 4451 4805 4505 et

2905 4533 3317 4617 perfidiosum
3407 4532 3752 4599 Davidem.
3841 4531 4064 4613 Quare
4147 4553 4311 4617 opus
4398 4533 4640 4597 habuit
4706 4527 4802 4624 fide

2905 4619 3128 4696 amico,
3172 4618 3282 4700 qui
3324 4618 3394 4681 in
3442 4620 3583 4683 istis
3629 4617 4095 4683 tentationibus
4139 4639 4287 4682 eum
4325 4619 4681 4695 solaretur,
4717 4633 4803 4697 qm

2904 4705 3181 4771 leviores
3237 4703 3526 4769 efficeret
3585 4705 3976 4769 tentationes
4030 4715 4098 4768 et
4153 4703 4557 4769 afflictiones
4616 4713 4799 4767 mutue

2903 4790 3218 4873 colloquio
3276 4802 3343 4855 et
3400 4792 3637 4855 favore.
3725 4789 4164 4854 Ionathanum
4218 4790 4431 4873 igitur
4492 4789 4621 4874 ipsi
4660 4786 4800 4852 Dea

2904 4878 3179 4940 amicum
3243 4876 3594 4942 suscitavit.
3685 4874 3877 4956 Quod
3937 4895 4097 4939 vero
4150 4896 4292 4952 sese
4348 4877 4549 4940 exuit
4606 4873 4797 4944 tanim.

2905 4968 2969 5026 et
3035 4983 3112 5028 ea
3169 4960 3491 5026 Davidem
3538 4960 3766 5039 induit,
3833 4961 4022 5043 eique
4064 4961 4259 5025 etiam
4303 4961 4608 5046 gladium
4647 4973 4797 5023 suum

2904 5047 3098 5125 dedit,
3134 5068 3355 5114 arcum
3393 5061 3459 5113 et
3498 5047 3848 5129 baltheum,
3884 5050 4149 5112 fuerunt
4183 5047 4521 5113 amicitiae
4548 5060 4798 5112 summae

2906 5134 3196 5217 pignora,
3240 5155 3404 5217 quae
3447 5133 3629 5199 Deus
3675 5154 3804 5199 non
3849 5132 4039 5199 modo
4084 5153 4217 5196 non
4262 5133 4677 5216 improbavit,
4714 5123 4797 5193 sd

2904 5220 2984 5283 ad
3028 5220 3231 5303 ipsius
3273 5219 3529 5286 laudem
3566 5221 3915 5286 memorari
3949 5217 4178 5284 voluit.
4267 5217 4709 5301 Quamobrem
4736 5231 4797 5276 ex
