5059 6059
278 348 393 416 217
1560 342 1655 408 IN
1705 342 1757 409 Ι.
1804 342 1985 408 LIB.
2028 339 2429 409 SAMUEL.
2478 339 2678 407 CAP.
2722 340 2955 408 XVII.
4114 338 4243 405 218

279 539 341 604 in
383 532 720 601 hominum
763 530 1225 617 cogitationem
1273 531 1627 598 venissent.
1714 530 1886 596 Nam
1937 536 2007 595 et
2049 528 2200 613 plus

279 641 459 707 quam
483 617 944 684 miraculosum
982 629 1081 682 est
1117 616 1594 684 adolescentem
1631 616 1946 683 adversus
1968 634 2198 680 ursum

280 717 386 775 aut
435 707 688 770 leonem
749 708 960 769 facere
1020 704 1356 787 impetum,
1422 703 1503 768 ad
1563 723 1844 785 quarum
1911 702 2197 767 ferarum

278 794 376 859 vel
417 792 624 856 solum
669 789 1049 873 adspectum
1097 790 1495 855 fortissimus
1541 792 1816 873 quisque
1860 788 2197 853 cohorres-

277 880 374 957 cit,
430 885 494 942 et
548 874 674 941 sibi
732 876 950 958 potius
1005 875 1159 959 fuga
1216 874 1494 940 salutem
1555 876 1825 958 quaerit,
1883 895 2080 957 quam
2125 880 2201 937 ut

315 963 511 1028 atonti
558 970 625 1025 et
668 972 893 1045 aperto
938 960 1076 1027 loco
1121 961 1286 1028 velit
1329 960 1660 1046 congredi.
1728 959 1951 1041 Quum
1997 959 2200 1043 igitur

335 1048 479 1113 avid
545 1047 704 1113 dicit
769 1067 839 1111 se
904 1068 1133 1112 ursum
1200 1047 1304 1113 vel
1371 1046 1627 1112 leonem
1688 1043 2198 1129 apprehendisse

268 1145 499 1214 mento,
557 1142 624 1199 et
677 1133 1053 1213 suffocasse,
1096 1152 1254 1198 sane
1309 1143 1581 1216 apparet
1637 1134 1788 1216 plus
1832 1152 2024 1213 quam
2070 1129 2196 1194 hu-

267 1221 472 1286 manis
516 1219 768 1284 viribus
810 1226 972 1284 tunc
1016 1219 1383 1301 praeditum
1430 1220 1648 1297 fuisse,
1699 1229 1765 1283 et
1808 1220 2054 1283 virtute
2097 1214 2196 1278 di-

267 1307 416 1372 vina
470 1314 536 1370 et
603 1304 1252 1387 incomprehensibili
1308 1313 1566 1369 tantum
1633 1305 1882 1370 facinus
1939 1311 2195 1387 gestum

263 1392 474 1457 fnisse.
564 1390 1008 1472 Quamobrem
1054 1388 1210 1457 hinc
1253 1388 1774 1457 concludendum
1817 1398 1935 1466 est,
1988 1386 2194 1453 Davi-

264 1477 406 1542 dem
449 1497 652 1560 quum
696 1486 1020 1559 agrestem
1067 1486 1132 1541 et
1177 1476 1543 1559 pecuariam
1588 1477 1791 1542 vitam
1836 1485 2076 1558 ageret,
2122 1473 2193 1537 in

259 1562 444 1628 domo
489 1573 768 1645 paterna
811 1564 1104 1627 omnium
1152 1562 1643 1641 abiectissimus,
1687 1572 1756 1627 et
1798 1569 2016 1624 tamen
2054 1568 2195 1624 tan-

261 1650 339 1713 tis
384 1648 639 1714 viribus
683 1655 857 1713 esset
899 1648 1254 1732 praeditus,
1309 1669 1440 1712 non
1486 1648 1691 1714 fuisse
1734 1647 1879 1713 illas
1926 1656 2193 1710 natura·

251 1733 364 1814 les,
408 1733 525 1799 sed
551 1732 772 1798 Deum
816 1754 1056 1799 arcana
1092 1734 1370 1817 quadam
1420 1734 1662 1798 virtute
1705 1733 1772 1798 in
1819 1733 1961 1815 ipso
1996 1730 2196 1796 fuisse

252 1829 616 1902 operatum,
677 1829 749 1884 ut
794 1840 833 1884 a
877 1840 947 1885 se
1007 1820 1088 1884 ad
1146 1842 1252 1885 res
1308 1839 1584 1903 magnas
1642 1820 1857 1903 ipsum
1916 1817 2192 1883 electum

248 1905 453 1971 fuisse
499 1926 576 1969 re
616 1906 760 1988 ipsa
804 1915 1119 1970 testatum
1193 1906 1452 1971 faceret.
1564 1905 1981 1988 Quapropter
2045 1902 2198 1969 licet

248 2000 791 2057 contemneretur
813 1989 1034 2056 David
1083 2000 1156 2057 ut
1200 1990 1481 2056 fratrum
1524 1993 1836 2056 minimus
1879 1999 1946 2056 et
1991 1987 2197 2054 abiec-

249 2077 567 2158 tissimus,
631 2097 761 2141 non
823 2076 971 2142 ideo
1016 2089 1231 2142 tamen
1277 2077 1498 2142 minus
1541 2099 1580 2142 a
1624 2078 1768 2143 Deo
1814 2077 2008 2141 certis
2053 2075 2197 2158 qui-

243 2162 524 2227 busdam
587 2162 800 2247 signis
859 2162 1242 2229 nobilitatus
1301 2173 1422 2244 est,
1488 2173 1555 2229 et
1612 2163 1695 2229 ad
1752 2184 1858 2227 res
1920 2179 2199 2244 magnas

243 2247 372 2313 Dei
415 2259 694 2315 aeterno
738 2256 804 2314 et
848 2269 1085 2315 arcano
1143 2248 1411 2316 consilio
1477 2249 1875 2333 designatus.
1964 2248 2196 2314 Caete-

240 2355 389 2400 rum
438 2335 568 2400 etsi
617 2356 750 2399 non
793 2336 1098 2401 omnibus
1143 2335 1445 2401 fidelibus
1484 2335 1670 2400 Deus
1711 2332 2026 2400 concedat
2069 2334 2196 2398 leo-

237 2420 439 2485 nibus
486 2429 562 2485 et
607 2420 780 2486 ursis
824 2421 1044 2504 gulam
1092 2422 1412 2505 frangere,
1456 2437 1519 2486 et
1564 2442 1674 2486 eos
1719 2420 2055 2500 dilaniare,
2097 2427 2197 2484 te-

233 2505 542 2570 nendum
591 2515 815 2571 tamen
854 2506 1073 2571 Deum
1112 2528 1231 2573 nos
1275 2507 1592 2572 adversus
1635 2506 1900 2571 leonum
1946 2515 2013 2571 et
2057 2525 2198 2570 cae-

233 2601 538 2656 terarum
585 2591 960 2657 istiusmodi
1007 2594 1291 2658 ferarum
1348 2594 1665 2677 impetum
1714 2599 2085 2657 tutaturum
2130 2599 2197 2655 et

231 2676 713 2743 defensurum:
771 2678 1319 2760 quemadmodum
1366 2679 1773 2762 experientia
1816 2677 2198 2761 quotidiana

235 2762 448 2845 docet,
497 2764 771 2848 quantis
806 2785 842 2828 e
887 2763 1189 2847 periculis
1231 2774 1298 2830 et
1339 2786 1533 2848 quam
1580 2764 1782 2830 variis
1821 2764 2032 2829 modis
2076 2784 2197 2828 nos

234 2850 429 2915 Deus
477 2859 696 2929 eruat,
741 2856 810 2914 et
851 2871 971 2933 pro
1015 2850 1205 2915 nobis
1248 2849 1564 2916 adversus
1606 2849 1977 2916 istiusmodi
2021 2849 2196 2914 feras

230 2935 642 3019 sanguinem
689 2934 1049 3001 humanum
1086 2936 1383 3003 sitientes
1418 2935 1702 3014 dimicet,
1738 2943 1804 3001 et
1838 2936 1909 3001 in
1956 2955 2196 3019 genere

232 3020 315 3085 ab
358 3023 685 3087 omnibus
729 3029 1049 3105 quotquot
1091 3033 1247 3086 sunt
1290 3023 1359 3086 in
1396 3021 1641 3087 mundo
1677 3022 1835 3088 feris
1871 3020 2196 3086 defendat.

228 3106 410 3172 Nam
458 3118 727 3174 certum
772 3121 874 3173 est
917 3107 1188 3173 totidem
1234 3108 1423 3173 nobis
1465 3109 1601 3173 fore
1644 3108 1873 3174 mortis
1917 3108 2197 3172 nuncios

227 3204 391 3276 quot
454 3194 641 3258 feras
699 3194 1155 3276 conspicimus,
1215 3194 1283 3258 ni
1341 3194 1525 3260 Deus
1583 3200 1927 3260 averteret.
2023 3193 2196 3258 Nam

223 3290 302 3343 ut
347 3278 673 3343 omittam
718 3299 828 3345 eas
872 3300 1037 3364 quae
1059 3280 1393 3346 nobiscum
1416 3290 1885 3346 mansuescunt
1918 3286 1987 3343 et
2020 3279 2196 3345 cicu-

224 3373 497 3445 rantur,
549 3384 773 3448 equos,
818 3387 1035 3445 canes,
1075 3375 1300 3432 tauros
1344 3375 1411 3432 et
1454 3366 1718 3445 similes,
1754 3364 1911 3450 quid
1956 3365 2201 3430 retinet

221 3450 408 3517 feras
469 3451 631 3517 illas
689 3461 980 3535 agrestes
1040 3452 1393 3535 quominus
1449 3453 1521 3517 in
1574 3452 1819 3537 apertis
1874 3450 2036 3517 locis
2079 3471 2200 3516 nos

222 3536 750 3620 aggrediantur,
798 3539 903 3603 vel
941 3539 1010 3602 in
1057 3540 1233 3622 ipsas
1277 3537 1474 3604 urbes
1516 3546 1583 3603 et
1627 3536 1849 3603 domos
1883 3538 2200 3621 impetum

220 3622 543 3689 faciant?
591 3623 736 3687 Nae
771 3623 1000 3690 divina
1046 3623 1322 3707 quadam
1370 3625 1436 3688 vi
1479 3624 1686 3692 veluti
1729 3624 1978 3689 catenis
2021 3636 2203 3689 coer-

219 3719 496 3775 centur.
597 3709 770 3774 Nam
829 3710 1131 3792 qnoniam
1177 3729 1217 3774 a
1257 3710 1400 3775 Deo
1444 3730 1562 3792 per
1618 3716 1958 3792 peccatum
2003 3708 2199 3775 alieni

219 3794 394 3861 facti
470 3815 734 3873 sumus,
800 3807 1030 3860 nostra
1094 3815 1251 3861 sane
1309 3797 1721 3861 contumacia
1775 3804 2069 3860 meretur
2126 3801 2203 3860 ut

215 3901 430 3947 omne
483 3900 702 3962 genus
747 3881 1030 3945 ferarum
1078 3880 1432 3946 adversum
1482 3903 1603 3946 nos
1661 3889 1971 3947 armetur.
2060 3878 2205 3946 Sci·

215 3989 376 4033 mus
421 3965 623 4031 enim
668 3963 1016 4046 Adamum,
1061 3967 1347 4050 primum
1392 3966 1580 4032 illum
1621 3975 1918 4033 nostrum
1963 3986 2200 4049 paren-

213 4063 387 4137 tem,
451 4052 793 4117 excidisse
852 4052 1171 4137 dignitate
1230 4052 1343 4118 illa
1385 4062 1452 4118 et
1495 4054 1844 4119 autoritate
1887 4073 2082 4136 quam
2127 4051 2200 4116 in

212 4159 473 4206 omnes
540 4138 913 4204 animantes
968 4146 1305 4222 acceperat
1362 4160 1401 4204 a
1447 4139 1747 4218 Domino,
1816 4158 1980 4221 quae
2035 4158 2200 4202 non-

209 4226 355 4293 nisi
407 4225 494 4289 in
549 4223 836 4289 Domino
881 4238 1101 4289 nostro
1143 4224 1297 4289 Iesu
1340 4225 1609 4291 Christo
1665 4224 2037 4306 recuperari
2083 4243 2200 4306 po-

211 4321 375 4378 test.
485 4309 724 4391 Quare
769 4331 969 4393 quum
1013 4311 1084 4375 in
1124 4311 1333 4376 antris
1378 4311 1512 4376 suis
1556 4310 1731 4376 feras
1775 4310 1979 4375 latere
2021 4308 2204 4375 vide-

209 4420 399 4479 mus,
453 4395 700 4461 divina
744 4416 941 4461 manu
989 4397 1275 4462 cohiberi
1321 4416 1767 4479 agnoscamus,
1812 4396 1999 4462 cuius
2045 4415 2203 4479 erga

208 4507 344 4551 nos
425 4481 906 4548 benevolentia
971 4482 1326 4566 singularis
1391 4484 1457 4547 in
1528 4503 1605 4548 eo
1671 4491 1972 4565 apparet,
2031 4478 2203 4565 quod

209 4571 512 4636 clausas
562 4567 803 4632 retinet
846 4567 917 4631 in
965 4569 1191 4648 antris,
1236 4578 1311 4633 ut
1354 4568 1459 4633 vel
1505 4570 1571 4633 in
1618 4568 1796 4651 agris
1839 4567 1946 4633 vel
1980 4567 2050 4632 in
2088 4567 2202 4632 do-

204 4657 461 4723 mibus
550 4654 767 4737 quiete
826 4663 892 4718 et
948 4654 1195 4737 placide
1262 4653 1651 4720 habitemus.
1758 4653 1983 4736 Neque
2049 4673 2205 4719 vero

207 4744 515 4811 clausas
588 4739 732 4804 dico
799 4748 1107 4823 tanquam
1177 4741 1385 4805 muris
1449 4748 1890 4818 coerceantur,
1957 4739 2068 4805 sed
2133 4742 2205 4803 in

203 4830 418 4914 agris
469 4834 553 4891 et
595 4826 803 4910 sylvis
847 4845 886 4890 a
929 4826 1216 4891 Domino
1261 4827 1353 4892 sic
1397 4827 1668 4892 retineri
1725 4846 1810 4889 ne
1854 4825 2044 4890 nobis
2089 4846 2203 4889 no·

208 4923 457 4982 ceant.
563 4912 663 4977 Ac
707 4932 1178 4995 nonnunquam
1235 4912 1471 4978 accidit
1524 4921 1598 4978 ut
1641 4910 1967 4978 Dominus
2010 4911 2207 4977 certis

203 4998 588 5083 exemplis
629 4999 928 5064 ostendat
974 4998 1269 5063 homines
1315 5019 1354 5063 a
1398 4998 1570 5078 feris,
1605 4998 1730 5063 nisi
1755 4994 1939 5062 Deus
1975 4998 2047 5062 vi
2083 5018 2208 5063 sua

205 5087 618 5164 cohiberet,
663 5084 1024 5164 laniandoS,
1068 5105 1266 5167 quum
1322 5083 1456 5150 illis
1523 5102 1996 5165 nonnunquam
2055 5103 2203 5167 per-

199 5174 461 5241 mitt-it.
538 5169 836 5238 homines
891 5171 1172 5248 laniare,
1240 5167 1402 5235 adeo
1462 5181 1538 5236 ut
1580 5191 1662 5236 ne
1706 5170 1764 5236 si
1806 5168 2068 5251 quidem
2114 5169 2205 5234 la-

203 5269 480 5327 trones
546 5254 746 5323 libere
802 5266 1206 5343 grassentur,
1271 5264 1522 5322 tantam
1585 5256 1761 5322 luem
1826 5252 2207 5321 hominibus

2303 531 2551 597 inferre
2617 539 2880 614 queant.
2989 530 3171 595 Raro
3236 529 3500 612 quidem
3567 527 3637 595 id
3701 529 4054 615 contingit,
4136 530 4251 596 sed

2303 638 2500 701 quam
2546 618 2628 683 ob
2672 617 2857 683 rem?
2904 616 3158 699 Nempe
3202 636 3416 699 genus
3459 614 3827 680 humanum
3869 615 4057 682 Deus
4100 635 4248 681 con-

2303 723 2568 769 servare
2627 713 2694 769 et
2752 704 2959 768 tutari
3017 702 3097 766 ab
3157 701 3422 766 illarum
3481 702 3895 766 immanitate
3940 701 4118 767 vult:
4176 712 4245 768 et

2302 789 2498 855 simul
2544 789 2744 854 etiam
2788 788 3174 872 patefacere,
3221 788 3352 854 nisi
3396 787 3654 854 arcanis
3697 786 4083 869 quibusda‘m
4130 788 4243 853 ha·

2301 875 2486 940 benis
2530 882 3008 952 coercerentur,
3055 881 3121 938 et
3164 882 3472 956 tanquam
3528 874 3778 940 catenis
3834 874 4244 941 vincirentur

2301 958 2567 1026 rabidae
2609 960 2765 1026 illae
2809 968 2878 1026 et
2918 962 3237 1025 immanes
3285 958 3557 1037 belluae,
3624 960 3869 1044 passim
3914 960 3985 1024 in
4032 959 4241 1025 homi-

2301 1066 2419 1110 nes
2484 1048 2850 1112 saevituras
2923 1056 2990 1111 et
3068 1047 3229 1128 ipsis
3295 1046 3589 1111 ultimam
3659 1046 3830 1110 luem
3899 1047 4237 1112 allaturas.

2299 1131 2522 1212 Quare
2580 1133 3002 1198 observemus
3043 1130 3281 1211 Deum,
3340 1141 3418 1196 ut
3472 1131 3716 1198 Davidi
3774 1130 4237 1197 admirandum

2299 1217 2620 1283 auxilium
2662 1218 2979 1283 adversus
3025 1238 3249 1282 ursum
3295 1227 3360 1281 et
3405 1217 3655 1282 leonem
3702 1216 3901 1296 dedit,
3963 1219 4056 1282 ita
4116 1239 4237 1283 nos

2296 1304 2515 1381 etiam,
2561 1303 2674 1371 sed
2720 1304 2919 1369 variis
2962 1301 3044 1367 ab
3088 1302 3200 1367 illo
3244 1301 3469 1377 modis,
3515 1302 3597 1367 ab
3640 1302 3907 1368 illarum
3944 1304 4234 1369 ferarum

2296 1389 2559 1454 laniena
2601 1390 2817 1456 salvos
2872 1398 3082 1454 tectos
3139 1387 3521 1454 defendere:
3579 1410 3814 1472 nempe
3873 1388 4238 1455 cohibendo

2297 1496 2379 1540 ne
2421 1476 2490 1539 in
2537 1497 2656 1542 nos
2697 1476 2973 1558 irruant,
3033 1483 3101 1539 et
3155 1495 3240 1539 ne
3297 1494 3458 1556 opus
3515 1476 3601 1541 sit
3654 1495 3772 1540 nos
3815 1475 3962 1540 illas
4009 1486 4233 1540 mento

2294 1561 2843 1644 comprehendere
2888 1561 2971 1626 ad
3013 1561 3150 1627 vim
3195 1559 3664 1644 repellendam:
3712 1560 3879 1644 quod
3918 1561 4229 1626 nimirum

2296 1660 2676 1713 nostrarum
2720 1649 2958 1714 virium
3002 1645 3514 1712 imbecillitatem
3551 1647 3711 1712 satis
3749 1645 3989 1713 habeat
4023 1649 4243 1731 cogni-

2299 1742 2457 1814 tam,
2502 1744 2570 1799 et
2613 1733 2777 1799 nolit
2822 1754 2964 1798 eam
3009 1731 3460 1797 fortitudinem
3506 1732 3691 1798 nobis
3748 1754 3948 1817 quam
3993 1732 4243 1798 Davidi

2298 1820 2455 1885 olim
2500 1821 2582 1885 ad
2628 1819 2774 1885 illas
2817 1816 3235 1885 debellandas
3279 1816 3466 1883 dare:
3512 1818 3624 1883 sed
3668 1819 3810 1899 ipse
3854 1829 4073 1885 tamen
4120 1838 4240 1902 pro

2301 1906 2487 1971 nobis
2529 1926 2829 1990 pugnare
2888 1906 3064 1980 velit,
3112 1913 3179 1969 et
3234 1904 3386 1969 licet
3440 1904 3616 1968 ferae
3660 1902 3810 1970 illae
3852 1906 4032 1970 rabie
4075 1925 4237 1988 qua-

2301 1991 2449 2057 dam
2496 2000 2820 2070 aestuent,
2874 1993 2946 2055 in
3008 1989 3216 2056 antris
3271 1998 3490 2055 tamen
3554 1998 3624 2054 et
3688 1991 3892 2056 foveis
3936 1989 4238 2067 retineat,

2301 2088 2367 2143 et
2409 2098 2720 2161 pavorem
2765 2077 3037 2154 iniiciat,
3097 2083 3164 2140 et
3208 2075 3288 2141 ab
3335 2074 3675 2141 hominnm
3720 2076 3982 2141 laniena
4024 2076 4242 2159 prohi-

2300 2162 2485 2229 beat:
2529 2184 2693 2247 quos
2737 2164 2982 2247 alioqui
3024 2170 3276 2228 eertum
3321 2161 3564 2227 centies
3608 2162 3846 2228 millies
3879 2163 4238 2246 perituros:

2300 2248 2826 2332 quandoquidem
2871 2268 3152 2334 magnus
3195 2256 3298 2313 est
3354 2267 3670 2312 numerus
3714 2258 3781 2312 et
3825 2248 4085 2313 diversa
4125 2269 4239 2332 ge·

2301 2356 2460 2401 nera
2503 2336 2809 2415 ferarum,
2866 2355 3032 2417 quae
3092 2333 3256 2401 nihil
3312 2334 3442 2400 nisi
3501 2344 3800 2400 nostrum
3848 2334 4238 2418 sanguinem

2302 2422 2553 2500 sitiunt,
2598 2430 2675 2486 ut
2717 2420 2935 2486 Deum
2980 2440 3245 2485 necesse
3302 2421 3391 2485 sit
3432 2419 3500 2485 vi
3543 2441 3683 2497 sua,
3745 2430 3813 2485 et
3853 2440 3932 2486 ea
3973 2420 4237 2502 quidem

2282 2507 2711 2587 miraculosa,
2768 2508 3085 2591 impetum
3151 2505 3414 2570 illarum
3481 2505 3783 2574 retinere.
3896 2504 4117 2587 Quare
4182 2505 4241 2570 si

2299 2615 2430 2659 non
2472 2591 2700 2659 eadem
2746 2613 2877 2676 qua
2909 2589 3236 2657 Davidem
3281 2590 3533 2657 ratione
3554 2590 3739 2657 Deus
3781 2613 3902 2658 nos
3943 2614 4026 2656 ex
4072 2593 4243 2657 eius-

2301 2679 2477 2745 modi
2521 2679 2827 2763 pericnlis
2884 2678 3099 2760 eripit,
3153 2698 3237 2742 ne
3295 2697 3650 2760 queramur
3710 2678 3897 2760 quasi
3942 2675 4241 2744 derelicti

2302 2766 2506 2831 simus
2570 2765 2713 2830 sine
2777 2764 3058 2829 auxilio:
3123 2762 3237 2828 sed
3303 2763 3594 2829 contenti
3659 2764 3864 2829 simus
3927 2763 4008 2829 iis
4074 2784 4239 2847 quae

2301 2849 2684 2934 quotidiana
2726 2850 3130 2934 experientia
3173 2848 3693 2932 comprobantur,
3738 2849 3869 2916 nisi
3908 2849 4081 2914 ultro
4125 2870 4239 2915 ve-

2299 2938 2496 3003 limus
2554 2936 2772 3003 oculos
2829 2935 3018 3001 nobis
3071 2934 3370 3013 effodere,
3433 2955 3515 2999 ne
3573 2935 4044 3018 perspiciamus
4100 2935 4240 3000 sola

2299 3023 2430 3089 Dei
2473 3022 2885 3106 providentia
2927 3040 3047 3086 nos
3090 3020 3408 3087 adversus
3442 3040 3670 3086 omnes
3703 3019 3930 3087 brutas
3964 3030 4034 3085 et
4067 3021 4239 3086 feras

2300 3107 2548 3174 belluas
2606 3106 2880 3193 protegi.
2964 3110 3184 3191 Atque
3249 3106 3420 3173 hanc
3476 3106 3558 3171 ob
3611 3125 3875 3173 causam
3919 3105 4239 3189 propheta

2300 3195 2473 3261 Psal.
2518 3194 2601 3260 91
2649 3193 2780 3260 Dei
2822 3192 3100 3278 gratiam
3157 3192 3489 3278 praedicat
3545 3211 3702 3276 erga
3760 3213 3870 3257 eos
3924 3191 4038 3275 qni
4082 3201 4242 3257 sunt

2299 3282 2367 3346 in
2413 3280 2698 3346 lehovae
2752 3279 2976 3356 tutela,
3026 3280 3164 3346 fore
3222 3279 3529 3343 nimirum
3590 3290 3663 3342 ut
3717 3296 3914 3363 super
3955 3277 4238 3345 ferocem

2298 3368 2552 3432 leonem
2594 3374 2664 3432 et
2704 3365 2992 3449 aspidem
3038 3363 3345 3431 incedant
3408 3372 3475 3429 et
3508 3363 3889 3430 conculcent
3920 3363 4236 3430 iuvenem

2301 3452 2556 3519 leonem
2602 3460 2671 3517 et
2720 3452 3089 3517 draconem.
3179 3412 3371 3531 Quod
3419 3449 3722 3515 omnibus
3781 3449 4081 3516 fidelibus
4125 3449 4243 3514 tri-

2301 3539 2542 3615 buitur,
2588 3537 2713 3603 etsi
2756 3538 2989 3622 capitis
3032 3536 3241 3603 nostri
3284 3534 3555 3600 Domini
3597 3535 3750 3602 Iesu
3796 3534 4048 3602 Christi
4093 3555 4244 3619 pro·

2301 3626 2518 3709 prium
2564 3632 2683 3700 est,
2726 3624 2841 3689 sed
2885 3644 3037 3689 cum
3082 3622 3390 3688 omnibns
3447 3621 3653 3705 ipsius
3710 3621 4022 3688 membris
4066 3642 4242 3688 com-

2303 3730 2525 3775 mune.
2615 3708 2838 3791 Quare
2880 3707 3097 3776 Deum
3143 3710 3544 3787 invocantes,
3588 3717 3668 3774 ut
3709 3708 3891 3773 iubet
3936 3707 4243 3773 Psalmus

2303 3796 2434 3876 ille,
2477 3804 2730 3862 eertum
2765 3803 2885 3872 est,
2926 3795 3009 3862 ab
3043 3795 3188 3861 istis
3224 3794 3377 3860 feris
3415 3792 3869 3878 protegendos,
3906 3793 4059 3861 licet
4093 3793 4243 3859 dra-

2303 3902 2497 3948 cones
2553 3891 2622 3947 et
2678 3881 2938 3965 aspides
2995 3885 3183 3950 virus
3235 3901 3428 3945 suum
3486 3881 3818 3960 afflarent,
3888 3888 3957 3945 et
4022 3879 4245 3945 leones

2304 3967 2552 4051 apertis
2607 3966 2905 4033 faucibus
2964 3988 3083 4032 nos
3138 3965 3451 4030 laniaturi
3508 3965 3861 4044 inhiarent,
3926 3975 3995 4032 et
4045 3985 4245 4048 supra

2302 4055 2475 4119 feras
2518 4054 2677 4119 istas
2719 4054 3107 4132 incessuros,
3150 4050 3343 4116 modo
3377 4051 3445 4115 in
3480 4050 3623 4134 ipso
3644 4051 3947 4117 fiduciam
3983 4072 4239 4116 omnem

2302 4148 2601 4205 nostram
2656 4139 3064 4206 collocemus.
3172 4137 3419 4202 Contra
3476 4158 3632 4203 vero
3689 4139 3745 4204 si
3803 4137 4022 4203 Deum
4086 4157 4243 4202 con-

2303 4227 2782 4309 tempserimus,
2833 4237 2900 4289 et
2945 4225 3072 4290 alio
3115 4244 3297 4307 spem
3342 4230 3633 4289 nostram
3693 4221 4245 4302 transtulerimus,

2306 4331 2436 4377 non
2486 4311 2916 4378 dubitandum
2963 4311 3118 4394 quin
3163 4309 3511 4376 adversum
3556 4331 3672 4375 nos
3717 4306 4036 4391 quaslibet
4069 4308 4243 4372 feras

2305 4398 2566 4475 excitet,
2625 4407 2822 4481 prout
2883 4397 3082 4462 etiam
3128 4416 3245 4479 per
3287 4394 3671 4479 prophetam
3717 4415 3908 4460 suum
3954 4392 4242 4458 minatus

2305 4494 2440 4550 est:
2506 4482 2643 4549 fore
2699 4494 2774 4548 ut
2834 4483 3116 4569 fugienti
3173 4502 3214 4546 a
3266 4491 3614 4563 conspectu
3674 4480 3882 4545 leonis
3946 4487 4244 4544 occurrat

2306 4590 2521 4654 ursus,
2568 4576 2684 4635 aut
2724 4571 3092 4654 ingressum
3139 4567 3421 4643 domum,
3468 4581 3533 4631 et
3574 4567 3960 4630 innitentem
3999 4563 4083 4629 ad
4126 4585 4243 4647 pa-

2307 4656 2538 4721 rietem
2582 4656 2879 4721 mordeat
2922 4675 3211 4738 serpens.
3280 4654 3369 4719 Et
3412 4651 3669 4735 quidem
3716 4652 3794 4716 iis
3838 4650 4057 4715 verbis
4099 4670 4245 4733 pro-

2305 4742 2506 4825 pheta
2549 4742 2841 4806 minatur
2882 4741 3021 4806 fore
3065 4749 3141 4804 ut
3175 4739 3361 4806 Deus
3402 4737 3720 4802 adversus
3764 4738 3862 4802 sui
3908 4744 4243 4818 contemp-

2305 4836 2479 4893 tores
2521 4826 2807 4911 undique
2850 4827 3148 4892 inimicos
3190 4826 3450 4902 excitet,
3497 4830 3569 4887 ut
3613 4822 3790 4888 mille
3834 4824 4065 4887 mortis
4109 4820 4243 4887 dis-

2306 4912 2692 4979 criminibus
2749 4915 3252 4994 circumquaque
3310 4909 3678 4992 cingantur.
3778 4907 3958 4974 Hinc
4020 4909 4244 4991 itaque

2307 4999 2522 5064 minas
2590 4998 2889 5066 videmus
2954 4998 3269 5063 adversus
3336 4993 3598 5060 divinae
3661 4994 4023 5061 maiestatis
4087 5014 4244 5061 con-

2307 5093 2695 5167 temptores:
2739 5086 2893 5151 inde
2938 5103 3091 5149 vero
3135 5090 3360 5148 contra
3402 5082 3865 5164 promissiones
3905 5080 3990 5146 iis
4034 5079 4246 5147 omni·

2308 5168 2430 5236 bus
2472 5172 2769 5255 proprias
2813 5170 2925 5255 qni
2970 5171 3038 5235 in
3075 5170 3279 5252 ipsius
3322 5168 3569 5233 virtute
3612 5173 3680 5230 et
3718 5165 4134 5250 providentia
4169 5186 4244 5232 ac

2308 5255 2603 5340 potentia
2659 5254 3167 5341 conquieverint,
3220 5263 3286 5320 et
3344 5253 3458 5338 qui
3513 5252 3596 5319 ad
3653 5253 3861 5337 ipsius
3922 5252 4243 5319 auxilium
