5059 6059
267 329 375 396 621

262 530 451 591 trucum
508 536 725 584 suum.-
793 516 1112 583 Indicavit
1171 514 1351 582 uobis
1412 516 1579 598 quod
1637 518 1918 586 inventae
1980 524 2180 588 essent

265 607 477 677 ssime.
558 603 659 670 De
725 622 1003 669 sermone
1073 607 1281 668 autem
1348 603 1529 685 reyni
1583 623 1709 669 uon
1763 606 2066 672 iudicavit
2118 607 2180 673 ei

265 712 425 779 quan
473 692 755 773 loquutus
818 689 877 755 ei
930 689 1141 772 fuerat
1187 687 1461 754 Samuel.
1553 688 1654 754 17.
1698 689 1790 756 Et
1829 693 2183 758 convocavit

264 777 501 848 Samuel
743 794 855 839 um
894 775 982 840 ad
1023 773 1374 841 Dominum
1416 775 1487 839 iu
1532 774 1851 858 Masphat.
1942 777 2043 843 18.
2089 777 2181 845 Et

260 867 342 932 ait
398 862 479 929 ad
535 861 705 942 filios
768 858 1076 927 Israelis.-
1156 859 1333 927 Haec
1395 859 1561 926 dixit
1620 860 1943 929 Dominus
1998 862 2181 929 Deus

262 948 453 1018 Ima
465 973 485 1013 .·
536 946 673 1031 Eyo
732 947 922 1013 eduxi
967 944 1179 1012 Israel
1219 946 1298 1011 de
1340 944 1641 1030 Aegypto,
1698 953 1754 1013 et
1796 950 1924 1015 emi
1954 969 2064 1015 vos
2102 950 2180 1015 cle

259 1055 435 1103 mauu
485 1032 952 1117 Aeyyptiorum,
1013 1035 1071 1098 et
1125 1031 1201 1098 de
1254 1050 1451 1096 manu
1494 1032 1773 1100 omnium
1813 1055 2026 1118 reyum
2068 1036 2180 1117 qui

258 1119 591 1205 affliqebant
642 1138 770 1185 vos.
862 1117 964 1182 19.
1023 1116 1146 1184 Vos
1189 1120 1395 1182 autem
1434 1116 1615 1184 hodie
1642 1121 2000 1202 proiecistis
2041 1120 2177 1187 Do-

257 1209 478 1273 minum
518 1203 730 1271 Deum
770 1208 1064 1283 vestrum,
1108 1203 1222 1285 qui
1257 1203 1432 1269 solus
1472 1203 1743 1271 salvavit
1781 1224 1891 1272 vos
1931 1207 2008 1272 de
2038 1207 2181 1272 uui-

257 1292 437 1358 versis
454 1289 641 1356 malis
660 1290 886 1356 vestris
926 1293 983 1354 et
1024 1288 1569 1355 tribulationibus:
1610 1296 1667 1357 et
1706 1291 1998 1359 dixistis:
2045 1292 2177 1359 Ne·

254 1397 578 1462 quaquam:
619 1375 731 1442 scd
773 1394 980 1459 regem
1022 1374 1323 1440 constitue
1362 1393 1554 1456 super
1590 1397 1722 1443 uos.
1803 1377 1995 1445 Nunc
2035 1398 2177 1462 erqo

254 1469 393 1530 state
422 1480 626 1529 coram
661 1460 940 1528 Domino
963 1481 1084 1544 per
1114 1460 1315 1526 tribus
1347 1465 1609 1542 vestras,
1641 1467 1699 1530 et
1719 1483 1844 1545 per
1859 1463 2173 1546 familias.

252 1550 343 1616 20.
383 1547 469 1614 Et
509 1545 817 1628 applicuit
862 1545 1119 1612 Samuel
1159 1544 1362 1612 tribus
1404 1546 1633 1629 Israel,
1677 1553 1736 1615 et
1777 1550 1993 1616 cecidit
2031 1569 2177 1616 sors

250 1655 420 1718 super
474 1630 707 1698 tribum
794 1630 1164 1697 Beniamin.
1250 1631 1355 1698 21.
1422 1632 1513 1698 Et
1575 1634 1885 1716 applicuit
1942 1635 2175 1701 tribum

246 1720 588 1800 Bem'amiu,
649 1722 709 1783 et
761 1716 1149 1803 coquationes
1198 1718 1358 1801 eiu-9,
1417 1724 1473 1784 et
1528 1720 1741 1785 cecidit
1794 1741 1934 1787 sors
1985 1740 2176 1803 super

247 1806 650 1959 cociuqnatiouem
694 1802 913 1885 Metri,
954 1807 1013 1869 et
1043 1804 1331 1887 pervenit
1370 1824 1570 1888 usque
1608 1806 1698 1872 ad
1740 1804 1922 1891 Saul,
1960 1806 2173 1890 filium

396 2061 522 2128 Hic
566 2061 812 2126 iterum
857 2060 1167 2128 docemur
1218 2081 1417 2145 quam
1452 2061 1782 2147 patienter
1816 2071 1883 2132 et
1917 2062 2169 2148 placide

249 2147 399 2216 Saul
452 2147 853 2230 exspectarit
908 2144 1066 2212 dum
1122 2146 1250 2213 Dei
1308 2148 1645 2214 decretum
1702 2148 1783 2215 de
1825 2170 2030 2235 regno
2073 2150 2169 2216 illi

250 2233 540 2300 tradendo
617 2231 969 2317 patefieret
1034 2240 1106 2298 et
1165 2232 1385 2316 palam
1442 2234 1901 2319 evulgaretur:
1972 2244 2169 2319 atque

247 2319 391 2386 adeo
439 2319 718 2384 minime
772 2316 978 2384 fuisse
1033 2316 1224 2383 illum
1276 2318 1631 2385 ambitione
1683 2329 1751 2387 et
1793 2322 2171 2405 arrogantia

244 2402 580 2490 turgidum.
624 2403 800 2469 Nam
836 2403 897 2469 si
928 2403 1291 2470 multorum
1326 2405 1558 2471 similis
1590 2405 1883 2473 moribus
1916 2407 2164 2492 fuisset,

243 2510 563 2574 nunquam
620 2488 944 2574 potuisset
1004 2488 1177 2572 quod
1220 2511 1262 2555 a
1303 2489 1615 2558 Samuele
1657 2503 1994 2576 acceperat
2037 2492 2167 2560 dis-

243 2576 569 2643 simulare:
658 2574 775 2641 sed
855 2573 1125 2642 cuilibet
1188 2576 1452 2643 obviam
1516 2577 1688 2643 facto
1753 2577 2166 2645 declarasset.

242 2662 362 2731 Sed
400 2661 738 2729 silentium
782 2660 940 2729 fecit
980 2669 1048 2727 et
1090 2660 1360 2728 omnino
1403 2662 1735 2743 conticuit,
1780 2662 1986 2731 donec
2026 2664 2168 2747 ipse

242 2750 409 2815 Deus
446 2767 589 2813 rem
632 2746 1050 2831 patefaceret,
1096 2755 1164 2813 et
1203 2747 1419 2831 ipsum
1465 2747 1670 2816 veluti
1707 2771 1909 2816 manu
1942 2769 2062 2817 sua
2095 2749 2165 2817 in

240 2831 2167 2990 ffifflff12⁵⁰333112ff³‘2{?‘·mAn‘qissimmffinssoen‘ssssi

242 3026 426 3089 supra
480 3003 648 3072 alios
707 3003 1067 3083 attollente,
1131 3013 1197 3072 et
1250 3005 1487 3073 iisdem
1545 3009 1972 3090 praeferente,
2031 3029 2166 3074 non

241 3101 446 3157 tamen
516 3087 883 3157 insolenter
937 3089 1307 3171 efferamur,
1381 3112 1593 3175 neque
1648 3093 1865 3161 inanis
1917 3092 2168 3179 gloriae

241 3176 517 3243 vanitate
591 3174 1032 3261 decipiamur:
1102 3175 1218 3243 sed
1290 3177 1436 3243 Deo
1499 3198 1620 3245 nos
1673 3187 1843 3245 totos
1894 3180 2165 3263 permit·

240 3273 456 3343 tamus,
498 3269 577 3329 ut
616 3259 773 3327 licet
814 3260 888 3327 in
930 3260 1219 3344 aliquem
1264 3262 1604 3348 dignitatis
1647 3263 1923 3350 gradum
1957 3264 2168 3334 evecti

238 3369 344 3415 1108
396 3357 624 3414 tamen
683 3347 865 3413 intra
906 3345 1265 3416 modestiae
1305 3348 1474 3416 fines
1517 3351 2002 3418 contineamus:
2068 3350 2167 3419 ita

240 3445 304 3501 ut
339 3433 506 3502 nihil
550 3453 848 3517 unquam
891 3453 1390 3517 promoveamus
1433 3434 1560 3501 nisi
1602 3435 1750 3503 Deo
1791 3437 2058 3504 iubente
2098 3444 2168 3503 et

238 3520 526 3587 faciente:
573 3541 661 3586 ne
703 3517 1049 3588 videamur
1080 3518 1208 3603 ipsi
1243 3520 1373 3587 Dei
1406 3518 1742 3596 decretum
1777 3522 1950 3593 velle
1981 3542 2167 3608 prae-

238 3608 464 3683 venire,
529 3625 664 3671 non
721 3612 1175 3688 exspectantes
1219 3605 1424 3672 donee
1464 3606 1489 3673 i
1570 3616 1742 3677 emet
1781 3628 1922 3676 rem
1964 3610 2164 3694 perfi-

236 3689 673 3843 111.ἓέεὲ
693 3689 1491 3859 ἒέὧῗῖἒὲἐὲἒωὲἒὲ
1513 3693 2163 3848 issififfslfflffiffi

235 3862 581 3940 temeritas,
638 3871 714 3926 ut
757 3860 883 3928 sibi
928 3859 1278 3928 videantur
1320 3885 1659 3948 nunquam
1704 3865 1835 3932 cito
1874 3866 2034 3942 88118
2079 3865 2164 3931 ad

235 3969 370 4013 eum
425 3946 510 4013 ad
566 3968 765 4034 quem
809 3944 1150 4032 adspirant
1189 3947 1514 4016 honorum
1559 3951 1835 4034 gradum
1880 3971 2163 4035 perven-

234 4034 373 4111 turi,
426 4032 708 4116 ideoque
761 4033 1094 4117 quiescere
1146 4054 1280 4100 non
1340 4046 1616 4119 possunt
1668 4036 1870 4104 donec
1910 4037 2164 4122 praeci-

235 4119 386 4268 Bites
454 4118 778 4184 ferantur.
867 4119 960 4184 At
1016 4120 1324 4187 docemur
1380 4121 1506 4188 hoc
1564 4120 1787 4190 Saulis
1844 4122 2163 4209 exemplo,

260 4204 373 4270 ‘cet
424 4202 615 4271 Deus
674 4225 858 4289 spem
903 4204 1090 4271 nobis
1132 4206 1361 4273 fecerit
1402 4208 1845 4291 assequendae
1888 4209 2166 4276 81188188

235 4287 583 4374 dignitatis,
649 4297 873 4356 tamen
927 4299 1228 4373 oportere
1285 4313 1403 4359 nos
1458 4292 1529 4360 in
1586 4294 1909 4363 modestia
1949 4304 2017 4362 et
2059 4314 2164 4360 so·

236 4374 500 4442 brietate
572 4376 920 4460 contineri,
983 4375 1150 4443 nihil
1216 4398 1443 4444 eorum
1510 4401 1674 4464 quae
1731 4380 1863 4447 Dei
1905 4380 2167 4465 propria

237 4471 377 4527 sunt
446 4468 699 4528 temere
771 4471 1165 4546 usurpantes
1222 4470 1292 4529 et
1346 4471 1695 4533 tentantes.
1785 4466 1916 4533 Hic
1975 4487 2165 4550 porro

236 4546 541 4630 quaedam
601 4548 936 4616 suboritur
989 4549 1312 4633 quaestio:
1380 4551 1491 4616 An
1548 4573 1684 4619 non
1741 4550 1909 4620 Saul
1957 4552 2164 4618 inter·

234 4641 489 4717 rogatus
557 4633 640 4699 de
702 4635 786 4703 iis
851 4655 1019 4720 quae
1084 4656 1123 4700 a
1182 4632 1495 4703 Samuele
1549 4637 1912 4715 audiverat,
1973 4637 2166 4703 dissi·

234 4718 484 4785 mulans
542 4739 711 4803 quae
767 4719 848 4787 de
889 4741 1095 4805 regno
1142 4718 1411 4787 Samuel
1456 4724 1891 4807 praedixerat,
1958 4722 2166 4790 videri

234 4805 424 4886 possit
478 4804 704 4890 aliqua
744 4806 958 4891 specie
1001 4807 1325 4874 mendacii
1368 4828 1692 4891 peccasse.
1780 4807 1916 4876 Sed
1958 4807 2168 4875 facilis

234 4890 461 4955 solutio
522 4903 641 4960 est.
726 4892 904 4959 Nam
969 4891 1164 4978 longe
1221 4892 1398 4959 aliud
1457 4904 1558 4961 est
1615 4895 1874 4964 silentio
1917 4893 2166 4978 aliquid

231 4975 595 5063 praeterire,
666 5000 861 5064 quam
920 4978 1094 5046 male
1150 4978 1391 5063 aliquid
1452 4980 1683 5062 dicere,
1740 4981 1863 5060 vel,
1920 4978 2169 5063 aliquid

231 5061 463 5128 factum
506 5063 770 5132 silentio
815 5086 935 5132 suo
980 5085 1115 5132 non
1158 5064 1468 5148 indicare,
1535 5088 1748 5152 quam,
1801 5066 1965 5133 illud
2009 5087 2166 5150 quo-

232 5167 350 5298 ἒιὲο
424 5148 619 5217 modo
682 5149 1075 5218 adulterare.
1164 5151 1313 5218 Non
1380 5161 1598 5235 potest
1661 5153 1865 5239 igitur
1927 5150 2166 5218 merito

322 5233 385 5300 ul
444 5239 654 5321 argui,
715 5237 886 5323 quod
945 5237 1026 5303 de
1070 5256 1274 5322 regno
1318 5237 1574 5306 nullam
1619 5239 2016 5307 mentionem
2066 5238 2164 5304 fa-

1609 329 1712 395 IN
1756 329 1810 395 I.
1855 329 2038 396 LIB.
2086 328 2487 398 SAMUEL.
2530 329 2732 397 OAP.
2775 330 2866 396 X.

4093 327 4221 393 622

2282 518 2429 598 ciat,
2483 518 2564 585 de
2602 540 2679 584 8ο
2724 538 2859 584 808
2903 517 3363 602 interrogatus.
3451 514 3952 583 Observandum
3999 524 4221 581 tamen

2282 626 2392 671 eos
2436 605 2546 689 qui
2589 625 2732 670 rem
2767 604 3196 684 dissimulant,
3238 623 3433 687 saepe
3466 621 3686 669 coram
3723 603 3865 668 Deo
3899 599 4222 667 mendacii

2281 712 2426 757 reos
2501 692 2667 757 fieri.
2753 690 2983 775 Neque
3055 689 3232 755 enim
3296 689 3648 756 verborum
3713 695 3849 753 tam
3920 685 4223 753 habenda

2280 777 2470 856 ratio,
2529 797 2722 861 quam
2783 777 2999 842 meriti
3056 775 3368 859 loquenti.
3457 773 3766 858 Exempli
3825 775 4079 858 gratia:
4140 773 4221 840 Si

2282 862 2426 948 quis
2487 884 2640 929 cum
2697 862 2906 928 altero
2965 862 3332 946 negotietur
3374 869 3442 925 et
3484 860 3845 938 contrahat,
3902 872 3972 925 et
4014 859 4094 925 de
4138 859 4219 926 iis

2280 950 2723 1033 interrogatus
2767 946 2848 1013 de
2893 948 3129 1033 quibus
3172 947 3343 1014 bona
3382 945 3512 1013 fide
3547 945 4061 1012 contrahendum
4098 955 4218 1024 est,

2281 1032 2529 1119 aliquid
2576 1033 2959 1113 dissimulet,
3004 1034 3126 1100 etsi
3169 1053 3302 1097 non
3348 1041 3571 1117 aperte
3613 1032 3897 1099 mendax
3943 1041 4060 1111 est,
4116 1042 4219 1095 18-

2281 1141 2435 1185 men
2514 1140 2732 1186 coram
2811 1118 2958 1186 Deo
3021 1117 3342 1185 mendacii
3410 1139 3562 1183 reus
3627 1127 3744 1183 est.
3832 1116 4012 1198 Quid
4079 1119 4219 1184 ita?

2281 1205 2610 1287 Quoniam
2656 1203 2999 1274 veritatem
3043 1202 3500 1279 dissimulavit,
3568 1214 3632 1267 et
3672 1202 4044 1268 adulterare
4087 1213 4218 1269 stu·

2282 1292 2439 1371 duit,
2506 1301 2703 1376 atque
2767 1290 3037 1358 fallendi
3099 1290 3391 1356 animum
3435 1288 3682 1355 habuit.
3773 1287 3951 1354 Sane
4023 1289 4078 1355 si
4135 1288 4216 1353 de

2277 1379 2493 1463 patrui
2551 1376 2773 1444 Saulis
2830 1375 3169 1444 commodo
3226 1385 3339 1441 aut
3381 1374 3794 1441 incommodo
3836 1373 4066 1440 fuisset
4108 1394 4215 1439 ac-

2276 1473 2444 1545 tum,
2509 1473 2761 1530 certum
2828 1476 2931 1529 est
2980 1461 3248 1529 Saulem
3314 1481 3532 1526 coram
3594 1461 3735 1525 Deo
3800 1481 3983 1525 reum
4030 1480 4214 1524 men-

2277 1548 2444 1615 dacii
2500 1549 2701 1616 fuisse
2757 1549 3076 1614 futurum.
3165 1545 3300 1614 Sed
3358 1547 3510 1631 quia
3565 1546 3783 1629 patrui
3826 1544 4004 1612 illius
4048 1545 4211 1612 nihil

2274 1636 2607 1714 intererat,
2670 1642 2737 1699 et
2798 1634 3018 1700 Deum
3060 1641 3310 1701 secreto
3353 1631 3476 1698 sibi
3521 1631 3694 1715 quod
3739 1630 3818 1697 de
3862 1652 4065 1715 regno
4110 1631 4212 1696 fu·

2276 1731 2498 1787 turum
2567 1729 2710 1787 erat
2774 1721 3122 1797 revelasse,
3186 1740 3262 1786 ac
3323 1718 3595 1802 proinde
3660 1718 3827 1783 nulli
3893 1715 4211 1782 declarari

2276 1806 2562 1875 voluisse
2638 1807 2900 1887 sciebat,
2976 1804 3216 1872 idcirco
3294 1803 3479 1870 licuit
3544 1807 3599 1869 ei
3669 1801 3840 1887 apud
3905 1813 4209 1886 patruum

2272 1892 2449 1960 istud
2486 1891 2777 1972 reticere,
2813 1899 2883 1957 et
2916 1891 2996 1958 de
3032 1891 3187 1958 80118
3221 1889 3526 1956 asinabus
3560 1890 3950 1955 mentionem
3979 1889 4209 1955 facere.

2274 1978 2391 2047 Sic
2443 1976 2617 2062 apud
2661 1977 2915 2045 Lucam
2973 1976 3274 2044 videmus
3326 1975 3611 2041 Mariam
3663 1975 3990 2060 virginem
4038 1994 4211 2040 com-

2269 2063 2590 2147 mendari,
2655 2062 2830 2147 quod
2877 2071 3328 2130 conservasset
3368 2071 3438 2127 et
3481 2060 3859 2127 contulisset
3901 2060 3974 2124 in
4018 2058 4211 2124 corde

2270 2171 2391 2218 suo
2448 2149 2915 2217 revelationem
2972 2170 3168 2234 quam
3223 2155 3560 2232 acceperat
3601 2146 3682 2213 ab
3726 2145 3978 2229 angelo.
4067 2144 4207 2210 Ad·

2270 2236 2401 2303 huc
2477 2235 2733 2302 infante
2799 2236 3080 2301 Domino
3147 2242 3368 2300 nostro
3431 2232 3587 2300 Iesu
3658 2231 3944 2308 Christo,
4024 2229 4209 2297 Deus

2270 2322 2431 2390 satis
2485 2320 2794 2405 patefecit
2846 2341 2982 2388 non
3039 2318 3252 2387 dubiis
3307 2319 3512 2404 signis
3568 2318 3753 2382 illum
3812 2339 3954 2384 esse
3995 2317 4209 2381 filium

2271 2407 2463 2474 illum
2527 2407 2798 2473 unicum
2866 2427 3054 2473 suum
3116 2415 3183 2472 et
3238 2402 3465 2472 mundi
3524 2402 4032 2487 redemptorem:
4094 2402 4210 2467 sed

2271 2491 2653 2559 incredibile
2705 2491 3086 2559 videbatur:
3149 2491 3320 2575 quod
3361 2490 3515 2556 licet
3552 2489 3770 2555 Maria
3809 2488 4026 2573 palam
4070 2509 4209 2553 om·

2270 2579 2467 2646 nibus
2534 2577 2988 2664 praedicasset,
3057 2600 3190 2645 non
3264 2589 3484 2643 tamen
3541 2573 3898 2641 admissum
3954 2573 4208 2639 fuisset.

2269 2662 2486 2733 Oorde
2528 2664 2750 2748 itaque
2807 2685 2925 2730 suo
2970 2664 3401 2740 conservavit,
3443 2659 3647 2729 donec
3690 2660 3876 2728 Deus
3919 2680 4037 2727 880
4081 2668 4210 2725 tes-

2269 2750 2542 2818 timonio
2629 2748 2826 2818 vellet
2908 2747 3076 2815 illud
3158 2768 3468 2816 arcanum
3557 2746 3873 2831 patefieri.
3985 2744 4212 2828 Quare

2271 2835 2444 2904 1111111
2500 2835 2626 2902 1188
2682 2835 2753 2901 18
2810 2846 2999 2920 parte
3055 2833 3220 2902 Saul
3259 2835 3415 2902 fecit
3457 2834 3584 2898 nisi
3626 2829 3968 2913 laudabile,
4030 2831 4206 2914 quod
4279 2891 4304 2902 ,

2271 2921 2352 2988 ab
2398 2921 2578 2988 omui
2622 2919 2975 2988 ambitione
3018 2920 3292 2999 alienus,
3337 2918 3596 3003 quietus
3630 2917 3754 2983 fuit
3788 2925 3860 2983 et
3890 2939 3960 2982 se
3996 2926 4208 2981 totum

2269 3008 2415 3074 Deo
2472 3006 2790 3091 permisit,
2854 3006 3037 3073 nullo
3079 3007 3267 3091 signo
3309 3025 3587 3090 regnum
3633 3024 3673 3067 a
3714 3023 3785 3069 se
3832 3003 4209 3068 affectatum

2270 3093 2743 3160 demonstrans.

2441 3177 2777 3263 Sequitur,
2874 3176 3226 3244 Samuelem
3311 3195 3671 3244 convocasse
3743 3173 4053 3262 populum
4137 3169 4210 3238 iu

2268 3263 2620 3347 Masphath
2682 3264 2768 3332 ad
2820 3262 3137 3331 Iehovam.
3221 3262 3328 3329 De
3370 3262 3494 3329 1108
3535 3261 3674 3328 1080
3717 3260 3848 3326 iam
3894 3270 4050 3325 ante
4094 3257 4209 3324 do-

2267 3350 2526 3419 cuimus
2580 3349 2782 3416 fuisse
2824 3350 3149 3436 insignem
3189 3349 3272 3415 ob
3315 3349 3615 3417 victorias
3660 3367 3822 3431 quas
3865 3345 4048 3411 Deus
4093 3365 4207 3428 po·

2315 3438 2425 3504 ulo
2483 3457 2604 3504 suo
2660 3434 2799 3501 11118
2840 3443 3281 3503 concesserat:
3347 3454 3549 3518 quare
3591 3431 3774 3499 10888
3816 3431 3929 3497 1118
3970 3430 4210 3516 populo

2266 3460 2547 3591 Habebat
2586 3521 2660 3587 in
2703 3521 3085 3588 memoriam
3126 3540 3435 3588 revocare
3477 3517 3609 3585 Dei
3651 3518 3722 3583 in
3765 3540 3835 3585 se
3875 3516 4209 3596 beneficia,

2266 3609 2502 3693 quibus
2545 3627 2689 3674 sese
2731 3617 3131 3674 servatorem
3176 3615 3240 3673 et
3275 3604 3625 3672 tutelarem
3662 3605 3878 3670 Deum
3917 3603 4208 3668 filiorum

2265 3693 2653 3772 Abrahami,
2695 3694 2855 3759 satis
2900 3703 3125 3779 aperte
3159 3690 3658 3758 demonstrarat.
3746 3689 3895 3756 Non
3932 3689 4205 3754 dubium

2267 3790 2365 3847 est
2429 3780 2636 3865 igitur
2700 3779 2858 3864 quin
2924 3779 3143 3845 locum
3204 3776 3398 3843 illum
3455 3776 3729 3842 Samuel
3776 3776 4067 3859 elegerit,
4133 3787 4208 3840 ut

2266 3866 2546 3951 populus
2611 3865 2738 3931 loci
2800 3864 3116 3950 religione
3180 3873 3247 3930 et
3293 3863 3661 3929 reverentia
3717 3863 3928 3947 magis
3986 3881 4208 3928 move·

2267 3963 2480 4019 retur:
2548 3970 2626 4016 ac
2688 3952 3005 4017 memoria
3061 3949 3266 4016 divini
3330 3948 3555 4014 auxilii
3619 3947 3780 4031 ipsis
3824 3947 4009 4013 velut
4052 3952 4206 4012 ante

2266 4037 2486 4106 oculos
2557 4036 2848 4103 divinam
2920 4035 3355 4121 praesentiam
3428 4045 3740 4117 tanquam
3791 4034 3860 4099 in
3917 4032 4206 4116 imagine

2268 4123 2426 4191 viva
2490 4130 3026 4206 repraesentaret,
3092 4130 3168 4187 ut
3231 4127 3546 4205 tanquam
3604 4120 3820 4186 Deum
3882 4119 3969 4184 ibi
4015 4136 4203 4202 prae·

2268 4218 2519 4278 sentem
2587 4208 2922 4287 1181181881,
2984 4227 3206 4273 coram
3264 4206 3404 4273 eius
3447 4206 3784 4274 maiestate
3828 4209 4204 4281 tremerent,

2269 4304 2335 4363 et
2398 4294 2481 4362 ad
2547 4295 2687 4362 eius
2751 4293 3184 4361 obedientiam
3245 4312 3391 4359 sese
3456 4311 3603 4357 cum
3672 4292 3902 4358 timore
3945 4308 4202 4371 compo-

2265 4388 2534 4448 nerent:
2616 4387 2811 4464 atque
2876 4378 3044 4445 nihil
3105 4377 3196 4445 ibi
3264 4399 3336 4443 se
3402 4378 3687 4445 facturos
3752 4381 4201 4461 agnoscerent,

2266 4465 2438 4617 guod
2481 4488 2616 4533 non
2652 4465 2725 4532 in
2761 4466 2889 4532 Dei
2923 4472 3345 4549 conspectum
3380 4475 3731 4531 venturum
3770 4471 3956 4528 esset.
4002 4458 4205 4542 Equi·

2311 4574 2414 4618 em
2485 4553 2696 4619 fateor
2753 4572 2875 4619 nos
2933 4571 3322 4636 quocunque
3378 4549 3666 4616 locorum
3728 4545 4201 4624 devenerimus,

2267 4638 2466 4704 etiam
2525 4638 2584 4704 81
2636 4636 2710 4702 18
2767 4638 2936 4704 imas
2994 4646 3206 4704 terrae
3269 4642 3512 4721 partes,
3575 4646 3642 4700 et
3705 4630 4203 4700 obscurissimas

2267 4724 2614 4808 speluncas
2677 4723 3164 4808 confugerimus
3226 4720 3358 4787 Dei
3419 4718 3637 4786 oculos
3693 4741 3826 4785 non
3892 4718 4200 4801 effugere,

2269 4808 2443 4893 quod
2485 4809 2922 4876 certissimum
2965 4810 3056 4876 sit
3087 4808 3217 4874 Dei
3258 4806 3479 4874 oculos
3521 4817 3759 4871 cuncta
3793 4805 4093 4882 lustrare,
4136 4811 4204 4865 et

2268 4916 2696 4980 quaecunque
2753 4894 3032 4962 facimus
3087 4894 3330 4970 videre,
3397 4892 3596 4956 immo
3654 4900 3721 4956 81
3784 4907 4204 4973 quaecunque

2268 4983 2336 5047 in
2394 4980 2857 5047 remotioribus
2913 4979 3127 5046 cordis
3184 4976 3394 5044 nostri
3450 4976 3813 5042 recessibus
3856 4977 4065 5042 latent
4107 4973 4206 5038 illi

2269 5088 2412 5134 esse
2469 5076 2647 5147 nota,
2702 5076 2897 5150 atque
2953 5066 3026 5133 in
3082 5066 3285 5150 ipsius
3338 5062 3579 5128 iudicio
3623 5061 3867 5128 tabulis
3910 5061 4204 5144 signata:

2268 5154 2362 5221 sic
2404 5153 2710 5237 loquente
2752 5154 2821 5219 in
2865 5152 3151 5218 Psalmis
3192 5148 3538 5234 propheta:
3610 5148 3742 5230 Quo
3783 5149 3939 5215 irem
3982 5168 4025 5213 a
4066 5146 4202 5227 spi-

2268 5240 2400 5305 ritu
2442 5240 2601 5306 tuo?
2646 5244 2758 5307 aut
2789 5257 2910 5322 quo
2946 5259 2989 5304 a
3017 5237 3183 5321 facie
3215 5242 3328 5304 tua
3356 5235 3682 5321 fuqerem?
3723 5234 3804 5304 Si
3843 5232 4205 5303 scanderem
