5059 6059
290 318 400 386 337

288 527 449 574 mus:
493 505 619 571 alia
649 505 830 570 euim
866 511 1213 588 praecepta
1254 511 1411 570 sunt
1454 506 1707 589 primae
1751 507 2030 584 tabulae,
2076 508 2209 573 alia

290 591 609 671 secundae,
669 612 745 657 ac
790 590 1063 674 proinde
1112 592 1311 656 etiam
1356 592 1487 656 alia
1530 605 1793 676 peecata
1831 594 1901 658 in
1958 594 2208 675 primae

291 677 527 744 tabulae
585 690 946 761 praecepta,
998 678 1127 742 alia
1184 678 1254 741 in
1314 678 1658 744 secundae.
1747 679 1917 743 Nam
1959 680 2206 761 primae

289 764 440 848 legis
482 764 739 829 divinae
784 763 1046 828 tabulae
1087 762 1451 846 praeceptis
1498 765 1678 829 Deus
1722 785 1842 829 nos
1886 764 2207 847 quomodo

287 850 567 916 venerari
610 871 685 914 ac
721 849 928 915 colere
965 851 1177 932 ipsum
1226 849 1442 914 debita
1481 852 1850 915 reverentia
1885 872 2207 933 quemque

288 958 393 1021 par
446 936 547 1014 sit,
604 935 909 1001 fiduciam
956 956 1221 1000 omnem
1263 934 1334 998 in
1381 935 1523 1017 ipso
1568 936 1941 1002 collocando
1986 935 2203 1003 docet:

288 1043 364 1088 ne
412 1021 480 1085 in
540 1042 784 1086 vanum
864 1021 1070 1104 ipsius
1137 1041 1370 1084 nomen
1438 1033 1810 1088 assumatur
1867 1023 2194 1104 prohibet:

288 1128 396 1172 nos
435 1106 713 1189 denique
753 1127 949 1172 omne
992 1107 1306 1183 studium,
1349 1126 1573 1172 curam
1598 1130 1674 1173 ac
1697 1107 2202 1174 sollicitudinem

289 1194 346 1258 iu
386 1214 457 1258 eo
500 1193 774 1258 colendo
811 1204 877 1257 et
920 1195 1097 1258 omni
1143 1193 1451 1274 obsequio
1497 1192 1872 1259 venerando
1908 1194 2206 1259 conferre

289 1278 469 1344 docet.
552 1278 648 1343 Et
690 1277 851 1344 haec
895 1276 1157 1361 quidem
1202 1298 1458 1343 summa
1501 1278 1765 1344 divinae
1810 1281 1973 1364 legis
2018 1301 2204 1362 prae·

287 1379 600 1446 ceptorum
647 1379 777 1429 est:
824 1384 991 1446 quae
1037 1365 1093 1429 si
1139 1365 1285 1446 quis
1332 1365 1834 1447 transgreditur,
1879 1367 1950 1431 in
1989 1367 2204 1431 Deum

286 1452 477 1533 ipsum
526 1450 730 1515 veluti
772 1472 857 1515 ex
902 1450 1107 1514 animi
1150 1451 1476 1514 sententia
1521 1452 1864 1536 insurgere
1898 1451 2202 1535 gloriam-

287 1556 398 1618 que
458 1536 665 1617 ipsius
732 1556 1113 1619 oppugnare
1177 1534 1545 1601 censendus
1625 1552 1743 1601 est.
1855 1537 2051 1618 Quod
2121 1538 2201 1602 ad

288 1625 590 1687 secundae
629 1622 889 1686 tabulae
930 1635 1297 1704 praecepta,
1351 1622 1563 1687 Deum
1622 1621 1886 1704 quidem
1943 1623 2203 1688 illorum

288 1709 617 1773 violatione
692 1705 934 1772 offendi
1000 1708 1272 1771 minime
1360 1708 1826 1773 dubitandum:
1914 1709 1970 1774 si
2057 1711 2203 1793 quis

288 1794 443 1858 euim
507 1793 612 1858 vel
682 1805 1038 1868 scortetur,
1107 1793 1212 1856 vel
1280 1793 1486 1872 furto,
1553 1793 1656 1859 vel
1723 1795 1827 1873 vi,
1908 1794 2013 1859 vel
2077 1793 2206 1858 alia

289 1880 498 1961 quavis
557 1877 796 1944 fraude
857 1901 960 1944 ree
1016 1879 1267 1944 alienae
1326 1880 1514 1960 rapit,
1583 1879 1687 1944 vel
1746 1881 2034 1963 qualibet
2074 1881 2205 1945 alia

287 1965 504 2030 iniuria
562 1967 936 2047 proximum
999 1964 1225 2044 laedit,
1290 1963 1505 2029 Deum
1558 1966 1756 2031 etiam
1807 1966 2203 2032 contumelia

288 2071 401 2115 uua
450 2072 599 2116 eum
668 2052 1039 2116 hominibus
1086 2051 1304 2117 afficit.
1391 2051 1486 2116 At
1531 2073 1659 2116 uon
1705 2051 1931 2117 eodem
1976 2065 2202 2118 contu-

286 2135 493 2201 meliae
555 2158 822 2220 genere,
883 2136 1053 2219 quod
1111 2137 1182 2200 in
1244 2137 1524 2219 primam
1585 2137 1872 2202 tabulam
1930 2158 2203 2220 peccans

286 2235 445 2287 recta
483 2223 549 2286 in
596 2222 823 2287 Deum
871 2224 1080 2305 ipsum
1128 2223 1398 2298 seratur,
1478 2244 1553 2288 ac
1613 2223 1790 2288 velut
1846 2244 1925 2288 ex
1975 2244 2205 2307 propo-

286 2307 396 2374 sito
427 2309 698 2386 gloriam
744 2308 951 2390 ipsine
985 2309 1192 2372 feriat.
1261 2308 1511 2373 Idcirco
1554 2309 1648 2373 sic
1687 2324 1957 2390 peccata
1976 2308 2204 2374 dietin-

286 2406 569 2476 guuntur,
630 2407 705 2460 ut
760 2393 891 2459 alia
949 2393 1244 2458 homines
1288 2395 1596 2470 afficiant,
1657 2396 1802 2459 aliie
1860 2416 2017 2461 vero
2074 2395 2200 2461 Dei

283 2478 467 2560 ipsius
522 2481 842 2545 maiestas
896 2478 1212 2545 laedatur.
1316 2478 1775 2560 Quamobrem,
1843 2493 1918 2546 ut
1975 2481 2202 2564 paucis

282 2565 614 2644 absolvam,
670 2565 791 2631 hoc
834 2564 974 2629 loco
1019 2565 1344 2640 docemur,
1389 2577 1573 2629 tanto
1594 2567 1864 2649 gravius
1903 2578 1971 2631 et
1995 2568 2203 2644 mauis

284 2648 720 2716 detestandum
766 2672 907 2716 esse
942 2664 1354 2733 peccatorum
1393 2652 1663 2734 crimen,
1706 2663 1953 2733 quanto
1989 2654 2202 2738 magis

282 2734 391 2800 Dei
424 2740 830 2803 maiestatem
879 2737 1087 2821 ipsam
1136 2739 1390 2815 feriunt,
1434 2746 1501 2799 et
1542 2738 2011 2804 contumeliose
2045 2761 2198 2803 cou-

282 2821 537 2888 culcant.
636 2823 883 2888 Verum
938 2822 1271 2888 enimvero
1314 2834 1416 2888 est
1459 2823 1637 2887 istud
1700 2823 2197 2899 observandum,

283 2906 515 2973 nullum
581 2923 923 2992 peccatum
991 2909 1135 2973 leve
1199 2907 1724 2973 existimandum.
1825 2909 1999 2976 Nam
2065 2929 2200 2974 me-

283 2995 468 3057 moria
510 2994 800 3059 tenenda
838 3005 938 3060 est
981 2993 1095 3058 illa
1123 2993 1273 3059 Iesu
1298 2995 1544 3059 Christi
1592 2992 1763 3078 apud
1789 2995 2198 3060 Matthaeum

282 3076 332 3154 5,
375 3079 453 3146 19
486 3081 852 3145 sententia:
899 3079 1209 3161 Quisquis
1250 3080 1525 3144 solverit
1569 3101 1770 3146 unum
1808 3103 1897 3146 ex
1932 3080 2197 3146 manda-

283 3167 355 3229 tis
396 3167 562 3231 hisce
610 3167 923 3243 minimis,
968 3177 1037 3230 et
1070 3168 1165 3230 ita
1199 3165 1491 3231 docuerit
1528 3166 1843 3243 homines,
1888 3169 2200 3232 minimus

285 3251 591 3318 vocabitur
618 3251 691 3316 in
731 3273 934 3334 regno
968 3251 1321 3326 coelorum,
1366 3251 1431 3314 id
1468 3263 1588 3326 est,
1634 3254 1861 3318 mortis
1895 3265 2199 3318 aeternae

282 3354 413 3401 reus
433 3351 550 3402 est.
622 3336 882 3416 Quibus
928 3338 1145 3403 verbis
1189 3335 1517 3417 docemur,
1559 3337 1831 3402 minime
1874 3341 1968 3404 sic
2013 3339 2198 3404 nobie

283 3419 755 3506 indulgendum,
815 3433 892 3488 ut
949 3423 1228 3505 peccatis
1286 3423 1474 3487 laxae
1519 3423 1806 3488 habenae
1862 3424 2197 3505 permitta-

283 3526 426 3584 mus,
467 3508 577 3574 sed
629 3510 851 3590 potius
896 3508 1290 3574 fraenandae
1346 3509 1754 3589 cupiditans,
1816 3529 1899 3572 ne
1952 3508 2023 3573 in
2076 3509 2197 3573 Dei

280 3590 538 3659 furorem
585 3593 984 3660 incidamus.
1072 3593 1244 3659 Nam
1287 3597 1410 3658 etsi
1459 3595 1617 3659 haec
1661 3594 1817 3658 olim
1864 3592 2034 3675 apud
2087 3614 2194 3675 pa·

282 3677 461 3759 pistas
535 3681 826 3746 obtinuit
893 3680 1113 3761 opinio
1178 3690 1247 3743 et
1307 3679 1521 3745 adhuc
1585 3680 1867 3759 obtinet,
1933 3693 2199 3763 peccata

283 3766 566 3844 quaedam
619 3788 764 3832 esse
812 3766 1109 3842 venialia,
1168 3765 1298 3830 alia
1353 3766 1670 3840 mortalia,
1731 3763 1916 3830 Deus
1975 3774 2194 3829 tamen

284 3866 421 3915 suae
455 3851 746 3918 iustitiae
793 3852 935 3917 fleri
981 3851 1290 3916 iniuriam
1351 3850 1531 3915 nulla
1588 3852 1839 3915 ratione
1882 3871 2197 3933 passurus

285 3945 390 3999 eet.
486 3938 794 4020 Denique
873 3956 1287 4020 summopere
1360 3935 1722 4002 cavendum
1809 3958 1891 4000 ne
1966 3938 2196 4016 Deum,

280 4038 641 4108 quacunque
701 4023 966 4089 tandem
1020 4022 1085 4087 id
1145 4021 1401 4088 ratione
1446 4024 1579 4098 fiat,
1636 4021 2063 4098 offendamus,
2118 4043 2194 4087 ae

278 4111 605 4176 metuenda
653 4110 863 4192 ipsius
907 4107 1173 4173 iudicia:
1223 4128 1433 4191 neque
1478 4108 1819 4173 ferendum
1867 4121 1956 4183 ut,
2004 4109 2192 4174 sicuti

278 4192 523 4271 pulchre
582 4215 710 4261 noe
766 4195 1100 4279 apostolus
1160 4209 1380 4259 monet
1434 4191 1708 4279 (Ephes.
1763 4192 1823 4269 5,
1870 4193 1957 4278 6),
2020 4197 2194 4277 quis-

278 4297 451 4358 quam
507 4303 632 4347 nos
674 4288 946 4346 seducat
989 4281 1297 4344 inanibus
1341 4280 1770 4345 sermonibus.
1861 4279 1975 4347 Sic
2016 4283 2188 4345 enim

280 4379 737 4452 contemptores
795 4369 1170 4431 divinorum
1230 4366 1620 4431 iudiciorum
1682 4365 1902 4431 videas
1946 4380 2190 4432 scorta-

280 4448 497 4518 tionem
557 4455 703 4520 leve
762 4466 1094 4535 peccatum
1148 4452 1543 4532 existimare,
1596 4452 1764 4534 quod
1826 4451 2006 4518 Deus
2066 4474 2190 4518 nou

280 4539 425 4601 tanti
488 4541 713 4618 faeiat,
792 4558 992 4621 quum
1058 4539 1147 4603 eit
1211 4539 1526 4604 naturale.
1628 4536 1917 4616 Verum,
1981 4539 2195 4620 inquit

280 4626 606 4703 apostolus,
665 4639 892 4692 cavete
951 4646 1033 4690 ne
1091 4625 1237 4706 quis
1294 4624 1600 4688 inanibus
1643 4625 2069 4699 sermonibus,
2129 4635 2194 4688 et

280 4704 407 4775 istis
457 4711 780 4777 illecebris
837 4710 1091 4775 animos
1153 4723 1402 4776 vestros
1457 4707 1757 4791 pelliciat,
1818 4722 1886 4774 et
1932 4730 1971 4772 a
2016 4721 2194 4775 recta

280 4787 391 4858 Dei
445 4798 898 4862 mandatorum
958 4795 1194 4860 semita
1253 4816 1368 4860 vos
1419 4795 1715 4873 abducat,
1769 4809 2034 4876 propter
2080 4796 2193 4860 illa

281 4878 572 4960 siquidem
629 4893 892 4965 peccata
949 4881 1139 4946 venit
1181 4882 1279 4945 ira
1326 4881 1447 4946 Dei
1504 4881 1570 4946 in
1624 4881 1919 4946 homines
1960 4895 2188 4947 contu-

281 4983 494 5033 maees.
554 4971 768 5051 Atque
813 4979 886 5033 ut
927 4988 1060 5032 uuo
1106 4966 1304 5039 verbo
1350 4988 1483 5032 rem
1533 4977 1735 5031 totam
1775 4967 2189 5049 complectar,

280 5047 435 5118 hanc
485 5056 718 5120 animis
774 5053 1015 5118 nostris
1074 5053 1340 5117 haerere
1397 5053 1855 5136 cogitationem
1913 5075 2029 5134 per
2071 5063 2191 5133 est,

283 5137 468 5204 satius
528 5150 599 5205 et
658 5139 1132 5207 conducibilius
1197 5138 1444 5203 homini
1501 5141 1637 5203 fore
1694 5160 2029 5221 nunquam
2077 5159 2191 5202 na·

285 5229 411 5288 tum
449 5246 605 5301 esee,
663 5227 764 5293 vel
822 5227 890 5290 in
937 5224 1512 5308 profundissimam
1557 5225 1864 5308 abyssum
1922 5225 2190 5292 immer-

465 5328 681 5384 cavea·
707 5344 901 5397 opera.
967 5326 1086 5384 Vol.
1114 5326 1348 5386 XXIX.

1648 317 1752 384 IN
1786 320 1841 385 1.
1887 319 2068 387 LIB.
2116 319 2517 388 SAMUEL.
2565 318 2759 387 OAP.
2805 318 2896 386 II.

4127 320 4256 387 338

2311 527 2479 587 sum,
2523 529 2722 593 quam
2761 508 2979 574 Deum
3023 529 3410 593 quacunque
3453 508 3719 574 tandem
3762 509 4015 576 ratione
4048 510 4258 578 offen-

2311 593 2484 660 dere.
2574 595 2745 660 Nam
2810 595 3017 679 ipsine
3075 596 3514 661 obedientiam
3571 594 3764 678 longe
3809 596 4015 678 pluris
4058 616 4256 679 quam

2310 680 2517 761 ipsam
2586 682 2790 746 vitam
2849 694 3142 746 nostram
3199 680 3564 746 faciendam
3626 701 3767 747 esse
3824 691 4076 747 eertum
4134 691 4256 750 eet.

2309 765 2541 848 Neque
2599 777 2945 850 propterea
3001 777 3224 832 tamen
3283 766 3565 831 efficitur
3609 777 3685 831 ut
3729 787 3861 831 non
3906 768 3995 832 sit
4038 788 4259 851 peeca-

2313 860 2452 916 tum
2511 852 2693 917 aliud
2752 852 2880 917 alio
2937 853 3148 918 maius
3193 865 3261 916 et
3302 851 3594 934 gravius.
3684 850 3852 933 Quis
3897 854 4073 918 enim
4122 874 4258 919 non

2312 937 2549 1002 merito
2592 937 2982 1003 iudicaverit
3024 939 3293 1022 gravius
3327 959 3478 1002 eum
3518 959 3805 1021 peccare,
3851 940 3964 1021 qui
3989 940 4256 1005 fratrem

2310 1043 2699 1105 germanum
2736 1021 2967 1089 fraude
3002 1024 3529 1100 circumvenerit,
3576 1045 3772 1106 quam
3809 1026 3923 1107 qui
3958 1025 4257 1108 ignotum

2311 1130 2387 1173 ac
2433 1108 2897 1193 peregrinum?
2988 1108 3254 1189 Quanto
3298 1108 3504 1192 igitur
3548 1111 3796 1174 maiora
3841 1122 3910 1175 et
3952 1110 4259 1195 graviora

2311 1206 2592 1276 peccata,
2639 1197 2875 1278 quibus
2920 1195 3061 1277 ipsa
3087 1195 3211 1261 Dei
3259 1196 3565 1259 maiestas
3605 1206 3858 1277 sponte,
3902 1205 3971 1260 et
4013 1196 4257 1263 directe

2309 1300 2386 1344 ac
2442 1279 2822 1345 immediate
2875 1282 3135 1364 petitur,
3196 1291 3352 1346 sunt
3413 1280 3893 1346 existimanda?
3983 1280 4098 1348 Sic
4142 1304 4259 1348 ex·

2310 1365 2510 1444 empli
2571 1367 2801 1449 gratia,
2857 1366 2912 1430 si
2970 1367 3120 1450 quis
3164 1366 3461 1448 proximo
3504 1368 3658 1430 facit
3700 1367 4032 1448 iniuriam,
4090 1368 4148 1434 is
4191 1378 4259 1434 et

2310 1450 2378 1514 in
2426 1450 2642 1516 Deum
2687 1453 2969 1517 iniurius
3013 1463 3149 1517 eet:
3209 1465 3277 1515 at
3333 1453 3385 1516 si
3441 1452 3509 1515 in
3556 1450 3773 1516 Deum
3823 1453 4035 1535 ipsum
4085 1453 4257 1520 blas·

2309 1535 2589 1617 phemus
2632 1549 2749 1618 eet,
2794 1536 2850 1603 si
2895 1537 3209 1603 adversus
3253 1537 3468 1621 ipsum
3514 1536 3983 1617 obmurmurat,
4029 1540 4085 1603 si
4122 1559 4262 1604 sae·

2312 1622 2509 1686 vitiae
2553 1630 2668 1688 aut
2709 1622 3116 1689 crudelitatis
3159 1625 3433 1698 incusat,
3478 1624 3534 1687 ei
3578 1622 3659 1688 de
3693 1624 3898 1707 ipsius
3931 1625 4256 1707 operibus,

2307 1708 2364 1773 si
2409 1705 2491 1772 de
2536 1709 2736 1774 verbo
2795 1720 2863 1774 et
2906 1710 3148 1775 virtute
3206 1707 3515 1787 detrahit,
3589 1710 3811 1791 ecquis
3871 1711 4048 1774 ausit
4102 1711 4255 1777 infi-

2309 1794 2459 1858 tiari
2510 1793 2707 1877 longe
2749 1797 3021 1878 gravius
3065 1811 3131 1860 et
3171 1795 3530 1860 immanius
3573 1814 3716 1859 esee
3761 1796 4090 1878 flagitium
4135 1795 4252 1861 ad-

2308 1900 2540 1945 versus
2576 1901 2899 1946 summam
2927 1881 3052 1946 Dei
3091 1881 3496 1946 maiestatem
3542 1878 3916 1958 admissum,
3960 1882 4072 1963 qui
4115 1881 4254 1949 eolo

2307 1977 2477 2029 nutu
2520 1968 2776 2032 coelum
2822 1988 2896 2032 ac
2940 1979 3152 2032 terras
3196 1979 3542 2032 concutere
3596 1977 3828 2049 potest,
3885 1988 4081 2050 quam
4138 1966 4255 2034 ad-

2309 2072 2569 2116 versum
2635 2051 2977 2117 mortalem
3047 2051 3587 2128 homuncionem,
3658 2053 3768 2134 qui
3835 2072 4053 2118 coram
4126 2054 4249 2119 Dei

2306 2137 2648 2202 maiestate
2715 2160 2798 2205 ne
2863 2138 3200 2204 lumbricis
3266 2135 3528 2220 quidem
3598 2137 3780 2202 humi
3847 2139 4254 2221 reptantibus

2308 2223 2515 2287 maior
2579 2222 2724 2289 eet?
2836 2226 3056 2307 Atque
3122 2222 3285 2289 haec
3350 2224 3702 2288 verborum
3770 2222 3924 2289 Heli
3990 2224 4092 2290 vis
4150 2233 4253 2290 eet

2309 2307 2614 2374 hocloco.
2682 2308 2906 2389 Quare
2940 2322 3353 2392 peecatorum
3391 2306 3566 2373 istud
3603 2309 4079 2375 observandum
4127 2309 4255 2377 dis-

2305 2396 2576 2472 crimen,
2631 2416 2865 2478 nempe
2924 2397 3052 2461 alia
3110 2398 3370 2478 quidem
3434 2395 3706 2470 maiora,
3754 2393 3971 2460 Deum
4020 2396 4253 2462 imme-

2306 2478 2480 2546 diate
2539 2481 2973 2564 respicientia,
3031 2481 3161 2547 alia
3226 2483 3511 2554 minora,
3577 2480 3746 2563 quod
3814 2480 3886 2544 in
3953 2480 4253 2547 homines

2308 2567 2619 2640 serantur,
2668 2580 3115 2634 verumtamen
3162 2568 3257 2631 ita
3302 2579 3378 2631 ut
3417 2566 3490 2630 in
3513 2567 3729 2632 Deum
3753 2566 3972 2649 ipsum
4001 2569 4252 2634 offensa

2310 2651 2648 2719 redundet.
2722 2653 2835 2719 Sic
2879 2655 3126 2717 furtum
3168 2652 3465 2728 dicimus,
3509 2671 3713 2733 quum
3757 2652 3826 2715 vi
3872 2653 4112 2736 aliquid
4159 2675 4247 2720 ex

2310 2737 2493 2804 bonis
2538 2754 2605 2804 et
2648 2739 3070 2804 facultatibus
3111 2737 3452 2803 hominum
3495 2737 3720 2803 invitis
3762 2736 3893 2806 illis
3937 2746 4052 2804 aut
4098 2759 4251 2808 nes·

2304 2824 2631 2891 cientibus
2674 2825 3016 2901 avertitur,
3061 2845 3267 2908 grave
3312 2845 3471 2889 sane
3518 2834 3893 2905 peccatum:
3938 2835 4007 2888 at
4049 2847 4247 2908 quum

2306 2908 2434 2973 Dei
2517 2910 2727 2993 ipsius
2807 2912 3114 2976 maiestas
3193 2909 3507 2984 laeditur,
3599 2928 3802 2991 quum
3882 2909 3963 2975 de
4040 2911 4251 2994 gloria

2306 2995 2510 3076 ipsius
2592 2995 2990 3076 detrahitur,
3069 2995 3262 3076 quale
3351 3004 3803 3077 quantumque
3887 3003 3987 3061 est
4061 2997 4251 3081 flagi-

2306 3079 2521 3145 tium?
2589 3082 2741 3147 Non
2779 3084 3024 3146 furtum
3060 3102 3220 3146 sane
3259 3080 3558 3163 simplex,
3602 3082 3713 3145 sed
3762 3080 4249 3149 intolerandum

2308 3167 2744 3250 sacrilegium.
2856 3166 3079 3247 Quare
3143 3168 3239 3234 sic
3303 3165 3490 3231 nobis
3551 3167 3621 3229 in
3682 3163 3955 3231 Domini
4019 3168 4251 3235 timore

2307 3250 2775 3318 ambulandum
2836 3263 2949 3330 est,
3018 3263 3096 3318 ut
3147 3274 3409 3334 semper
3465 3261 3620 3316 ante
3675 3252 3898 3318 oculos
3941 3254 4250 3320 maiestas

2304 3339 2446 3403 eius
2489 3338 2911 3403 obversetur:
2968 3349 3037 3404 et
3092 3339 3172 3405 ab
3229 3341 3313 3404 iis
3369 3337 3838 3403 abhorreamus
3883 3339 4118 3420 quibus
4160 3339 4245 3405 ad

2305 3423 2732 3488 defectionem
2794 3426 2876 3488 ab
2930 3424 3138 3506 ipsius
3190 3425 3409 3490 cultus
3465 3435 3534 3488 et
3575 3424 4021 3489 venerationis
4064 3424 4247 3507 puri-

2311 3520 2447 3572 tate
2522 3528 2599 3573 ac
2677 3510 3053 3575 sinceritate
3127 3509 3576 3575 sollicitamur.
3684 3508 3902 3591 Atque
3946 3510 4127 3590 adeo,
4191 3511 4250 3578 si

2302 3592 2561 3676 quando
2623 3615 2742 3661 nos
2802 3597 3038 3660 tentari
3084 3597 3451 3677 eontigerit,
3508 3615 3585 3660 ac
3627 3594 4099 3676 quodammodo
4140 3597 4247 3662 in·

2302 3694 2527 3744 cautos
2572 3701 2613 3745 a
2653 3682 3197 3763 concupiscentiis
3240 3681 3469 3764 abripi,
3526 3694 3801 3745 naturae
3847 3695 4103 3746 nostrae
4148 3683 4248 3748 vi-

2302 3766 2661 3832 tiositatem
2720 3787 2796 3832 ac
2839 3766 3317 3851 corruptionem
3379 3768 3847 3840 abominemur,
3905 3786 3981 3831 ac
4041 3770 4245 3851 magis

2300 3852 2641 3933 magisque
2695 3852 2760 3916 in
2823 3852 2963 3917 dies
3028 3853 3445 3918 detestemur.
3547 3855 3765 3933 Atque
3834 3851 4030 3917 istam
4090 3854 4243 3920 Heli

2296 3940 2692 4002 sententiam
2752 3947 2973 4003 mente
3022 3949 3414 4022 repetamus,
3460 3957 3579 4001 nos
3625 3938 3816 4002 laesis
3862 3936 4239 4006 homiuibus

2301 4043 2489 4104 posse
2545 4023 2807 4105 quidem
2866 4025 2946 4088 de
3001 4025 3261 4089 iniuriis
3318 4044 3466 4090 cum
3511 4023 3672 4104 ipsis
3715 4042 4121 4104 componere,
4170 4032 4238 4090 et

2299 4129 2340 4174 a
2381 4109 2704 4175 iudicibus
2747 4112 3007 4174 veniam
3053 4111 3403 4193 impetrare
3460 4107 3580 4195 (sic
3621 4129 4090 4191 nonnunquam
4135 4110 4238 4175 vi-

2299 4194 2454 4259 deas
2502 4214 2909 4260 summorum
2961 4195 3359 4277 flagitiorum
3407 4215 3554 4260 reos
3596 4214 3671 4259 ac
3715 4195 3945 4276 capitis
3990 4196 4238 4278 suppli·

2297 4281 2470 4346 cium
2516 4283 2948 4360 commeritoe,
3003 4281 3291 4346 iudicum
3336 4280 3556 4345 favore
3601 4300 3841 4363 poenas
3885 4280 4237 4367 effugere):

2298 4378 2367 4431 at
2401 4387 2600 4448 quum
2640 4365 2720 4431 de
2757 4368 2995 4432 summi
3031 4369 3322 4431 numinis
3361 4367 3578 4450 agitur
3615 4367 3970 4443 maiestate,
4017 4387 4238 4432 coram

2297 4451 2484 4516 cuius
2531 4452 2840 4517 tribunali
2886 4454 3124 4517 misero
3172 4451 3592 4516 homuncioni
3636 4449 3941 4515 standum
3981 4462 4101 4536 eet,
4162 4472 4240 4518 ac

2297 4537 2505 4602 veluti
2573 4558 2684 4602 reo
2746 4559 2943 4602 cauea
3007 4537 3297 4616 dicenda,
3364 4559 3558 4619 quam
3619 4536 4016 4601 horrendum
4072 4536 4237 4602 illud

2296 4622 2610 4689 iudicium
2669 4644 2812 4689 esse
2864 4622 3218 4707 putamus?
3308 4622 3529 4705 Atque
3586 4622 3710 4686 hoc
3760 4621 3963 4686 veluti
4009 4620 4237 4688 fraeno

2295 4721 2361 4773 et
2409 4709 2765 4774 retinaculo
2821 4722 2976 4774 sunt
3027 4730 3264 4790 pravae
3308 4710 3695 4790 cupiditates
3752 4720 4012 4772 nostrae
4071 4711 4240 4773 frae-

2298 4794 2571 4870 nandae,
2621 4816 2700 4860 ne
2744 4815 2783 4860 a
2828 4809 3003 4859 recta
3049 4796 3283 4861 semita
3307 4795 3433 4859 Dei
3478 4792 3931 4858 mandatorum
3973 4795 4041 4858 in
4089 4794 4239 4859 avia

2296 4895 2707 4963 peccatorum
2769 4881 3166 4957 aberremus,
3235 4879 3346 4945 sed
3406 4880 3473 4943 in
3523 4880 3643 4943 Dei
3702 4877 3948 4944 cultum
4000 4880 4240 4944 intenti

2293 4967 2375 5030 ad
2434 4979 2675 5030 metam
2729 4966 3061 5032 felicitatis
3117 4964 3621 5032 contendamus:
3690 4962 3867 5027 omni
3927 4965 4236 5047 obsequio

2292 5064 2362 5116 et
2417 5052 2790 5116 reverentia
2846 5054 3058 5134 ipsum
3106 5052 3412 5129 colamus,
3471 5070 3589 5113 nos
3646 5051 3715 5113 in
3759 5052 4064 5116 omnibus
4107 5050 4238 5133 ipsi

2294 5138 2737 5218 subiiciamus,
2798 5139 3113 5220 proximis
3167 5139 3364 5201 etiam
3423 5136 3637 5199 omnis
3693 5136 3900 5199 bonae
3965 5157 4236 5202 conver·

2293 5226 2564 5290 sationis
2606 5224 2908 5308 exemplo
2950 5243 3354 5306 praeeamns,
3413 5231 3490 5286 ut
3540 5241 3659 5304 pro
3713 5221 3814 5285 ira
3858 5220 4006 5303 Dei,
4072 5243 4239 5307 quae
