5059 6059
811 343 939 408 571

2486 338 2896 405 HOMILIA
2938 336 3160 404 XCII.
4624 338 4710 403 5¹12

816 530 989 632 quod
1036 550 1300 596 servum
1358 547 1552 594 suum
1601 548 1733 593 non
1792 547 2024 611 passus
2068 534 2243 593 esset
2290 528 2621 611 privatam
2666 528 2769 593 in·-
2872 548 3023 591 rum
3067 527 3155 592 sit
3193 526 3683 598 matrimonum,
3727 522 4001 588 nuntios
4041 520 4123 586 ad
4150 540 4294 586 eam
4339 521 4519 599 misit,
4554 532 4711 593 utnon

816 617 1052 683 ruriam
1099 615 1343 691 ulcisci,
1387 614 1501 680 sed
1547 613 1983 680 subtraxisset
2028 633 2066 676 a
2108 614 2303 693 malo,
2349 635 2482 680 non
2525 613 2771 681 leviter

817 713 919 768 est
961 700 1458 785 praetereunda.
1550 699 1742 780 Quod
1790 721 1946 764 vero
1991 699 2070 764 de
2118 700 2289 765 malo
2335 700 2447 778 ait,
2493 721 2629 764 non
2672 700 2770 766 sic

815 787 1318 871 intelligendum
1357 786 1542 870 quasi
1572 783 1790 850 David
1832 787 1928 850 ita
1969 806 2041 850 se
2085 785 2445 851 iustificare
2486 784 2764 865 studeat,

818 887 891 938 ut
935 873 1018 939 ab
1061 872 1241 938 omni
1285 871 1459 937 malo
1502 872 1590 935 sit
1632 891 1876 955 purus:
1938 872 2051 937 sed
2098 871 2389 937 laetatur
2435 871 2651 937 David
2696 891 2769 936 se

817 958 1205 1042 impeditum
1251 980 1291 1023 a
1333 957 1618 1022 Domino
1662 956 1958 1023 mulieris
2001 956 2182 1023 illius
2223 958 2623 1034 interventu,
2683 977 2770 1021 ne

818 1045 1065 1111 malum
1121 1041 1291 1127 quod
1353 1043 1758 1127 cogitaverat
1827 1051 2148 1125 patraret:
2215 1052 2283 1108 et
2344 1044 2640 1127 agnoscit
2697 1063 2768 1108 se

819 1132 1039 1215 gravis
1099 1129 1394 1195 criminis
1449 1148 1669 1194 coram
1726 1128 1869 1193 Deo
1929 1149 2115 1194 reum
2182 1131 2478 1195 futurum
2546 1129 2766 1208 fuisse,

820 1218 952 1282 nisi
996 1215 1319 1281 cohibitus
1365 1215 1614 1280 fuisset.
1683 1215 1990 1280 Testatur
2033 1216 2252 1298 itaque
2295 1236 2365 1283 se
2411 1216 2540 1280 Dei
2583 1214 2768 1280 boni·

822 1313 1028 1368 tatem
1073 1322 1230 1386 erga
1285 1322 1355 1367 se
1414 1300 1741 1383 duplicem
1799 1320 2187 1384 agnoscere:
2244 1302 2530 1384 primum
2592 1298 2764 1384 quod

821 1398 1131 1472 paratum
1189 1397 1322 1452 tam
1381 1406 1586 1470 grave
1637 1385 1848 1451 scelus
1908 1387 2258 1452 admittere
2323 1387 2768 1470 prohibuerit:

824 1474 1060 1540 deinde
1104 1473 1278 1556 quod
1304 1470 1403 1536 ¹de
1441 1471 1705 1537 homine
1730 1472 2062 1555 flagitioso
2104 1493 2349 1556 poenas
2393 1471 2768 1555 sumpserit.

824 1560 1147 1641 Exemplo
1214 1557 1497 1623 Davidis
1563 1557 1912 1638 discamus,
1981 1568 2235 1624 nostros
2293 1559 2569 1624 affectus
2633 1568 2768 1622 tam

826 1646 1073 1712 strictis
1136 1644 1411 1709 habenis
1466 1662 1785 1721 coercere,
1844 1654 1922 1708 nt
1968 1664 2122 1709 vem
2164 1644 2396 1710 laetari
2441 1646 2771 1727 possimus

825 1733 968 1798 Deo
1011 1751 1131 1795 sua
1172 1729 1414 1795 iudicia
1472 1728 1791 1795 adversus
1835 1729 2170 1812 improbos
2205 1743 2553 1796 exserente
2595 1729 2769 1812 quod

823 1816 1072 1882 nullius
1117 1836 1363 1899 pravae
1397 1815 1752 1881 voluntatis
1787 1825 1854 1881 et
1897 1815 2189 1881 occultae
2222 1815 2603 1900 cupiditatis
2625 1816 2771 1879 vin-

829 1903 1038 1967 dictae
1083 1903 1271 1967 nobis
1312 1900 1558 1967 conscii
1602 1901 1846 1981 simus:
1904 1900 2017 1966 sed
2076 1924 2241 1987 puro
2285 1903 2509 1968 animo
2563 1902 2773 1986 ipsius

827 1988 1070 2055 iudicia
1132 1989 1534 2064 intueamur,
1602 1996 1667 2051 et
1724 1986 1796 2051 in
1855 1986 1985 2051 illis
2044 1990 2594 2071 conquiescamus.
2683 1988 2774 2051 Et

828 2083 1167 2158 praeterea
1207 2072 1353 2138 Deo
1395 2071 1644 2156 gratias
1688 2073 1884 2137 etiam
1931 2093 2221 2157 agamus,
2269 2094 2471 2157 quum
2518 2096 2560 2138 a
2602 2072 2774 2138 malo

828 2180 950 2226 ms
991 2160 1363 2224 retraxerit.
1452 2158 1621 2223 Nam
1682 2159 1806 2224 etsi
1850 2179 2069 2224 coram
2125 2160 2333 2244 ipsius
2393 2159 2634 2226 iudicio
2677 2159 2772 2224 rei

831 2247 963 2311 iam
1023 2246 1250 2321 simus,
1312 2264 1516 2326 quum
1577 2253 1796 2308 mente
1855 2265 2133 2327 pravum
2194 2245 2456 2328 aliquod
2515 2246 2774 2311 facinus

829 2333 1277 2414 concepimus,
1336 2331 1489 2396 licet
1544 2330 1615 2393 in
1676 2336 1896 2394 actum
1954 2351 2081 2395 non
2140 2331 2491 2414 prodierit,
2551 2340 2773 2397 tamen

828 2419 957 2500 ipsi
1000 2417 1251 2501 gratias
1295 2435 1492 2500 agere
1536 2414 1867 2491 debemuS,
1912 2416 2082 2498 quod
2109 2439 2242 2482 non
2289 2419 2659 2501 permiserit
2702 2417 2773 2481 in

832 2512 1051 2569 aetum
1110 2522 1487 2583 erumpere,
1555 2500 1729 2583 quod
1785 2502 2004 2566 animo
2065 2502 2503 2569 volueramus.
2593 2503 2774 2585 Quin

836 2588 1035 2653 etiam
1082 2589 1332 2670 precari
1370 2586 1699 2665 debemus,
1742 2598 1818 2651 ut
1853 2606 2091 2670 pravas
2111 2591 2311 2653 etiam
2351 2590 2776 2674 cogitationes

832 2683 1224 2757 compescat.
1312 2673 1481 2737 Nam
1526 2692 1605 2736 ea
1648 2683 1748 2737 est
1805 2672 2149 2738 hominum
2207 2684 2463 2753 natura,
2523 2685 2598 2740 ut
2640 2676 2775 2741 sin·

834 2758 1011 2843 gulis
1054 2758 1404 2824 momentis
1463 2758 1688 2839 pravis
1746 2759 2249 2842 cogitationibus
2308 2769 2375 2826 et
2429 2761 2779 2828 affectibus

835 2846 1141 2929 agitetur,
1210 2844 1339 2910 nisi
1404 2843 1589 2909 Deus
1652 2844 1984 2926 impediat.
2077 2845 2303 2926 Quare
2369 2868 2577 2931 quum
2642 2859 2778 2911 tam

834 2930 1156 3016 proclives
1212 2930 1293 2995 ad
1340 2930 1615 3013 quaevis
1673 2931 1838 2995 vitia
1893 2930 2121 3010 simus,
2178 2953 2383 3015 quum
2427 2934 2497 2998 vi
2557 2933 2780 2999 divina

832 3018 1211 3093 retinemur,
1271 3036 1527 3081 summo
1572 3014 1866 3081 beneficii
1910 3015 2055 3083 loco
2101 3017 2447 3103 ducamus,
2509 3020 2780 3102 Deoque

835 3102 1084 3188 gratias
1142 3122 1434 3185 agamus,
1492 3123 1613 3166 nos
1668 3103 1730 3166 ei
1785 3102 1909 3168 boc
1952 3104 2218 3169 nomine
2263 3105 2622 3187 plurimum
2669 3106 2779 3170 de-

837 3190 1090 3255 vinctos
1134 3194 1597 3271 agnoscentes:
1658 3196 1725 3252 et
1768 3187 2046 3254 Davidis
2105 3191 2404 3273 exemplo
2451 3192 2782 3257 discamus

836 3273 1156 3358 prohibiti
1179 3273 1474 3355 privatas
1516 3273 1793 3340 iniurias
1836 3276 2157 3358 persequi,
2200 3279 2373 3360 grati
2405 3298 2565 3355 esse,
2609 3276 2779 3361 quod

835 3362 891 3427 si
924 3360 1127 3425 semel
1164 3358 1539 3424 iracundiae
1572 3358 1758 3424 laxas
1790 3358 2079 3424 habenas
2114 3363 2622 3444 permiserimus,
2669 3363 2784 3429 vix

838 3445 1076 3511 deinde
1119 3444 1432 3510 reducere
1475 3444 1626 3509 illas
1668 3465 2007 3529 queamus,
2064 3445 2320 3532 Deique
2366 3448 2644 3514 bonitati
2687 3448 2782 3515 lo·

838 3553 986 3598 cum
1047 3551 1180 3596 non
1240 3530 1713 3614 relinquamus.
1804 3530 1935 3598 Sed
1980 3532 2038 3597 si
2081 3535 2402 3616 patientes
2446 3536 2784 3618 fuerimus,

838 3627 907 3684 et
962 3618 1262 3683 inimicos
1319 3616 1402 3682 ad
1473 3616 1945 3699 poenitentiam
2012 3618 2620 3700 sollicitaverimus,
2686 3619 2784 3685 illi

840 3723 995 3769 vero
1038 3703 1461 3785 pertinaciter
1501 3703 1575 3767 in
1611 3703 1862 3767 malitia
1905 3703 2334 3785 perstiterint,
2381 3707 2597 3771 Deum
2635 3727 2784 3789 per·-

840 3790 1016 3854 suasi
1062 3788 1266 3854 simus
1307 3808 1575 3853 manum
1622 3786 2068 3871 admoturum,
2130 3798 2197 3853 et
2239 3811 2476 3859 causae
2519 3802 2784 3858 nostrae

842 3872 1287 3942 defensionem
1332 3884 1808 3956 suscepturum.

1010 3958 1329 4041 Sequitur
1371 3958 1680 4042 deinceps
1727 3960 2050 4025 Davidem
2097 3964 2363 4029 nuntios
2406 3963 2489 4029 ad
2511 3963 2783 4049 Abigai·

839 4045 975 4111 lem
1017 4045 1292 4124 misisse,
1350 4044 1463 4126 qui
1518 4043 1590 4109 in
1635 4066 1907 4111 uxorem
1952 4046 2137 4112 illam
2193 4049 2320 4115 sibi
2363 4050 2784 4127 adducerent,

841 4152 1045 4213 quum
1107 4136 1303 4196 antea
1362 4129 1660 4197 duxisset
1716 4132 1914 4196 etiam
1973 4132 2364 4200 Achinoam.
2454 4136 2646 4217 Quod
2703 4136 2784 4202 ad

839 4217 971 4283 Abi
1063 4217 1237 4293 ilem,
1296 4214 1534 4281 licebat
1579 4215 1823 4282 Davidi
1866 4218 1937 4283 in
1983 4238 2254 4285 uxorem
2300 4221 2483 4286 illam
2526 4220 2783 4307 ducere,

838 4323 928 4385 qn
1047 4301 1296 4368 Michol
1333 4300 1556 4369 Saulis
1596 4302 1736 4366 filia
1779 4312 2002 4388 erepta
2036 4305 2165 4388 ipsi
2207 4307 2456 4386 fuisset,
2502 4315 2572 4372 et
2593 4308 2786 4374 alteri

842 4387 1088 4454 locata:
1149 4387 1302 4454 licet
1345 4406 1489 4453 eam
1534 4394 1760 4471 postea
1803 4391 2082 4473 recepit,
2137 4400 2214 4455 ut
2256 4391 2564 4477 deinceps
2607 4394 2785 4461 vide·

841 4475 1075 4540 bimus.
1168 4472 1392 4555 Quare
1435 4493 1640 4556 quum
1699 4473 1796 4538 illi
1840 4477 2070 4542 fuisset
2113 4498 2288 4542 uxor
2331 4478 2659 4563 adempta,
2719 4488 2788 4546 et

843 4581 996 4627 eum
1039 4559 1248 4625 altero
1292 4568 1598 4629 scortata,
1657 4560 1831 4641 quod
1877 4581 2008 4626 non
2063 4573 2285 4646 posset
2327 4566 2467 4631 iure
2510 4567 2788 4632 maritus

842 4646 1052 4729 ipsius
1087 4666 1247 4722 esse,
1290 4648 1502 4729 potuit
1545 4645 1769 4711 David
1817 4646 2182 4730 Abigailem
2230 4649 2467 4717 ducere
2508 4652 2582 4717 in
2622 4671 2787 4717 uxo-

843 4753 1014 4796 rem:
1077 4751 1274 4815 quam
1334 4751 1536 4815 quum
1593 4730 1985 4813 prudentem
2046 4734 2359 4800 feminam
2418 4751 2484 4801 et
2539 4738 2789 4804 virtute

844 4818 1169 4901 insignem
1216 4818 1641 4902 cognovisset,
1690 4838 1820 4882 non
1857 4819 2097 4885 mirum
2145 4830 2260 4897 est,
2307 4823 2362 4887 si
2408 4825 2478 4888 in
2515 4845 2786 4889 uxorem

845 4923 993 4968 eam
1035 4904 1157 4969 sibi
1203 4903 1570 4986 postulavit.
1618 4904 1710 4969 Et
1742 4903 2003 4986 quidem
2044 4908 2216 4971 rat-io
2238 4928 2432 4991 quam
2470 4918 2787 4993 sequutus

845 4999 948 5054 est
986 4988 1116 5054 fuit
1157 4989 1522 5069 laudabilis,
1577 4988 1752 5072 quod
1797 5011 1928 5055 non
1972 4992 2113 5075 ipse
2157 4992 2337 5058 illam
2383 4995 2561 5075 adiit,
2608 5005 2676 5061 et
2717 4997 2788 5060 in

846 5095 1116 5140 uxorem
1178 5077 1457 5159 aceepit,
1521 5076 1634 5143 scd
1699 5096 1820 5159 per
1883 5080 2155 5145 nuncios
2223 5078 2303 5144 de
2370 5082 2787 5147 matrimonio

846 5159 1324 5242 interpellavit:
1388 5160 1563 5245 quod
1622 5161 1865 5245 alioqui
1909 5164 2095 5230 visus
2154 5165 2385 5231 fuisset
2424 5186 2569 5232 eam
2613 5168 2787 5232 invi-

847 5258 1006 5329 tam,
1052 5245 1157 5312 vel
1198 5248 1552 5314 autoritate
1577 5248 1685 5315 vel
1719 5248 1785 5313 vi
1827 5248 2202 5319 abduxisse.
2250 5248 2474 5331 Quare
2518 5265 2594 5317 ut
2627 5252 2789 5322 libe-

2872 614 3083 678 invita
3152 611 3271 678 sed
3352 610 3584 677 volens
3653 606 3930 675 Davidis
4007 606 4352 691 postulatis
4424 609 4712 691 aequiust.

2872 697 3065 782 Quod
3110 697 3193 762 ad
3235 698 3511 761 alteram
3559 696 3925 762 Achionam
3961 694 4216 768 attinet,
4272 713 4577 771 excusare,
4617 708 4665 762 et
4690 720 4716 763 s

2870 785 3064 868 culpa
3117 784 3399 848 liberare
3457 782 3783 847 Davidem
3841 801 3974 845 non
4033 799 4400 863 possumus.
4479 780 4600 845 Etsi
4629 804 4716 848 non

2872 869 3183 935 debemus
3227 868 3609 934 existimare
3654 865 4100 949 voluptatibus
4142 865 4358 947 ipsum
4393 865 4519 932 suis
4555 869 4630 933 sie
4659 871 4720 934 in·

2872 955 3188 1040 dulsisse,
3259 967 3333 1020 ut
3390 954 3664 1019 alteram
3727 953 3929 1035 priori
3991 949 4349 1016 addiderit:
4414 950 4515 1016 sed
4569 956 4720 1037 potins

2870 1052 3162 1108 coactum
3187 1041 3575 1106 necessitate
3595 1039 3802 1105 fuisse
3843 1037 4152 1116 iudicare,
4195 1047 4265 1101 et
4304 1038 4400 1101 ita
4436 1036 4603 1105 rebus
4633 1043 4722 1106 suis

2870 1127 3209 1193 consulere
3231 1126 3576 1192 studuisse.
3613 1122 4189 1206 Quemadmodum
4209 1122 4426 1187 solent
4443 1123 4508 1187 in
4527 1128 4723 1191 summis

2872 1213 3201 1296 angustiis
3257 1211 3615 1287 constituti,
3665 1212 3955 1275 rationes
4004 1229 4320 1291 quaeram
4376 1209 4590 1290 quibus
4633 1232 4724 1279 sese

2871 1310 3203 1383 tueantur,
3263 1306 3330 1362 ct
3374 1296 3741 1363 foederibus
3784 1307 3852 1362 et
3904 1294 4320 1379 cognationis
4361 1316 4435 1360 ao
4474 1297 4725 1363 afficiatis

2876 1386 3156 1450 vinculis
3196 1384 3482 1450 foveant.
3529 1382 3977 1447 Nihilominus
4015 1381 4284 1446 virtiosa
4325 1393 4395 1447 et
4435 1382 4726 1447 illieitsfuit

2874 1471 3036 1536 haec
3101 1471 3269 1536 ratio
3344 1469 3539 1536 rebus
3610 1470 3747 1534 suis
3812 1466 4230 1545 consulendi,
4288 1467 4727 1551 quandoquidem

2874 1566 3106 1624 contra
3150 1557 3430 1639 primam
3479 1555 3963 1621 institutionem
4010 1554 4413 1619 matrimonii
4469 1554 4609 1619 fnit:
4649 1556 4727 1618 etsi

2875 1664 3008 1707 non
3056 1655 3190 1706 tam
3235 1643 3474 1707 vitiosa
3532 1662 3726 1723 quam
3773 1640 3828 1705 si
3875 1639 4294 1723 voluptatum
4340 1659 4530 1706 causa
4565 1640 4732 1704 fuisset

2875 1730 2955 1793 ab
3020 1729 3163 1811 ipso
3219 1727 3586 1811 quaesitum
3644 1726 4160 1791 matrimonium.
4247 1725 4386 1793 Sed
4438 1727 4502 1791 in
4550 1746 4732 1791 summ

2874 1813 3445 1881 condemnandum
3501 1810 3784 1878 Davidis
3839 1813 4106 1892 factum,
4164 1810 4338 1895 quod
4397 1810 4552 1877 duas
4597 1810 4731 1876 simul

2877 1920 3118 1966 uxores
3162 1899 3493 1965 habuerit:
3552 1897 3724 1982 quod
3770 1918 3854 1963 ex
3902 1897 4185 1964 hominis
4236 1900 4452 1981 prima
4489 1899 4732 1963 creatione

2876 1987 3037 2053 satis
3092 1995 3382 2069 apparet,
3441 1985 3554 2051 ubi
3603 1984 3927 2049 Dominus
3983 1984 4108 2049 ait:
4168 1984 4318 2049 Non
4379 2006 4516 2050 esse
4564 1985 4732 2049 bonum

2878 2073 3129 2138 homini
3162 2092 3304 2137 esse
3349 2071 3594 2137 solum:
3638 2071 3858 2153 itaque
3894 2070 4261 2137 faciendum
4297 2069 4400 2134 illi
4424 2069 4732 2136 adiutorium

2878 2158 3093 2223 simile
3131 2158 3270 2240 ipsi.
3316 2157 3674 2225 Decretum
3713 2156 3918 2241 igitur
3963 2177 4046 2221 ex
4083 2156 4478 2221 immutabili
4508 2177 4608 2221 suo
4633 2175 4733 2220 con·

2879 2243 3025 2310 silio
3070 2244 3362 2326 protulit,
3401 2242 3734 2307 hominem
3772 2263 3811 2308 o
3897 2252 4073 2307 rtcre
4116 2263 4253 2307 una
4297 2263 4502 2309 uxore
4539 2256 4733 2308 conun-

2879 2339 3023 2395 tum
3066 2351 3228 2395 esse.
3295 2329 3528 2412 Neque
3571 2329 3747 2392 enim
3838 2329 3979 2408 ixit,
4021 2327 4152 2393 dno
4196 2328 4520 2394 adiutoria
4556 2328 4646 2410 ἱρά
4668 2328 4731 2389 fn·

2880 2418 3149 2492 ciamus,
3195 2416 3328 2489 sed,
3375 2415 3776 2479 adiutorium
3800 2414 3926 2496 ipsi
3949 2413 4182 2480 simile.
4231 2414 4385 2479 Hoc
4404 2413 4557 2481 satis
4578 2413 4734 2478 idoneo

2880 2501 3254 2567 testimonio
3300 2499 3521 2566 David
3583 2502 3707 2566 hoc
3750 2500 3889 2565 loco
3932 2499 4447 2566 condemnatur:
4503 2510 4590 2564 est
4617 2500 4737 2562 euim

2878 2588 3008 2652 Dei
3064 2587 3396 2653 decretum
3442 2583 3853 2651 immutabile
3911 2600 3980 2651 et
4036 2586 4483 2659 irrevocabile,
4537 2595 4594 2651 et
4625 2582 4738 2666 quod

2878 2674 3066 2739 initio
3111 2671 3298 2738 Deus
3342 2672 3698 2751 constituit,
3746 2670 4122 2737 habendum
4165 2682 4268 2737 cst
4313 2672 4481 2756 legis
4520 2671 4738 2736 locoim·

2881 2760 3230 2825 mutabilis.
3276 2758 3535 2825 Deinde
3572 2771 3640 2822 et
3674 2757 3801 2823 alio
3837 2758 3980 2823 loco
4002 2759 4331 2841 scriptura
4365 2759 4553 2837 iubet,
4587 2776 4739 2840 quen

2874 2867 3005 2929 ‚que
3041 2847 3256 2911 virum
3300 2866 3487 2910 suam
3533 2843 3776 2910 habere
3818 2864 4113 2925 uxorem,
4157 2854 4221 2908 et
4245 2855 4739 2941 contra-quamque

2884 2932 3224 2996 mulierem
3268 2950 3459 2996 suum
3502 2929 3740 2996 habere
3776 2932 4109 2995 maritum.
4177 2928 4409 3010 Quare
4444 2952 4497 2995 si
4528 2949 4650 3012 qms
4679 2925 4740 2989 vit

2882 3019 3104 3101 plures
3137 3035 3376 3082 uxores
3421 3017 3662 3082 babere
3704 3017 3868 3096 vult,
3912 3018 4105 3081 uxori
4137 3016 4298 3081 facit
4339 3012 4742 3081 iniuriamne·

2884 3124 3012 3187 que
3056 3103 3267 3187 legem
3313 3103 3542 3167 violat.
3586 3101 3841 3168 Eadem
3862 3103 4039 3166 enim
4076 3103 4350 3185 utrique
4371 3101 4587 3186 regula
4616 3118 4742 3183 pne·

2884 3190 3208 3267 scribitur,
3271 3199 3346 3253 ut
3388 3189 3627 3254 mulier
3670 3189 3981 3254 maritum
4023 3208 4217 3253 suum
4262 3186 4520 3262 habeat,
4567 3200 4625 3251 et
4651 3204 4743 3247 mz-

2884 3275 3051 3341 ritus
3091 3296 3282 3340 suam
3326 3295 3621 3340 uxorem.
3700 3274 4117 3357 Quapropter
4160 3274 4217 3339 si
4263 3277 4414 3357 quis
4469 3272 4634 3337 hodic
4663 3267 4743 3335 sibi

2885 3360 3221 3427 licentiam
3277 3370 3576 3426 assumat
3631 3360 3852 3443 plures
3901 3358 4188 3428 habendi
4243 3379 4510 3436 uxores,
4560 3378 4672 3423 sese
4700 3355 4743 3416 in

2885 3456 3106 3531 partes
3144 3446 3467 3530 discerpat
3501 3456 3775 3530 oportet.
3842 3447 4023 3530 Ergo
4048 3445 4265 3511 David
4302 3447 4534 3511 merito
4565 3440 4742 3508 duabu

2886 3533 3240 3684 agsumae'ts
3296 3532 3625 3682 hxmibust
3650 3531 4021 3684 dIamnatur.
4086 3533 4238 3683 ι,Εἶίξίὶ
4255 3532 4535 3684 ςῑιέἑίἔω,
4579 3530 4744 3679 {mog

2888 3640 3063 3684 iem
3229 3639 3594 3683 raamoe
3713 3636 4270 3684 saacocon1:
4464 3634 4703 3695 ,utu

2888 3705 3042 3781 dixi,
3089 3713 3388 3771 veterum
3433 3704 3725 3769 fidelium
3773 3704 4073 3787 exempla
4105 3638 4242 3768 nffiln
4281 3716 4524 3769 temere
4560 3696 4743 3767 suntin

2886 3792 3100 3875 legem
3145 3790 3502 3856 trahenda:
3561 3789 3677 3856 sed
3723 3790 3936 3873 potius
3977 3788 4058 3854 ad
4102 3789 4235 3854 Dei
4281 3791 4495 3876 legem
4533 3798 4592 3853 et
4625 3782 4742 3850 imo

2889 3879 3210 3943 tutionem
3271 3875 3764 3957 recurrendum,
3819 3884 3887 3941 et
3943 3875 4064 3942 soli
4119 3876 4222 3940 illi
4283 3868 4740 3960 acquiescendum

2887 3965 3031 4029 sine
3075 3962 3619 4030 contradictione:
3663 3982 3740 4027 ac
3782 3962 4058 4045 proinde
4100 3963 4156 4028 si
4201 3984 4338 4046 qua
4380 3972 4530 4028 sunt
4566 3968 4746 4051 sam

2886 4070 3038 4114 rum
3098 4050 3388 4115 virorum
3459 4049 3630 4113 facta
3696 4069 3846 4114 cum
3906 4048 4105 4114 verbo
4179 4049 4308 4114 Dei
4385 4050 4740 4131 congruent&

2888 4144 3205 4218 tanquam
3272 4136 3442 4201 bona
3489 4144 3646 4199 sunt
3695 4133 4135 4213 admittenda,
4208 4142 4280 4199 et
4334 4134 4411 4200 in
4458 4128 4738 4212 exemplum

2889 4219 3338 4304 proponenda:
3383 4222 3486 4286 sin
3531 4220 3770 4299 minus,
3814 4220 4314 4286 condemnanda
4348 4230 4417 4285 et
4455 4210 4736 4283 rufium

2890 4305 3116 4388 Quum
3160 4326 3319 4371 vero
3363 4314 3500 4370 tam
3545 4304 3872 4371 Davidem
3916 4327 4115 4390 quam
4159 4305 4324 4371 alios
4370 4307 4438 4370 in
4479 4305 4588 4369 hac
4613 4304 4738 4391 part?

2890 4393 3106 4475 lapsos
3150 4391 3512 4472 videamus,
3572 4411 3649 4456 eo
3710 4392 3954 4458 maiore
3998 4412 4159 4457 cura
4201 4402 4272 4456 et
4327 4390 4540 4457 studio
4571 4388 4622 4451 in
4650 4381 4736 4445 De

2890 4480 3125 4544 timore
3169 4479 3356 4545 nobis
3395 4477 3865 4545 ambulandum
3910 4477 4213 4556 sciamus,
4271 4498 4487 4561 neque
4541 4468 4733 4539 dandum

2891 4565 3222 4631 licentiam
3280 4566 3524 4630 nostris
3577 4564 3918 4630 affectibus
3988 4574 4211 4628 tantae
4269 4560 4636 4629 confusionis
4665 4572 4731 4616 ω·

2891 4650 3217 4735 quendae,
3282 4671 3366 4717 ne
3421 4652 3490 4715 in
3550 4651 3948 4715 immensum
3993 4650 4324 4716 malorum
4383 4641 4733 4734 labyrinthum

2891 4737 3334 4804 deveniamus.
3424 4736 3632 4802 Cuius
3687 4735 3783 4801 rei
3829 4735 4169 4817 exemplar
4218 4736 4366 4820 ipse
4407 4730 4602 4800 David
4631 4734 4732 4796 m,

2890 4825 3001 4906 qui
3045 4822 3128 4887 ab
3172 4822 3296 4889 hoc
3319 4821 3528 4911 ⁸lapsu
3570 4823 3641 4887 in
3689 4820 3911 4904 plures
3956 4822 4207 4902 incidit,
4251 4822 4482 4886 multis
4510 4812 4732 4885 uxtmbl‘t⁵

2890 4909 3194 4985 inductis,
3254 4908 3426 4991 quod
3466 4909 3541 4973 in
3600 4908 3913 4974 historiae
3956 4910 4126 4973 serie
4177 4909 4481 4991 deinceps
4519 4897 4732 4988 plante

2892 5014 3378 5078 persequemur.
3467 4994 3911 5075 Quamobrem
3989 5014 4123 5059 non
4199 5002 4448 5060 temere
4505 4978 4731 5057 imita&

2891 5080 3260 5147 istiusmodi
3304 5100 3642 5147 servorum
3667 5080 3793 5145 Dei
3828 5080 4149 5163 exempla,
4193 5079 4308 5146 sed
4333 5079 4560 5145 malum
4577 5095 4608 5138 a
4624 5073 4730 5136 bow

2892 5165 3431 5233 discernendum:
3497 5166 3769 5249 ideoque
3809 5187 3930 5232 nos
3981 5166 4136 5231 alibi
4183 5167 4266 5232 D.
4310 5166 4550 5232 Paulus
4580 5154 4729 5223 adm

2893 5261 3026 5333 net,
3084 5265 3163 5317 ut
3203 5254 3420 5337 ipsum
3475 5272 3830 5337 sequamur
3872 5260 3942 5318 et
3996 5252 4354 5332 imitemur,
4410 5242 4728 5335 quensdw·
