5059 6059
775 324 905 392 363

782 509 1062 576 fideliter
1102 507 1434 592 fungatur,
1519 502 1622 569 vel
1689 502 1803 586 qui

782 604 1089 664 exerceat
1134 593 1229 658 sic
1264 590 1474 658 fidelis
1516 588 1747 655 domus
1791 586 2051 668 dicitur,
2095 607 2259 670 quae
2303 587 2375 651 in
2418 586 2688 672 longum

780 702 1015 748 aevum
1070 677 1412 764 perdurat:
1501 696 1630 758 qua
1692 674 2170 757 significatione
2233 673 2493 757 saepius
2559 692 2732 738 vox.

777 767 912 844 illa,
979 763 1185 845 fidlis,
1251 762 1321 829 in
1388 762 1593 827 sacris
1663 773 2033 843 usurpatur.
2122 759 2328 824 Porro
2386 760 2570 825 Deus
2627 780 2697 824 se

779 852 908 919 sibi
965 852 1147 922 alim
1206 848 1609 917 sacerdotem
1650 846 2120 912 suscitaturum
2168 845 2552 911 nominatim
2598 844 2695 910 di·

777 940 868 1006 cit
924 946 1004 1003 ιιι
1046 933 1177 1004 luic
1221 933 1565 1000 obiectioni
1609 941 1903 998 occurrat
1947 952 2139 1015 quam
2188 931 2396 997 videri
2441 938 2698 1016 poterat

780 1025 933 1090 Heli
981 1023 1192 1092 mrito
1235 1021 1571 1097 allaturus,
1632 1039 1823 1084 suum
1867 1037 2010 1083 esse
2054 1016 2509 1092 sacerdotium,
2575 1037 2697 1082 nec

778 1110 861 1176 ad
926 1111 1129 1185 alim,
1195 1128 1282 1173 ex
1350 1106 1476 1171 Dei
1544 1103 1991 1186 promissione,
2082 1124 2271 1186 posse
2331 1102 2695 1168 transferri.

780 1197 982 1280 Atqui
1034 1193 1363 1258 decretum
1432 1192 1559 1256 Dei
1625 1190 1798 1255 aliud
1866 1199 1981 1265 est,
2049 1188 2160 1256 cui
2228 1189 2339 1272 qui
2405 1187 2700 1273 loquenti

776 1277 1201 1348 contrahat?
1289 1279 1499 1344 Porro
1586 1275 1694 1341 hic
1757 1275 2056 1341 sacerdos
2121 1273 2534 1341 suscitandus
2599 1282 2702 1339 est

778 1366 1031 1452 Tsadoe,
1075 1376 1147 1428 ιιι
1188 1363 1363 1429 infra
1401 1362 1782 1443 videbimus,
1828 1362 1939 1443 qui
1971 1360 2040 1425 in
2079 1359 2461 1426 Abiatharis
2482 1359 2698 1425 locum

775 1454 1068 1520 suffectus
1149 1457 1268 1516 est.
1360 1448 1666 1531 Denique
1739 1446 2058 1530 propheta
2142 1445 2479 1530 subiungit
2543 1445 2699 1511 Heli

783 1549 1049 1625 posterus
1111 1555 1188 1600 ac
1245 1554 1664 1611 suscessores,
1724 1553 1798 1597 eo
1849 1532 2253 1617 paupertatis
2306 1531 2700 1598 deventuros

782 1634 860 1690 ιιι
910 1622 1246 1691 buccellam
1307 1619 1495 1704 panis
1553 1617 1982 1697 emendicent,
2048 1637 2122 1683 ac
2166 1637 2307 1683 sese
2351 1638 2701 1682 nummum

782 1719 1057 1795 petentes
1104 1708 1470 1772 incurvent.
1558 1704 1731 1769 Nam
1777 1705 1897 1769 etsi
1935 1702 2371 1769 sacerdotibus
2408 1711 2551 1768 erat
2585 1723 2704 1769 sua

783 1797 987 1881 portio
1026 1791 1363 1873 attributa,
1423 1791 1736 1890 paucique
1773 1798 1993 1855 essent
2034 1789 2421 1867 sacerdotes,
2480 1800 2701 1854 tamen

783 1885 855 1948 in
920 1888 1119 1945 tantas
1185 1887 1526 1963 angustias
1594 1873 1980 1959 redigendos
2046 1883 2122 1940 nt
2185 1896 2421 1958 panem
2479 1896 2702 1941 emen-

783 1968 983 2034 dicare
1044 1972 1381 2049 cogantur,
1446 1982 1523 2027 ac
1581 1961 1906 2044 supplices
1962 1971 2181 2043 petere
2241 1970 2315 2026 ut
2373 1960 2456 2025 ad
2503 1982 2704 2026 unam

782 2065 1014 2140 partem
1094 2047 1563 2116 sacerdotalem
1633 2047 2101 2125 dimittantur,'
2157 2068 2283 2130 quo
2348 2046 2704 2114 buccellam

786 2138 961 2225 panis
996 2136 1362 2215 comedant,
1408 2154 1483 2199 ac
1526 2153 1669 2199 sese
1712 2154 1751 2196 a
1795 2133 1963 2198 fame
2009 2143 2337 2198 tueantur.

941 2221 1121 2288 Haeo
1188 2232 1344 2287 sunt
1402 2219 1603 2284 huius
1659 2217 1781 2285 loci
1837 2219 2195 2283 summaria
2251 2219 2465 2301 capita
2523 2215 2707 2301 sigil-

787 2311 955 2376 latim
1021 2307 1324 2391 deinceps
1383 2305 1568 2371 nobis
1624 2303 2071 2387 expendenda.
2162 2305 2426 2368 Dictum
2486 2314 2704 2368 autem

785 2395 945 2463 istud
984 2394 1271 2472 Domini,
1315 2413 1385 2458 se
1433 2388 1771 2457 brachium
1814 2389 1972 2455 Heli
2017 2401 2419 2457 resecturum
2466 2398 2531 2454 et
2567 2409 2705 2453 am-

788 2489 1168 2566 putaturum,
1230 2477 1745 2545 consideratione
1804 2475 2078 2559 dignum
2138 2488 2269 2543 est:
2328 2496 2456 2559 quo
2515 2474 2704 2539 doce-

786 2588 922 2632 mur
960 2565 1174 2631 nullas
1220 2564 1406 2630 nobis
1445 2581 1588 2628 esse
1631 2561 1806 2627 vires
1852 2563 1976 2626 nisi
2020 2561 2144 2627 Dei
2190 2562 2435 2628 virtute
2478 2581 2553 2627 ac
2598 2581 2706 2643 po-

786 2652 977 2718 tentia
1022 2650 1392 2717 fulciantur.
1482 2647 1654 2713 Nam
1700 2646 1945 2713 brachii
1980 2668 2221 2712 nomen
2256 2649 2327 2712 in
2364 2647 2707 2732 scripturis

784 2759 891 2822 pro
961 2738 1031 2803 vi
1095 2756 1171 2802 ac
1235 2734 1463 2800 robore
1527 2734 1909 2817 plerumque
1975 2734 2272 2799 sumitur.
2362 2732 2497 2800 Uni
2562 2732 2706 2798 Deo

781 2824 971 2908 igitur
1024 2822 1126 2887 vis
1168 2831 1394 2887 nostra
1437 2819 1650 2885 omnis
1695 2830 1959 2902 accepta
2002 2819 2272 2884 ferenda
2314 2827 2434 2899 est,
2495 2839 2534 2883 a
2578 2840 2705 2903 quo

782 2930 907 2975 uno
961 2907 1175 2992 gratia
1232 2917 1298 2971 ct
1351 2904 1793 2972 misericordia
1835 2913 2197 2990 promanat.
2286 2903 2541 2987 Ecquid
2585 2904 2705 2987 igi-

781 3005 882 3062 tur
932 2994 1176 3061 habent
1232 2993 1528 3058 homines
1583 2992 1663 3058 de
1719 3011 1847 3074 quo
1904 2991 2289 3074 glorientur,
2356 2990 2547 3073 quasi
2593 2989 2707 3054 ad-

778 3099 999 3148 versus
1065 3080 1512 3162 qualecunque
1567 3075 1880 3142 iudicium
1940 3077 2297 3159 perstituri,
2365 3096 2566 3158 quum
2609 3082 2707 3150 {ne

778 3167 855 3232 ad
912 3166 1263 3232 minimum
1308 3163 1572 3248 quidem
1618 3183 1818 3227 aurae
1862 3163 2091 3228 flatum
2138 3161 2511 3227 divinorum
2538 3160 2705 3226 iudi-

776 3253 1021 3319 ciorum
1078 3251 1433 3316 subsistere
1492 3257 1775 3333 queant:
1839 3248 1953 3313 sed
1998 3257 2226 3314 contra
2270 3255 2451 3313 tanto
2494 3246 2708 3329 magis

777 3340 866 3406 sit
898 3338 1029 3403 illis
1074 3337 1479 3401 mortiferum
1522 3333 1840 3417 quidquid
1882 3333 1954 3399 in
1998 3354 2069 3400 se
2115 3334 2380 3399 virtutis
2425 3353 2499 3400 ac
2537 3333 2713 3399 vitae

778 3423 1015 3490 habere
1065 3420 1577 3498 arbitrabuntur,
1634 3428 1877 3502 quanto
1922 3419 2180 3503 longius
2225 3440 2263 3483 a
2307 3417 2452 3484 Deo
2496 3438 2712 3485 reces-

775 3510 999 3587 serint,
1048 3509 1171 3573 nisi
1213 3527 1432 3574 coram
1477 3508 1619 3573 Deo
1663 3505 1869 3581 deiici,
1915 3514 1982 3572 et
2026 3505 2314 3572 eiusdem
2359 3503 2710 3587 providen-

780 3597 904 3661 tiae
958 3616 1099 3660 sese
1153 3593 1473 3659 subiicere
1529 3590 1918 3657 didicerint?
1996 3590 2438 3672 Quamobrem
2493 3589 2713 3655 danda

779 3704 995 3766 opera,
1039 3690 1115 3745 ιιι
1155 3679 1470 3763 quidquid
1517 3679 1754 3744 virium
1789 3697 1865 3743 ac
1900 3676 2151 3743 roboris
2186 3677 2520 3755 habemus,
2568 3675 2711 3741 Deo

779 3788 969 3834 omne
1027 3766 1313 3831 feramus
1370 3773 1728 3847 acceptum,
1795 3772 1988 3846 atque
2041 3763 2137 3829 sic
2190 3763 2271 3828 ab
2316 3762 2456 3828 eius
2500 3762 2713 3845 gratia

780 3850 1193 3936 pendeamus,
1254 3871 1338 3915 ne
1384 3869 1673 3933 unquam
1721 3847 2128 3914 divellamur.
2217 3848 2491 3914 Certum
2535 3845 2712 3912 enim

780 3946 881 4004 est
934 3957 1160 4003 omnes
1216 3957 1336 4001 sua
1392 3935 1718 4001 industria
1770 3934 2127 4019 gloriantes
2182 3933 2446 4000 tandem
2485 3932 2711 3998 eadem

782 4021 1149 4107 privandos,
1216 4023 1347 4087 imo
1390 4032 1457 4088 et
1500 4023 1568 4087 in
1615 4020 1896 4086 nihilum
1939 4018 2345 4102 redigendos.
2433 4019 2527 4083 Et
2571 4018 2713 4083 vice

787 4129 971 4176 versa
1026 4108 1371 4186 discamus,
1435 4107 1562 4174 Dei
1607 4107 1895 4173 bonitate
1937 4107 2031 4172 sic
2073 4105 2218 4184 niti,
2261 4104 2344 4170 ad
2386 4106 2527 4170 eius
2573 4102 2716 4188 glo·

784 4196 946 4262 riam
991 4195 1167 4260 vires
1212 4206 1469 4260 nostras
1510 4194 1935 4272 conferentes,
1980 4199 2054 4256 ιιι
2093 4189 2318 4257 laudes
2353 4191 2479 4274 ipsi
2515 4190 2714 4255 sacri-

784 4284 1067 4359 ficemus,
1114 4290 1530 4364 autoremque
1574 4300 1779 4344 unum
1815 4278 2031 4360 ipsum
2067 4277 2385 4343 bonorum
2420 4276 2715 4342 omnium

782 4365 1194 4433 celebremus.
1282 4366 1361 4432 Id
1418 4366 1473 4432 si
1533 4366 1659 4431 rite
1715 4363 1959 4428 factum
2017 4384 2058 4427 a
2116 4363 2305 4428 nobis
2350 4363 2564 4439 fuerit,
2633 4383 2716 4427 ne

786 4452 1150 4518 dubitemus
1214 4452 1373 4536 quin
1427 4451 1568 4535 ipse
1614 4450 1786 4514 vires
1829 4469 1985 4515 suas
2028 4448 2098 4512 in
2143 4448 2348 4514 nostri
2392 4447 2718 4514 defensio-

787 4557 937 4603 nem
983 4548 1261 4604 exserat.
1351 4538 1441 4603 Et
1486 4536 1565 4602 de
1610 4533 1861 4601 brachii
1909 4554 2064 4600 voce
2110 4534 2448 4601 hactenus.

951 4623 1159 4689 Porro
1224 4624 1297 4688 in
1353 4622 1575 4689 divina
1631 4620 2135 4686 comminatione
2175 4619 2355 4687 istud
2400 4619 2716 4700 adiicitur,

790 4707 1115 4774 neminem
1181 4730 1264 4775 ex
1316 4708 1471 4775 Heli
1529 4706 1777 4773 familia
1820 4706 1900 4772 ad
1946 4714 2344 4772 senectutem
2390 4717 2718 4774 maturam

787 4805 1273 4877 perventurum,
1340 4794 1453 4859 sed
1513 4792 1845 4859 aemulum
1904 4793 1975 4857 in
2030 4790 2245 4857 locum
2287 4792 2492 4877 ipsius
2536 4793 2717 4858 suffi-

786 4878 1107 4946 ciendum.
1198 4878 1458 4960 Quibus
1537 4877 1752 4945 verbis
1833 4877 2160 4944 Dominus
2219 4877 2501 4962 posteris
2562 4877 2719 4942 Heli

790 4975 1009 5032 notam
1086 4965 1483 5049 ignominiae
1548 4964 1937 5030 inurendam
2003 4963 2326 5030 minatur:
2414 4972 2719 5031 senectus

788 5053 963 5118 enim
998 5051 1331 5134 singulare
1366 5050 1494 5149 Dei
1531 5049 1777 5118 donum
1812 5062 1932 5117 est.
2014 5049 2161 5116 Etsi
2197 5049 2404 5115 libens
2438 5069 2720 5134 agnosco

787 5149 882 5204 tot
937 5137 1268 5203 aerumnis
1309 5157 1619 5202 miseram
1659 5135 1833 5203 hanc
1876 5137 2084 5204 vitam
2127 5136 2387 5220 plenam
2431 5156 2593 5215 esse,
2647 5143 2722 5201 ιιι

787 5223 1089 5290 videatur
1154 5222 1312 5289 felix
1374 5242 1600 5289 eorum
1665 5222 1945 5290 conditio
2012 5222 2249 5305 quibus
2316 5222 2531 5289 exitus
2571 5241 2722 5288 cum

2439 309 2853 378 HOMILIA
2909 311 3075 378 XII.

1876 508 2190 585 perpetuo
2254 499 2691 568 sacerdotium
2792 502 3093 586 ingressu
3138 521 3313 568 unus
3354 509 3424 569 et
3465 501 3639 568 idem
3683 508 3804 570 est.

4584 317 4692 385 364

3893 501 4147 585 Ecquid
4193 502 4366 569 enim
4400 504 4563 572 aliud
4594 517 4695 587 est,

2795 588 3061 654 obsecro
3118 586 3456 654 hominum
3518 588 3657 654 vita
3698 608 3899 670 quam
3943 599 4298 671 perpetuus
4339 589 4602 674 languor
4637 605 4696 661 et

2795 671 3189 760 aegritudo?
3269 673 3445 740 Nam
3510 674 3569 740 si
3633 673 3893 757 quando
3952 696 4092 740 sese
4149 673 4346 741 rebus
4403 680 4695 760 prosperis

2796 759 3021 845 gaudii
3078 767 3147 824 et
3204 759 3491 825 laetitiae
3549 759 3738 826 nobis
3794 759 4069 826 offertur
4124 763 4392 843 occasio,
4454 761 4696 831 subinde

2796 858 3014 911 tamen
3061 855 3129 910 et
3171 856 3500 910 momento
3543 867 3739 929 saepe
3780 845 3846 911 in
3894 847 4225 912 tristitiam
4273 846 4522 926 desinit,
4561 849 4696 916 adeo

2798 942 2872 998 ut
2914 932 2969 996 si
3008 931 3144 997 dies
3179 930 3536 997 hodiernus
3559 933 3744 997 nobis
3765 931 3990 997 beatus
4027 932 4389 1014 afflulserit,
4447 936 4698 1001 crastino

2797 1037 2948 1083 cum
3021 1016 3362 1083 infortuno
3426 1017 3870 1084 colluctemur.
3972 1018 4279 1101 Exempli
4337 1020 4570 1102 gratia:
4635 1020 4700 1086 Si

2797 1103 3125 1171 Dominus
3168 1102 3484 1168 familiam
3528 1104 3732 1181 auxit,
3790 1104 4010 1169 liberis
4034 1106 4436 1187 praesertim,
4479 1105 4700 1172 aceub-

2799 1189 2954 1255 inde
3022 1211 3190 1254 unus
3256 1198 3324 1254 et
3364 1187 3534 1254 alter
3577 1200 3787 1254 morte
3832 1189 4211 1273 perimatur,
4256 1201 4558 1272 quantam
4601 1213 4699 1275 pu-

2802 1285 3016 1341 tamus
3067 1273 3266 1340 huius
3326 1275 3609 1341 familiae
3667 1274 4175 1341 desolationem?
4237 1277 4406 1342 Nam
4464 1277 4520 1344 si
4556 1299 4703 1343 unus

2803 1371 3058 1427 tantum
3125 1381 3163 1425 e
3225 1359 3440 1425 medio
3507 1361 3885 1439 tolleretur,
3950 1362 4272 1429 consolari
4316 1383 4459 1428 sese
4499 1362 4702 1447 reliqui

2802 1445 3274 1531 quodammodo
3320 1455 3614 1530 possunt,
3659 1446 3774 1514 sed
3819 1447 4007 1515 siad
4050 1448 4553 1514 internecionem
4589 1460 4703 1515 tota

2802 1533 3051 1600 familia
3115 1531 3468 1609 devenerit,
3559 1552 3753 1616 quam
3820 1533 3887 1598 id
3953 1532 4321 1600 luctuosum
4387 1545 4453 1599 et
4514 1533 4703 1618 deplo-

2803 1616 3133 1686 randum?
3180 1617 3405 1699 Quare
3448 1618 3507 1683 si
3551 1618 3811 1701 quando
3849 1620 4179 1702 prosperis
4213 1640 4290 1687 ac
4326 1619 4510 1687 laetis
4541 1623 4706 1686 rebus

2804 1707 3102 1784 fruimur,
3146 1702 3422 1770 subinde
3467 1704 3694 1769 multis
3737 1702 4029 1771 adversis
4073 1707 4572 1787 permiscentur:
4612 1705 4703 1771 de-

2806 1791 3004 1875 nique
3046 1791 3104 1855 si
3147 1799 3307 1873 quot
3350 1790 3741 1872 quantisque
3783 1789 4194 1857 offendiculis
4227 1792 4370 1858 vita
4402 1791 4706 1857 hominum

2805 1877 3101 1960 exposita
3164 1876 3253 1940 sit
3315 1875 3710 1953 intueamur,
3776 1876 4046 1942 minime
4112 1878 4472 1943 dixerimus
4534 1879 4707 1944 vitam

2804 1983 2947 2029 esse
3006 1962 3252 2026 bonum
3309 1961 3765 2044 expetendum,
3823 1961 3938 2028 sed
3993 1972 4268 2029 mortem
4346 1964 4553 2045 potius
4613 1962 4708 2027 eli·

2806 2046 3118 2133 gendam:
3185 2048 3569 2130 praesertim
3635 2048 3690 2113 si
3752 2067 3902 2114 cum
3965 2047 4212 2115 crebris
4270 2047 4526 2126 morbis,
4586 2068 4709 2113 cum

2808 2141 3209 2217 paupertate,
3275 2153 3426 2199 cum
3486 2133 3716 2198 mortis
3761 2134 4035 2199 horrore
4078 2143 4145 2199 et
4187 2133 4334 2201 aliis
4378 2132 4711 2201 istiusmodi

2804 2217 3234 2286 incommodis
3278 2227 3344 2283 et
3389 2218 3647 2285 damnis
3690 2219 4137 2300 colluctemur,
4210 2220 4446 2303 quibus
4490 2221 4556 2285 in
4593 2220 4709 2285 dies

2807 2303 3145 2370 deficimus
3218 2325 3295 2370 ac
3363 2304 3432 2370 in
3494 2304 3772 2371 nihilum
3833 2303 4212 2390 redigimur.
4302 2306 4710 2371 Nihilominus

2810 2400 3026 2456 tamen
3065 2389 3193 2455 Dei
3231 2389 3489 2458 bonitas
3510 2392 3577 2456 in
3600 2390 3902 2457 omnibus
3927 2392 4073 2459 istis
4094 2392 4430 2458 aerumnis
4452 2391 4715 2475 splendet

2809 2498 2885 2543 ac
2944 2477 3162 2558 micat,
3217 2486 3294 2541 ut
3350 2488 3600 2542 astrum
3643 2477 3717 2541 in
3763 2475 4068 2556 tenebris,
4125 2488 4198 2543 ut
4240 2498 4377 2543 non
4417 2476 4712 2543 immerito

2812 2563 2947 2627 vita
2988 2561 3294 2645 hominis,
3339 2569 3405 2627 et
3442 2562 3586 2645 ipsa
3627 2571 3931 2629 senectus
3973 2563 4046 2629 in
4091 2562 4278 2629 bonis
4322 2573 4710 2647 reponantur.

2810 2647 3059 2715 Idcirco
3128 2647 3450 2713 Dominus
3515 2648 3806 2713 minatur
3869 2649 4008 2714 fore
4073 2658 4148 2715 ιιι
4191 2649 4258 2714 in
4304 2649 4547 2714 familia
4584 2646 4713 2714 Heli

2809 2734 3033 2801 nullus
3087 2740 3527 2812 consenescat,
3586 2734 3772 2816 quasi
3829 2732 4013 2800 Deus
4069 2735 4209 2819 ipse
4252 2736 4452 2801 morti
4492 2733 4716 2800 addicat

2810 2828 2877 2885 et
2917 2820 3194 2903 ipsemet
3237 2819 3573 2885 interimat
3616 2840 3843 2886 omnes
3882 2820 4040 2886 Heli
4074 2829 4388 2903 posteros,
4430 2830 4504 2886 ιιι
4531 2839 4714 2886 sacer-

2812 2905 3011 2971 dotali
3069 2903 3373 2987 deinceps
3416 2903 3734 2989 dignitate
3779 2906 4139 2988 priventur.
4231 2904 4447 2990 Saepe
4489 2904 4716 2989 quidem

2811 3011 3016 3057 unum
3060 3000 3175 3055 aut
3217 2989 3498 3056 alterum
3542 2999 3755 3057 morte
3799 2991 4033 3074 perimi
4076 2992 4147 3056 in
4192 2992 4473 3067 familiis,
4537 3001 4601 3057 at
4635 2999 4717 3053 to·

2813 3087 2954 3144 tam
2988 3076 3325 3160 exstingui
3367 3075 3678 3141 familiam
3725 3097 3875 3142 raro
3920 3078 4235 3144 videmus.
4304 3077 4400 3144 At
4433 3077 4536 3143 hic
4559 3075 4715 3140 Deus

2811 3183 3107 3229 severam
3153 3162 3387 3228 iudicis
3432 3159 3789 3228 vindictam
3833 3173 4130 3244 exercet,
4185 3170 4254 3229 et
4295 3164 4370 3228 in
4415 3164 4532 3229 hac
4571 3180 4719 3228 com-

2814 3248 3179 3314 minatione
3224 3247 3486 3313 divinae
3539 3247 3677 3313 irae
3734 3249 4001 3332 signum
4056 3257 4363 3333 apparet:
4422 3248 4599 3333 quasi
4634 3264 4719 3310 se·

2811 3340 2998 3419 paret
3061 3353 3102 3398 a
3166 3331 3286 3399 reli
3333 3333 3435 3399 uis
3493 3341 3558 3399 ct
3615 3335 3888 3400 seorsim
3946 3334 4205 3403 ordinet
4262 3336 4402 3401 irae
4446 3356 4520 3400 ac
4557 3329 4722 3400 morti

2811 3420 3187 3486 destinatos.
3341 3439 3527 3486 mnes
3587 3420 3852 3504 quidem
3909 3420 4122 3486 fateor
4184 3420 4264 3486 ab
4319 3421 4464 3504 ipso
4520 3414 4722 3484 matris

2809 3514 2998 3571 utero
3041 3504 3237 3570 morti
3280 3526 3508 3572 sumus
3547 3504 3808 3586 addicti,
3854 3527 4089 3572 verum
4132 3515 4357 3572 tamen
4399 3527 4481 3571 ex
4523 3504 4719 3572 eadem

2811 3591 3059 3657 familia
3114 3590 3415 3656 nonnulli
3481 3591 3564 3656 ad
3621 3604 3948 3657 maturam
4006 3601 4285 3658 aetatem
4343 3592 4716 3676 perveniunt,

2813 3678 2923 3743 alii
2966 3676 3326 3742 immatura
3368 3686 3580 3743 morte
3624 3679 4159 3760 praeveniuntur,
4205 3686 4278 3743 ut
4323 3700 4460 3743 non
4495 3695 4617 3743 una
4645 3674 4719 3738 sit

2814 3763 3110 3828 omnium
3184 3762 3491 3829 conditio.
3581 3761 3713 3830 Sed
3786 3784 3989 3848 quum
4063 3763 4381 3830 adversus
4440 3761 4720 3829 familiam

2814 3870 3016 3914 unam
3080 3847 3205 3914 hoc
3270 3848 3606 3915 decretum
3669 3848 3795 3914 Dei
3865 3849 4092 3927 fertur,
4160 3860 4236 3914 ut
4295 3849 4515 3916 nullus
4554 3848 4618 3912 in
4658 3863 4722 3909 ec

2814 3942 3214 4000 senectutem
3280 3936 3636 4018 contingat,
3699 3934 3961 4001 divinae
4026 3935 4318 4001 iustitiae
4383 3944 4449 4001 et
4509 3930 4719 3999 furoris

2813 4020 3080 4104 signum
3121 4027 3223 4085 est
3258 4041 3392 4086 non
3428 4020 3714 4086 dubium.
3803 4021 3982 4087 Hinc
4016 4020 4361 4099 discamus,
4406 4021 4526 4086 etsi
4562 4014 4719 4082 nobis

2812 4106 2976 4172 haec
3037 4105 3171 4171 vita
3227 4106 3452 4172 multis
3506 4126 3653 4170 cum
3697 4106 4036 4192 angustiis,
4096 4107 4430 4172 aerumnis
4471 4115 4538 4171 ct
4576 4101 4721 4166 cala-

2817 4191 3158 4258 mitatibus
3195 4190 3617 4276 transigenda
3649 4200 3766 4273 est,
3812 4202 4034 4258 tamen
4070 4192 4199 4258 Dei
4232 4191 4720 4259 benedictionem

2816 4279 3045 4361 quanti
3103 4298 3222 4360 par
3278 4286 3379 4343 est
3432 4278 3661 4356 facere,
3728 4285 3802 4345 ut
3858 4277 4175 4345 adversus
4217 4277 4539 4361 quaslibet
4578 4272 4722 4341 cala·

2817 4364 3081 4429 mitates
3115 4364 3538 4446 imperterriti
3574 4363 3868 4430 animum
3903 4364 4351 4443 obfirmemus,
4395 4370 4473 4429 ut
4510 4361 4724 4426 maiore

2818 4471 2996 4528 cura,
3054 4447 3288 4530 studio,
3343 4449 3562 4516 labore
3621 4458 3688 4515 et
3729 4450 4160 4516 sollicitudine
4205 4450 4274 4516 in
4319 4450 4460 4516 eius
4501 4447 4721 4515 cultum

2819 4544 2884 4601 et
2949 4535 3261 4600 honorem
3327 4535 3795 4613 incumbamus,
3861 4557 4064 4619 quum
4129 4536 4201 4600 in
4265 4536 4564 4602 omnibus
4603 4528 4723 4596 istie

2821 4620 3320 4688 difficultatibus
3379 4630 3689 4703 paternus
3747 4622 3888 4689 eius
3945 4626 4013 4688 in
4073 4642 4192 4686 nos
4242 4622 4502 4688 animus
4558 4613 4723 4711 afful-

2820 4719 2998 4791 geat:
3067 4707 3249 4773 cuius
3308 4716 3575 4791 gustum
3631 4717 3891 4774 tantum
3946 4707 4229 4790 aliquem
4271 4708 4344 4774 in
4400 4707 4501 4772 his
4558 4714 4723 4796 terri?

2819 4794 3155 4871 habemus,
3223 4792 3426 4860 donec
3486 4792 3751 4859 tandem
3809 4793 3902 4860 in·
3924 4805 4225 4860 aeternas
4265 4792 4451 4859 sedes
4493 4793 4724 4869 recepta,

2819 4879 2950 4944 iam
2993 4878 3146 4943 inde
3188 4888 3340 4944 ante
3384 4878 3554 4944 iacta
3597 4877 3826 4944 mundi
3870 4878 4298 4945 fundamenta
4343 4881 4724 4962 praeparatas

2821 4985 2898 5029 eo
2944 4962 3132 5048 plene
3171 4963 3490 5029 fruamur.
3579 4965 3830 5030 Verum
3867 4966 4046 5031 einm
4080 4986 4234 5032 vero
4279 4973 4344 5031 et
4380 4965 4500 5029 hoc
4530 4963 4725 5052 obser3

2823 5049 3134 5124 vandum,
3203 5048 3421 5114 Deum
3480 5069 3564 5115 ex
3621 5050 3725 5117 his
3780 5051 3973 5117 terris
4031 5050 4430 5117 auferentem
4487 5066 4593 5112 eos
4630 5060 4724 5140 ‘1¹3¹

2823 5156 2957 5201 non
3013 5143 3280 5202 matura
3329 5141 3541 5201 morte
3601 5137 4130 5217 praeveniuntur,
4202 5136 4298 5201 sio
4351 5143 4725 5223 temporam?

2823 5221 3052 5306 poenis
3107 5241 3218 5288 ecs
3262 5221 3536 5301 afficere,
3596 5230 3674 5287 ut
3715 5231 3936 5289 tamen
3981 5242 4114 5289 non
4156 5221 4303 5288 ideo
4347 5218 4616 5288 deterior
4651 5219 4726 5279 sit
