5059 6059
272 343 376 407 305

1535 340 1634 406 IN
1679 343 1731 407 1.
1779 341 1958 407 LlB.
2009 339 2406 407 SAMUEL.
2453 339 2650 407 OAP.
2697 339 2893 406 XIX.

4072 337 4198 402 306

271 530 422 601 illius
486 547 705 593 curam
783 531 1093 598 abiecisse
1173 528 1518 609 videretur,
1599 553 1669 596 re
1735 532 1875 614 ipsa
1941 541 2156 595 tamen
2210 538 2217 585 1
2267 529 2385 610 ipsi
2458 530 2653 593 vitam
2721 540 3009 594 nostram
3071 528 3569 604 committamus,
3630 528 3814 592 cuius
3858 525 4201 610 proprium

267 613 517 686 ostendit
572 612 690 680 sibi
751 636 894 682 esse
951 638 1144 684 curae
1206 617 1413 700 ipsius
1473 619 1671 682 vitam
1733 631 1801 683 et
1864 618 2159 694 salutem,

267 723 435 791 quum
492 701 558 765 in
615 703 914 767 omnibus
978 704 1121 769 istis
1179 702 1483 784 periculis
1542 725 1689 768 eum
1750 715 1846 768 est
1893 711 2160 779 tutatus,

265 789 620 870 tandemque
665 786 918 852 salvum
968 798 1032 854 et
1076 788 1465 855 incolumem
1514 789 1812 854 reddidit.
1857 789 1999 852 Iam
2046 790 2164 853 ita·

262 897 371 962 que
410 872 620 939 Saulis
664 873 946 939 furorem
991 875 1384 954 intueamur,
1443 875 1553 958 qui
1598 876 1850 941 sublata
1895 872 2161 941 simula-

263 967 418 1027 tione
479 958 636 1025 furit
702 968 943 1041 aperte,
1011 971 1077 1026 et
1142 958 1315 1045 quod
1381 975 1533 1026 ante
1599 961 1850 1027 foverat
1908 968 2164 1044 pectore

261 1044 510 1113 Davidis
565 1043 781 1110 odium
826 1046 1038 1128 palam
1102 1047 1364 1130 detegit,
1424 1055 1488 1110 et
1534 1048 1736 1113 veluti
1781 1048 1931 1113 dato
1976 1047 2163 1129 signo

258 1140 540 1201 convocat
603 1130 896 1195 inimicos
960 1133 1070 1215 qui
1123 1134 1363 1197 faciant
1424 1133 1490 1196 in
1552 1135 1762 1217 ipsum
1822 1134 2158 1217 impetum.

257 1220 459 1301 Quare
515 1216 572 1282 si
620 1214 801 1280 Deus
863 1239 978 1283 nos
1025 1220 1221 1283 variis
1267 1218 1737 1285 tentationibus
1782 1219 2165 1299 exercuerit,

257 1328 327 1371 ne
366 1312 577 1367 tamen
623 1302 912 1367 animum
959 1303 1496 1388 despondeamus,
1542 1326 1706 1373 neve
1742 1306 1902 1371 adeo
1938 1308 2165 1373 molles

254 1401 309 1456 et
365 1387 716 1453 effeminati
778 1389 1000 1467 simus,
1077 1398 1150 1454 ιιι
1207 1400 1352 1473 post
1422 1412 1625 1456 unum
1703 1403 1815 1457 ant
1885 1392 2162 1459 alterum

255 1475 549 1561 praelium
622 1484 930 1556 tanquam
1002 1475 1254 1541 emeriti
1323 1475 1561 1543 milites
1626 1477 1706 1542 ab
1771 1478 2165 1563 imperatore

247 1559 640 1627 vacationem
688 1558 958 1642 adipisci
1003 1563 1373 1645 cupiamus:
1434 1561 1546 1628 sed
1591 1563 1809 1646 potins
1870 1566 2164 1632 norimus

249 1649 433 1712 vitam
489 1652 902 1729 praesentem
966 1666 1094 1712 non
1141 1658 1393 1712 tantum
1440 1669 1585 1713 oum
1631 1649 1841 1715 stadio
1885 1653 2163 1735 quodam

241 1732 507 1800 conferri
564 1729 736 1814 quod
798 1733 1000 1797 semel
1060 1733 1390 1818 ingressos
1451 1744 1744 1817 oporteat
1803 1735 2161 1821 decurrere,

241 1820 341 1884 sed
387 1837 536 1882 cum
583 1816 752 1883 bello
796 1818 1120 1897 continue,
1166 1828 1232 1885 et
1276 1821 1585 1903 quamdiu
1629 1821 1987 1891 vixerimus
2034 1850 2164 1893 non

239 1902 530 1969 finiendo.
585 1901 720 1967 Nos
760 1904 976 1986 itaque
1020 1904 1237 1988 potius
1281 1904 1559 1971 sublatis
1598 1908 1669 1971 in
1714 1910 1966 1975 coelum
2012 1934 2163 1979 ocu-

238 1991 326 2067 lis,
372 2000 436 2053 et
479 1990 651 2053 iacta
695 1988 782 2053 ibi
831 1990 1133 2069 anchora,
1191 1993 1485 2058 laborum
1532 1993 1731 2059 finem
1774 2002 1841 2060 et
1883 1999 2165 2080 quietem

237 2084 701 2159 exspectemus.
795 2073 969 2141 Sane
1015 2076 1198 2142 Deus
1264 2077 1615 2160 aliquando
1681 2079 1868 2147 nobis
1932 2084 2001 2149 in
2061 2086 2165 2150 his

233 2162 417 2226 terris
462 2158 792 2242 quaedam
837 2161 972 2227 otia
1015 2163 1201 2228 facit:
1249 2163 1361 2228 sed
1409 2172 1661 2229 tantum
1725 2177 1795 2231 ut
1840 2172 2165 2237 renovatis

235 2247 479 2311 viribus
543 2244 894 2311 alacriores
965 2247 1046 2311 ad
1107 2250 1425 2330 praelium
1489 2251 1870 2320 accedamus
1927 2255 2164 2321 Deum·

228 2355 343 2415 que
389 2351 790 2415 quocunque
834 2336 1167 2398 vocaverit
1211 2336 1392 2418 sequi
1439 2338 1650 2418 parati
1693 2338 1915 2406 simus.

391 2418 612 2482 Porro
673 2417 742 2479 in
807 2415 1005 2482 Saule
1064 2432 1334 2502 apparet
1391 2442 1520 2486 non
1590 2444 1729 2488 esse
1795 2424 2166 2494 hominibus

223 2521 633 2588 magnopere
692 2502 1025 2568 fidendum
1096 2526 1296 2587 quum
1362 2507 1747 2591 plerumque
1814 2520 1880 2575 et
1941 2512 2165 2578 incon-

222 2598 469 2654 stantes
519 2597 592 2653 et
638 2587 865 2669 perfidi
913 2591 1339 2673 reperiantur,
1399 2595 1519 2658 etsi
1567 2595 1917 2661 amicitiam
1963 2599 2167 2664 simu-

221 2675 372 2754 lent,
448 2683 520 2740 et
577 2694 735 2757 prae
795 2695 864 2738 se
925 2675 1155 2741 ferant.
1244 2677 1413 2742 Nam
1475 2679 1770 2746 videmus
1825 2683 2165 2765 Davidem,

217 2782 408 2843 quem
458 2770 623 2824 ante
661 2757 823 2825 Saul
868 2763 1088 2845 magni
1132 2763 1391 2842 fecerat,
1436 2773 1500 2829 et
1539 2767 1713 2830 servi
1749 2768 1953 2850 ipsius
1989 2790 2166 2836 ama-

221 2847 379 2912 bant
423 2856 498 2910 et
546 2846 796 2910 honore
841 2845 1224 2929 afficiebant,
1267 2850 1397 2914 iam
1445 2852 1507 2914 in
1554 2850 1775 2916 odium
1822 2864 1887 2918 et
1923 2852 2164 2934 Saulis,

212 2942 278 2996 et
320 2952 686 2997 servorum
729 2930 937 3013 ipsius
984 2935 1225 3012 venire,
1285 2934 1557 3001 consilia
1602 2936 1681 3003 de
1724 2938 1930 3021 ipsius
1973 2940 2168 3007 caede

213 3021 388 3083 inter
448 3038 526 3082 se
589 3016 774 3095 inire,
832 3019 1159 3084 neminem
1215 3020 1297 3084 ad
1343 3021 1560 3103 ipsum
1605 3025 2049 3091 excusandum
2094 3049 2166 3093 os

209 3103 495 3187 aperire.
602 3101 795 3167 Solus
862 3103 1269 3170 Ionathanus
1313 3103 1535 3173 Saulis
1593 3108 1769 3173 filius
1827 3112 2046 3178 miseri
2102 3124 2169 3178 et

206 3189 603 3255 innocentis
667 3207 931 3284 causam
1008 3191 1199 3256 audet
1266 3190 1632 3269 defendere,
1713 3195 2038 3281 fidemque
2104 3208 2169 3263 et

203 3276 411 3340 animi
464 3274 1084 3358 magnanimitatem
1121 3277 1417 3343 retinere.
1469 3278 1661 3345 Unde
1697 3292 1965 3366 apparet
2000 3285 2166 3366 qnod

202 3376 360 3427 ante
405 3358 584 3437 dixi,
649 3378 778 3423 non
838 3361 1142 3427 omnibus
1202 3362 1573 3430 hominibus
1617 3386 1757 3432 esse
1801 3367 2166 3435 fidendum:

201 3446 377 3530 quod
431 3443 673 3509 David
717 3444 856 3527 ipse
901 3443 1131 3512 doctus
1176 3449 1579 3531 experientia
1623 3451 1809 3518 docet
1853 3474 2001 3520 nos:
2073 3456 2171 3521 Ne

198 3531 584 3598 hominibus
624 3529 813 3611 fidite,
858 3530 1085 3613 inquit,
1132 3534 1199 3597 in
1243 3533 1467 3616 quibus
1510 3537 1686 3601 nulla
1726 3539 1902 3620 fides.
1964 3542 2169 3606 Davi-

199 3619 300 3683 dis
349 3628 601 3683 autem
649 3615 965 3697 patientia
1025 3616 1411 3684 documento
1457 3622 1598 3697 erit,
1660 3644 1788 3687 non
1837 3624 2169 3692 fidendum

193 3706 438 3771 amicis
489 3701 848 3779 simulatis,
894 3703 1004 3783 qui
1042 3702 1199 3768 dum
1246 3726 1550 3788 prospera
1586 3709 1844 3773 fortuna
1878 3712 2172 3786 >fruemur

195 3790 590 3863 arrideant,
661 3786 733 3851 in
792 3785 986 3853 rebus
1039 3810 1076 3854 a
1171 3792 1335 3855 ustis
1393 3801 1458 3855 et
1500 3792 1766 3859 incertis
1831 3795 2169 3862 deserant:

188 3876 370 3960 quod
406 3893 631 3957 saepe
669 3874 1036 3938 usuvenire
1059 3895 1131 3940 so
1159 3889 1257 3940 et:
1294 3877 1404 3942 sed
1443 3878 1511 3942 in
1538 3878 1681 3943 Deo
1701 3900 1882 3963 spem
1908 3901 2169 3947 omnem

192 3970 514 4027 nostram
588 3977 1000 4041 reponamus.
1106 3960 1241 4042 Qui
1299 3962 1353 4026 si
1417 3964 1616 4029 semel
1676 3985 1796 4031 nos
1855 3967 1921 4030 in
1981 3988 2165 4032 suam

183 4047 487 4112 tutelam
545 4050 620 4108 et
665 4044 1028 4110 clientelam
1074 4048 1407 4130 receperit,
1467 4070 1551 4113 ne
1595 4049 1967 4118 dubitemus
2012 4054 2167 4136 quin

181 4135 496 4216 ipsemet
551 4128 745 4194 nobis
790 4130 857 4194 in
903 4132 1099 4197 rebus
1141 4132 1405 4198 incertis
1452 4134 1693 4201 amicos
1740 4138 1998 4218 excitet,
2058 4140 2168 4221 qui

177 4228 512 4285 nostram
587 4215 1032 4281 innocentiam
1093 4227 1419 4300 tueantur,
1478 4230 1544 4286 et
1598 4221 1844 4286 auxilio
1905 4225 2168 4289 iuvent:

180 4300 785 4388 quemadmodum
838 4302 1075 4367 Davidi
1124 4303 1557 4371 Ionathanum
1618 4316 1969 4390 patronum
2028 4332 2170 4376 sus-

170 4393 449 4456 citavit.
527 4387 716 4453 Nam
762 4387 1168 4453 Ionathanus
1213 4390 1491 4457 Davidis
1533 4412 1795 4458 causam
1841 4395 2010 4477 apud
2061 4417 2169 4477 pa·

170 4488 352 4542 trem
412 4495 648 4541 ausus
693 4492 904 4557 agere,
950 4494 1091 4540 sese
1135 4477 1201 4540 in
1249 4496 1560 4561 magnum
1608 4479 1973 4561 periculum
2021 4501 2172 4546 con·

167 4564 356 4628 iecit.
475 4558 780 4624 Videbat
823 4560 996 4624 enim
1058 4572 1306 4643 patrem
1366 4583 1481 4644 per
1537 4564 1886 4630 intervalla
1953 4567 2173 4632 surore

164 4650 458 4733 agitari,
565 4656 639 4708 et
719 4656 1022 4728 tanquam
1105 4648 1454 4713 fanaticum
1519 4649 1850 4714 hominem
1929 4653 2174 4718 rabiem

165 4756 376 4799 suam
451 4732 901 4813 despumare:
963 4753 1163 4814 quare
1221 4753 1418 4814 quum
1478 4734 1676 4799 audet
1732 4735 1828 4799 illi
1891 4740 2172 4820 turpitu-

161 4822 416 4886 dinem
505 4818 680 4882 facti
747 4817 827 4881 ob
891 4818 1110 4882 oculos
1179 4840 1433 4900 ponere,
1515 4830 1580 4884 et
1647 4824 1859 4902 ipsum
1925 4831 2175 4906 patrem

163 4928 514 4992 arguere,
577 4924 710 4966 non
760 4904 1029 4969 dubium
1077 4918 1175 4968 est
1219 4905 1377 4988 quin
1424 4926 1493 4972 se
1538 4907 1607 4969 in
1656 4909 1886 4972 mortis
1933 4909 2176 4991 pericu·

2264 629 2360 679 est
2406 636 2549 679 eam
2597 614 2979 680 defendere:
3039 634 3170 679 non
3232 619 3483 678 tantum
3547 633 3667 677 sua
3721 613 3924 694 ipsius
3968 612 4037 676 vi
4082 615 4196 680 sed

2263 701 2591 765 suscitatis
2674 700 2869 764 etiam
2952 699 3270 765 creaturis
3346 708 3415 765 et
3478 698 3852 764 hominibus
3916 718 4194 782 quorum

2264 786 2504 850 auxilio
2551 787 2868 864 iuvemur,
2917 795 3110 869 prout
3152 785 3277 867 ipsi
3319 783 3676 867 placuerit:
3735 795 3800 849 et
3844 782 4096 866 quibus,
4142 787 4197 852 si

2263 871 2427 935 forte
2474 872 2912 953 periculorum
2957 868 3409 957 magnitudine
3454 879 3877 946 terrerentur,
3942 876 4010 934 et
4053 871 4198 936 ani-

2265 978 2403 1022 mos
2475 967 2542 1020 et
2601 958 2774 1022 vires
2833 957 3128 1035 sufficiat,
3196 956 3431 1039 quibus
3488 975 3715 1021 omnes
3782 955 4198 1023 difficultates

2266 1051 2590 1124 superent,
2652 1054 2718 1107 et
2764 1064 2880 1109 nos
2927 1063 3261 1126 nunquam
3310 1039 3632 1122 deserant,
3678 1040 3792 1107 sed
3834 1041 3975 1126 ipso
4020 1042 4198 1109 vitae

2266 1150 2420 1194 suae
2480 1129 2769 1213 periculo
2815 1140 3187 1195 constanter
3231 1127 3561 1193 adiuvent.
3650 1126 3796 1194 Hoc
3836 1127 4056 1212 itaque
4099 1139 4200 1194 est

2266 1213 2764 1291 observandum,
2812 1236 3011 1297 quum
3057 1214 3298 1280 dicitur
3338 1212 3517 1279 solus
3550 1212 3953 1279 Ionathanus
3999 1234 4198 1280 ausus

2268 1301 2467 1365 fuisse
2534 1299 2815 1365 Davidis
2893 1300 3330 1367 innocentiam
3424 1297 3595 1382 apud
3672 1305 3923 1382 patrem
4007 1300 4197 1364 tueri.

2269 1384 2400 1451 Sed
2464 1396 2801 1469 praeterea
2868 1386 3232 1451 notandum
3298 1384 3740 1450 Ionathanum
3807 1405 3935 1449 non
4004 1406 4200 1469 agere

2272 1470 2548 1537 Davidis
2593 1492 2855 1538 causam
2901 1482 3212 1555 tanquam
3251 1470 3625 1554 supplicem,
3673 1470 4058 1554 veniamque
4097 1472 4203 1536 de·

2268 1570 2665 1642 precantem,
2726 1556 2840 1623 sed
2900 1557 3106 1642 ipsius
3165 1558 3607 1623 innocentiam
3665 1559 3954 1639 graviter
4011 1559 4201 1637 tueri,

2267 1653 2652 1730 patremque
2695 1644 2909 1727 ipsum
2952 1642 3372 1726 crudelitatis,
3417 1642 3912 1727 ingratitudinis
3955 1656 4019 1709 et
4063 1664 4201 1709 ma·

2265 1732 2442 1797 litiae
2487 1749 2807 1795 accusare.
2898 1729 3151 1813 Magna
3208 1730 3330 1795 fuit
3387 1728 3588 1812 igitur
3633 1727 3974 1793 Ionathani
4019 1728 4200 1807 fides,

2266 1827 2331 1885 et
2386 1818 2683 1884 sincerus
2728 1813 2988 1881 candor.
3077 1814 3247 1880 Nam
3305 1814 3361 1880 si
3405 1813 3677 1897 supplex
3724 1822 3981 1879 tantum
4024 1816 4196 1899 patri

2265 1904 2476 1969 factus
2519 1899 2844 1966 Davidem
2889 1900 3014 1984 ipsi
3059 1901 3405 1967 conciliare
3438 1897 3812 1978 studuisset,
3858 1899 4196 1965 hominum

2268 2010 2465 2068 more,
2512 1988 2846 2070 vitamque
2891 1985 3246 2069 deprecari,
3307 1996 3374 2050 et
3418 1985 3497 2050 ad
3546 1984 3747 2067 patris
3792 1985 4195 2051 voluntatem

2267 2096 2580 2153 annuere,
2655 2081 2724 2137 et
2782 2070 2926 2136 vela
2983 2070 3458 2156 quodammodo
3518 2071 3736 2136 ventis
3801 2071 4195 2154 permittere,

2267 2162 2583 2243 faterique
2624 2157 2951 2224 Davidem
2997 2156 3260 2240 quidem
3308 2177 3489 2222 reum
3528 2176 3688 2237 esse,
3732 2155 3848 2222 sed
3877 2156 4197 2223 utendum

2269 2268 2426 2331 erga
2459 2246 2677 2328 ipsum
2724 2243 3199 2323 misericordia,·
3241 2250 3315 2308 ut
3359 2242 3576 2307 solent
3618 2241 3812 2308 aulici
3856 2263 4087 2327 regum
4134 2252 4199 2307 et

2269 2333 2635 2418 principum
2681 2349 2873 2395 aures
2917 2328 3277 2395 istiusmodi
3324 2329 3666 2394 verborum
3711 2328 4049 2394 lenociniis
4094 2328 4197 2394 de·

2269 2418 2571 2496 mulcere,
2636 2425 2702 2481 et
2766 2416 2970 2481 iratos
3036 2415 3326 2499 placare,
3398 2422 3470 2481 ιιι
3530 2434 3666 2477 non
3732 2415 3998 2481 omnino
4056 2435 4201 2479 reos

2271 2502 2722 2583 condemnent,
2764 2501 2876 2567 sed
2925 2512 3142 2566 tamen
3186 2497 3429 2585 aliquid
3475 2509 3547 2564 ιιι
3584 2521 3809 2566 verum
3846 2498 4202 2567 concedant

2272 2589 2440 2673 quod
2489 2587 2619 2653 illis
2653 2587 2866 2652 malus
2900 2588 3160 2652 animus
3196 2596 3422 2652 contra
3456 2606 3647 2651 omne
3682 2587 3784 2651 ius
3820 2594 3885 2651 et
3921 2605 4200 2670 aequum

2273 2674 2636 2744 dictaverit.
2725 2672 2908 2737 Nihil
2940 2673 3019 2737 ·in
3067 2671 3430 2737 Ionathano
3475 2671 3719 2737 simile:
3778 2691 3969 2755 quem
4015 2671 4202 2737 Deus

2272 2768 2494 2828 sancto
2538 2778 2657 2825 suo
2701 2759 2929 2838 spiritu
2976 2759 3068 2824 sic
3104 2757 3293 2836 rexit,
3339 2766 3413 2822 ut
3455 2757 3664 2823 fidelis
3699 2757 3889 2824 amici
3934 2756 4203 2824 functus

2272 2849 2359 2915 sit
2413 2846 2645 2913 officio.
2733 2844 2901 2908 Nam
2964 2864 3196 2927 parum
3239 2852 3377 2908 erat
3422 2842 3661 2909 Davidi
3707 2843 3906 2908 vitam
3951 2842 4202 2923 donari,

2273 2935 2327 3002 si
2386 2930 2665 2998 dedecus
2729 2939 2794 2995 et
2862 2929 3223 3014 ignominia
3281 2927 3379 2994 illi
3432 2927 3662 2994 fuisset
3725 2930 4020 3006 conflata,
4092 2930 4203 3012 qui

2273 3018 2546 3086 summis
2621 3015 2978 3081 honoribus
3045 3014 3279 3081 merito
3345 3027 3485 3079 erat
3549 3013 3947 3079 afficiendus.
4058 3015 4202 3078 Vae

2273 3105 2469 3181 enim,
2526 3103 2615 3166 ait
2658 3102 2995 3185 propheta,
3055 3100 3294 3167 dicenti
3341 3099 3583 3165 bonum
3629 3119 3769 3163 esse
3811 3097 4077 3179 malum,
4135 3109 4204 3164 et

2273 3190 2522 3256 malum
2584 3208 2724 3253 esse
2769 3186 3030 3265 bonum,
3089 3186 3427 3267 lucemque
3470 3185 3538 3248 in
3585 3185 3886 3250 tenebras
3930 3204 4202 3251 conver·

2273 3276 2459 3341 tenti.
2549 3272 2771 3354 Quare
2826 3273 2883 3337 si
2925 3271 3337 3337 Ionathanus
3394 3280 3652 3335 tantum
3696 3268 3937 3335 Davidi
3997 3271 4198 3336 vitam

2273 3381 2536 3428 servare
2591 3359 2963 3436 studuisset,
3021 3368 3087 3423 et
3132 3356 3314 3424 Sauli
3374 3356 3541 3441 patri
3601 3355 3904 3421 adulatus
3948 3375 4203 3422 conoes-

2270 3450 2460 3515 sisset
2504 3457 2754 3529 partem
2798 3463 3023 3509 eorum
3067 3463 3233 3526 quae
3291 3441 3370 3509 de
3410 3441 3671 3508 Davide
3714 3441 4202 3520 criminabatur,

2271 3542 2522 3601 certum
2570 3540 2668 3596 est
2703 3530 2896 3595 amici
2939 3549 3201 3595 causam
3238 3528 3438 3594 fnisse
3475 3527 3904 3611 proditurum,
3951 3538 4016 3592 et
4051 3527 4204 3594 licet

2271 3620 2396 3704 ipsi
2441 3619 2740 3692 amicum,
2787 3615 2933 3683 Deo
2969 3625 3188 3680 tamen
3230 3614 3616 3679 iniuriosum
3655 3614 3851 3679 fuisse
3886 3612 4201 3678 futurum.

2271 3709 2365 3772 At
2399 3726 2530 3769 non
2568 3703 2737 3767 tanti
2773 3710 2913 3767 erat
2950 3714 3158 3785 neque
3197 3710 3327 3766 tam
3366 3700 3651 3849 gratiosa
3688 3696 3964 3764 Davidis
4007 3720 4203 3783 quam

2272 3791 2395 3856 Dei
2443 3807 2666 3856 causa:
2712 3788 2929 3870 itaque
2971 3785 3134 3852 bene
3172 3785 3365 3851 Ionat
3415 3804 3580 3850 anus
3618 3782 3896 3850 Davidis
3939 3806 4203 3850 causam

2273 3879 2364 3942 ita
2422 3895 2640 3941 coram
2685 3884 2871 3957 patre
2914 3873 3069 3956 agit,
3127 3880 3202 3937 ut
3258 3872 3543 3937 maxime
3585 3872 3726 3935 iure
3771 3884 3836 3934 et
3880 3871 4205 3953 aequitate

2274 3964 2536 4026 nitatur.
2626 3958 2848 4041 Quare
2906 3958 3415 4041 quotiescunque
3472 3954 3708 4022 iudicio
3754 3965 3818 4021 et
3862 3956 4204 4022 sententiis

2272 4047 2513 4131 iniquis
2573 4065 2913 4128 oppressos
2976 4044 3321 4108 autoritate
3382 4052 3606 4107 nostra
3648 4043 3875 4106 iuvare
3919 4041 4204 4107 volueri-

2272 4155 2439 4212 mus,
2497 4152 2626 4197 non
2690 4140 2942 4195 tantum
2999 4128 3363 4195 habendam
3406 4148 3723 4210 personae
3767 4129 4053 4209 ipsorum
4101 4149 4204 4191 ra·

2273 4220 2518 4285 tionem
2563 4217 2860 4295 sciamus,
2922 4223 2994 4282 ιιι
3052 4215 3226 4280 vitae
3282 4215 3568 4296 ipsorum
3630 4212 4027 4290 consulatur,
4089 4210 4200 4277 sed

2273 4305 2556 4370 maxime
2599 4323 2854 4378 causae,
2910 4321 3101 4384 quam
3147 4321 3266 4385 pro
3309 4308 3531 4365 nostra
3576 4297 3753 4363 virili
3797 4298 3965 4362 tueri
4012 4295 4201 4362 debe·

2276 4410 2449 4456 mus:
2518 4410 2603 4453 ne
2671 4388 2855 4453 nobis
2920 4385 3088 4453 idem
3157 4385 3328 4469 quod
3391 4386 3604 4451 Pilato
3669 4384 4024 4466 contingat,
4092 4383 4204 4466 qui

2276 4477 2613 4543 Christum
2661 4472 2918 4557 quidem
2966 4494 3044 4536 ex
3093 4470 3393 4538 manibus
3439 4469 3828 4536 Iudaeorum
3921 4467 3987 4531 ui
4033 4488 4205 4533 mor·

2278 4573 2406 4628 tem
2468 4560 2670 4643 ipsius
2728 4557 3168 4643 procurabant
3224 4558 3473 4640 eripere
3530 4556 3755 4630 voluit,
3816 4574 3847 4618 s
3982 4559 4203 4617 tamen

2279 4647 2539 4713 nonnisi
2583 4645 2943 4730 ignominia
2986 4644 3237 4728 publica
3283 4643 3607 4708 affectum.
3695 4638 3827 4706 Sed
3872 4639 4014 4703 Deo
4067 4637 4205 4720 pla-

2279 4755 2424 4801 cere
2461 4753 2589 4796 non
2622 4741 2835 4814 potest
2868 4729 3185 4795 eiusmodi
3225 4727 3580 4793 simulatio:
3617 4747 3814 4810 quare
3851 4725 4203 4790 amicorum

2281 4820 2849 4904 proximorumque
2893 4814 3246 4881 commodis
3291 4825 3355 4877 et
3404 4811 3675 4877 utilitati
3719 4808 4056 4877 studentes
4101 4829 4205 4874 ca-

2281 4925 2434 4971 vere
2493 4902 2802 4968 debemus
2861 4922 2942 4966 ne
2986 4900 3297 4967 dedecore
3338 4900 3516 4980 ipsos
3561 4896 3727 4962 affici
3774 4898 4080 4975 sinamus,
4140 4905 4210 4961 et

159 4996 310 5059 lum
369 4990 799 5058 coniecerit:
849 5011 922 5056 ac
969 4989 1240 5072 proinde
1273 4992 1534 5074 speciali
1579 4993 1698 5056 Dei
1737 4994 1948 5076 gratia
1987 4995 2183 5060 fuerit
2283 5014 2363 5057 ne
2407 5010 2640 5056 causae
2682 4990 2969 5070 ipsorum
3018 4987 3404 5070 aequitatem
3450 4990 3795 5065 praetextu
3839 4982 4012 5046 vitae
4056 5001 4209 5047 con·

157 5082 498 5155 adiutus,
579 5086 653 5138 et
697 5086 924 5142 sancto
973 5076 1178 5159 ipsius
1224 5077 1457 5159 spiritu
1503 5079 1942 5145 confirmatus.
2035 5081 2182 5147 Hoc

156 5188 292 5233 nos
347 5165 588 5232 decet
637 5162 898 5238 imitari,
947 5175 1011 5226 et
1060 5162 1181 5225 Dei
1228 5163 1429 5226 fretos
1474 5165 1738 5241 auxilio,
1787 5165 1966 5231 nulla
2012 5169 2184 5231 refu·

153 5274 336 5337 gere
411 5247 768 5333 pericula,
831 5248 976 5313 Deo
1037 5247 1214 5312 hunc
1275 5248 1584 5315 honorem
1646 5250 2050 5329 exhibentes,
2113 5262 2184 5317 ut

394 5352 670 5415 Calvia
701 5366 890 5418 opera.
969 5352 1088 5406 Vol.
1125 5351 1318 5405 XXX.

2230 5182 2241 5296 l

2283 5074 2646 5144 servandae
2730 5074 3095 5157 prodamus,
3184 5080 3297 5135 aut
3383 5068 3657 5152 pedibus
3737 5066 4208 5146 conculcemus,

2283 5162 2694 5228 mendacium
2741 5173 2806 5223 et
2865 5158 3269 5241 iniquitatem
3326 5155 3764 5238 improborum
3813 5152 4016 5219 veluti
4062 5176 4219 5219 nos-

2288 5257 2389 5315 tro
2434 5246 2680 5313 calculo
2726 5246 3179 5329 approbantes.
3749 5342 3820 5397 20
