5059 6059
272 232 396 300 573

273 422 427 488 dum
496 423 713 506 ipsum
793 441 937 487 esse
1006 418 1306 486 videmus
1372 419 1642 489 Domini
1721 421 1878 487 Iesu
1957 419 2214 488 Christi

273 509 687 576 imitatorem.
771 508 866 573 Et
921 505 1077 572 alibi
1139 527 1260 572 nos
1317 506 1503 573 iubet
1557 507 1755 574 fidem
1814 508 2020 591 ipsius
2062 508 2214 571 imi-

274 595 427 661 tari:
474 615 556 660 ne
597 595 905 660 aberrent
948 593 1249 658 homines
1272 601 1338 657 et
1372 604 1622 660 temere
1655 593 1854 659 huius
1891 593 1996 659 vel
2036 592 2213 658 illius

273 681 572 765 exempla
613 680 975 746 imitentur.
1021 677 1373 745 Caeterum
1401 701 1609 763 quum
1630 679 2214 747 excellentissimos

270 779 336 833 et
382 766 835 832 sanctissimos
877 765 1008 832 Dei
1064 784 1291 830 servos
1348 768 1782 850 conspicimus
1845 774 1978 830 tam
2025 763 2214 830 facile

273 854 337 917 in
382 852 610 918 multis
656 852 888 936 lapsos,
950 870 1379 934 agnoscamus
1422 872 1542 918 nos
1586 853 1698 935 qui
1740 852 1937 936 longe
1979 870 2211 916 sumus

271 937 633 1022 fragiliores
676 949 978 1021 oportere
1016 937 1264 1002 maiore
1297 938 1515 1003 studio
1559 937 1702 1015 uiti,
1750 958 1835 1002 ne
1880 937 1952 1001 in
1995 935 2209 1002 istius-

271 1024 443 1090 modi
488 1025 654 1089 vitia
696 1022 1084 1107 praecipites
1124 1023 1448 1089 feramur:
1505 1023 1854 1107 Deumque
1899 1023 2070 1088 votis
2112 1043 2214 1087 ar-

271 1110 672 1176 dentioribus
717 1129 1076 1193 precemur,
1120 1119 1195 1174 ut
1239 1129 1356 1175 nos
1396 1120 1624 1175 sancto
1666 1129 1784 1176 suo
1827 1107 2063 1191 spiritu
2109 1128 2211 1173 re-

271 1207 398 1280 gat,
454 1206 525 1261 et
587 1196 660 1260 in
720 1196 964 1262 nostris
1007 1193 1310 1263 cordibus
1344 1207 1605 1261 tantum
1651 1215 1808 1260 suae
1851 1195 2211 1259 maiestatis

268 1284 568 1348 timorem
606 1280 953 1364 insculpat,
1000 1290 1077 1346 ut
1097 1300 1323 1348 veram
1346 1283 1412 1346 in
1437 1281 1736 1347 omnibus
1777 1279 2208 1347 obedientiam

267 1368 393 1451 ipsi
485 1368 886 1445 raebeamus,
947 1388 1030 1433 ne
1082 1367 1154 1432 in
1214 1369 1477 1433 inanem
1533 1366 1858 1452 quandam
1904 1367 2212 1449 pietatem

268 1466 331 1519 et
395 1475 432 1520 o
483 1453 744 1518 ristiani
805 1453 1093 1519 nominis
1152 1452 1402 1519 larvam
1472 1474 1629 1537 prae
1688 1452 1872 1518 nobis
1930 1452 2214 1518 ferentes

263 1539 637 1617 efferamur,
695 1549 765 1604 et
822 1540 890 1604 in
948 1548 1250 1606 nostrum
1307 1540 1583 1605 exitium
1639 1548 1778 1604 tam
1836 1536 2213 1603 venerando

262 1624 455 1691 titulo
514 1625 896 1691 abutamur:
956 1624 1069 1691 sed
1127 1626 1350 1708 potius
1390 1626 1462 1690 in
1522 1629 1756 1690 timore
1801 1634 1869 1689 et
1902 1623 2211 1706 simplici-

262 1720 398 1777 tate
442 1710 515 1775 in
561 1720 790 1777 nostra
849 1713 1128 1794 quisque
1173 1712 1513 1778 vocatione
1555 1710 1951 1790 incedamus,
2010 1709 2215 1775 donec

258 1796 459 1947 pilene
513 1796 720 1881 ipsius
778 1797 1033 1862 iustitia
1097 1797 1481 1875 induamur,
1550 1795 1633 1861 ad
1694 1815 1888 1879 quam
1949 1806 2215 1861 conten-

311 1901 506 1948 imus.

430 1966 580 2034 Iam
625 1989 782 2034 vero
824 1970 1020 2053 agite,
1061 1973 1167 2036 etc.

812 2398 1311 2482 HOMILIA
1358 2399 1635 2482 XCIII
1642 2448 1657 2463 ·

980 2533 1180 2600 OAP.
1226 2532 1493 2601 xxvl.

434 2740 492 2807 1.
540 2739 1286 2822 Etvonmmziphaei
1340 2741 1429 2807 ad
1485 2740 1759 2807 Saulin
1806 2739 2052 2819 Gabaa,
2106 2741 2205 2807 di·

246 2831 489 2893 oevdes:
546 2826 707 2892 Ecce
748 2825 972 2892 David
1012 2826 1411 2893 absconditus
1465 2832 1554 2893 est
1603 2829 1673 2892 in
1709 2827 1862 2894 colle
1904 2825 2207 2906 Hachiza,

249 2914 370 2996 qui
404 2917 498 2979 est
536 2933 615 2978 w
657 2912 918 2978 adverso
959 2911 1339 2979 solitudinis.
1430 2913 1491 2979 2.
1551 2913 1642 2978 Et
1697 2915 1979 2979 surrexit
2024 2911 2205 2988 Saul,

246 2998 661 3066 damandi&
714 2998 786 3062 in
842 2998 1152 3063 desertum
1200 2997 1386 3081 Ziph,
1436 2999 2207 3066 etcumeom‘amillia

248 3086 542 3150 viror-nom
583 3085 661 3151 de
716 3082 917 3150 electis
961 3084 1189 3164 Israel,
1243 3090 1317 3148 ut
1352 3091 1668 3169 quaereret
1726 3084 1948 3152 David
1986 3086 2058 3150 in
2100 3086 2206 3151 de·-

246 3175 420 3238 serto
466 3170 652 3252 Ziph.
741 3169 801 3235 3.
865 3168 956 3234 Et
995 3175 1469 3237 meorumnam
1522 3176 1612 3237 est
1656 3169 1817 3236 Saul
1858 3173 1929 3237 in
1975 3170 2204 3237 Gabaa

250 3255 557 3338 Hachila,
601 3275 764 3339 quae
807 3260 944 3322 erat
983 3276 1063 3321 ex
1098 3258 1359 3323 adverso
1392 3257 1754 3323 solitudinis
1795 3258 2026 3325 invia.-
2068 3256 2205 3322 Da-

246 3342 617 3409 vidawtem
673 3341 989 3407 habitabat
1043 3343 1413 3409 indecor-to.
1515 3342 2206 3425 Vidmamenquod

246 3429 525 3494 venisset
569 3427 731 3493 Sma
775 3433 927 3511 poet
966 3448 1034 3493 66
1075 3430 1147 3493 in
1188 3430 1517 3509 desertam,
1576 3429 1637 3494 4.
1685 3429 1879 3497 Mssa
1917 3429 2207 3512 explora-

243 3521 432 3593 tores,
476 3519 535 3579 et
573 3515 803 3581 didicit
845 3514 1010 3596 quod
1050 3514 1316 3580 venisset
1361 3516 1720 3580 certissime.
1809 3517 1870 3582 5.
1932 3514 2023 3580 Et
2061 3534 2204 3580 sur·

242 3600 705 3677 rexitDavid,
752 3598 2205 3684 etvbnitadzowmubieratsaul:qum

242 3706 375 3771 que
414 3687 675 3752 vidisset
732 3686 930 3752 locum
985 3687 1058 3751 in
1114 3706 1235 3768 quo
1277 3686 1619 3751 definiebat
1662 3685 1842 3771 Saul,
1895 3691 1950 3752 et
1991 3686 2208 3753 Abner

241 3772 435 3856 filisu-s
496 3771 665 3855 Ner,
737 3773 1035 3853 princeps
1104 3771 1374 3836 militiae
1438 3772 1578 3836 eius
1643 3778 1700 3838 et
1754 3770 2012 3838 Saulem
2068 3774 2209 3840 dor-

244 3859 542 3925 mientem
583 3859 657 3922 in
700 3857 974 3936 tentorio,
1019 3862 1076 3921 et
1116 3856 1432 3939 reliquum
1465 3857 1689 3940 vulqus
1719 3878 1845 3941 per
1878 3858 2208 3926 circuitm

246 3946 414 4024 eius,
456 3945 519 4009 6.
567 3941 686 4008 Ait
727 3943 954 4009 David
994 3943 1082 4010 ad
1125 3940 1515 4009 Achimeleeh
1559 3942 1910 4009 Hethaeum
1952 3950 2008 4009 et
2047 3944 2205 4010 Abi-

247 4031 364 4096 sai
398 4029 612 4111 filium
637 4026 931 4107 Saruiae,
965 4030 1233 4111 fratrem
1257 4027 1431 4109 Ioab,
1474 4029 1686 4095 dicens
1701 4054 1721 4095 .·
1770 4030 1928 4111 Quis
1959 4031 2207 4097 desuem

249 4118 357 4183 det
397 4135 639 4183 mecum
682 4116 769 4179 ad
814 4113 975 4180 Saul
1016 4116 1087 4180 in
1125 4115 1386 4181 castra?
1427 4115 2022 4198 DixitqueAbisai:
2067 4116 2208 4202 qu

248 4203 633 4270 descendam
673 4206 890 4267 tecum,

440 4373 752 4438 Redeunt
826 4372 1014 4438 nobis
1073 4373 1139 4437 in
1203 4370 1326 4437 hac
1377 4370 1654 4438 historia
1700 4373 2209 4441 considerandae

248 4460 488 4527 variae
532 4461 932 4527 tentationes
975 4468 1043 4522 et
1089 4458 1268 4522 varia
1316 4456 1696 4525 discrimina
1731 4459 1965 4544 quibus
1993 4460 2209 4527 David

246 4555 615 4629 antequam
676 4545 759 4611 ad
814 4563 1093 4609 coronae
1150 4544 1620 4626 possessionem
1678 4547 1935 4612 veniret
1989 4548 2211 4631 exagi-

248 4644 444 4698 tatus
487 4640 619 4698 est:
675 4651 804 4716 quo
847 4627 1107 4714 quidem
1157 4630 1353 4694 etiam
1400 4639 1695 4714 tempore
1738 4652 1872 4698 non
1909 4632 2040 4697 fuit
2082 4653 2210 4697 un-

244 4719 599 4801 dequaque
662 4719 952 4802 quietus,
1026 4715 1139 4781 sed
1205 4715 1542 4780 meliorem
1613 4727 1834 4782 tamen
1901 4729 2211 4802 expertus

241 4801 702 4873 conditionem
747 4822 943 4887 quam
988 4813 1198 4879 antea,
1257 4800 1430 4883 quod
1475 4823 1605 4866 non
1656 4803 1818 4869 adeo
1860 4806 2212 4870 crudeliter

242 4889 608 4957 hominnm
632 4888 962 4955 consortio
982 4887 1216 4972 pulsus
1245 4888 1460 4953 fuerit.
1505 4887 1954 4955 Nihilominus
1990 4901 2207 4956 tamen

238 4997 415 5044 eum
439 4975 626 5041 Deus
665 4976 868 5042 variis
912 4974 1124 5040 modis
1159 4994 1464 5039 exercere
1495 4974 1722 5051 voluit,
1768 4974 1973 5040 donec
2017 4976 2212 5058 plane

240 5066 487 5131 hostes
522 5062 733 5145 ipsius
766 5061 1076 5127 exstincti
1114 5067 1354 5126 essent.
1399 5058 1554 5142 Ipse
1582 5081 1744 5131 ,vero
1779 5059 2097 5144 quomodo
2140 5083 2211 5126 se

240 5153 324 5217 in
395 5148 596 5214 tantis
659 5147 1149 5214 difficultatibus
1206 5148 1485 5229 gesserit
1539 5147 2042 5225 observandum,
2095 5168 2210 5212 ex—

1535 230 1634 297 IN
1679 228 1738 294 Ι.
1784 229 1963 297 Lm.
2010 231 2414 298 SAMUEL.
2462 231 2662 298 OAP.
2705 232 2971 299 XXVI.

4122 234 4253 300 574

2318 429 2624 504 spectans
2686 422 3242 505 opportunitatem
3306 423 3558 508 regiam
3625 422 4010 504 dignitatem
4072 441 4266 491 occu·

2362 505 2536 584 andi,
2582 525 2778 589 quam
2801 507 2989 573 Dens
3023 509 3420 588 decreverat,
3467 519 3534 575 et
3567 509 3733 574 nihil
3756 508 4074 575 adversus
4095 507 4265 576 Sau-

2343 612 2445 656 em
2493 592 2780 672 molitus,
2824 614 2968 660 sese
3011 594 3328 661 adversus
3371 595 3550 661 illius
3573 595 3707 663 vim
3746 595 4094 661 defendere
4116 615 4266 661 con-

2315 686 2558 744 tentus.

2487 763 2617 829 Hie
2701 764 2909 849 igitur
2989 765 3059 830 in
3140 765 3372 847 primis
3450 764 3612 831 illud
3692 768 4005 846 occurrit,
4086 765 4261 850 quod

2314 848 2589 931 Ziphaei
2638 851 2891 916 venisse
2934 851 3245 919 dicuntur
3289 852 3372 917 ad
3419 851 3689 918 Saulem
3735 851 4044 919 Gibham.
4090 853 4263 918 Nam

2315 934 2673 1001 verisimile
2719 947 2818 1002 est
2858 935 3148 1015 Saulem,
3209 938 3335 1003 nisi
3380 939 3823 1023 sollicitatum,
3884 960 4014 1004 non
4057 938 4263 1004 fuisse

2314 1031 2865 1104 persequuturum
2923 1044 3073 1089 eum
3129 1044 3321 1106 quem
3381 1025 3796 1091 innocentem
3851 1036 4261 1108 cognoverat,

2315 1117 2385 1172 et
2427 1107 2535 1173 cui
2578 1109 3023 1174 testimonium
3070 1110 3472 1193 integritatis
3531 1109 3688 1175 dare
3732 1125 3995 1177 coactus
4030 1111 4260 1177 fuerat.

2316 1191 2511 1273 Quod
2576 1195 2752 1257 enim
2812 1194 3140 1261 Davidem
3215 1195 3634 1279 impedierat,
3701 1198 4046 1279 quominus
4111 1217 4263 1262 eum

2315 1276 2594 1356 tolleret,
2638 1299 2840 1362 quum
2885 1283 2952 1345 in
2995 1301 3234 1348 manus
3274 1283 3479 1366 ipsius
3521 1281 3878 1366 incidisset,
3924 1283 4050 1348 nisi
4082 1293 4263 1348 recta

2314 1362 2736 1443 conscientia,
2781 1367 2964 1432 cuius
3009 1367 3148 1450 ipse
3191 1369 3380 1433 testis
3425 1378 3564 1433 erat
3607 1366 3822 1433 Saul?
3869 1368 4060 1435 Licet
4103 1388 4261 1451 ergo

2315 1449 2541 1515 furore
2598 1460 2936 1535 ageretur,
3005 1465 3227 1519 tamen
3284 1463 3546 1537 poterat
3597 1453 3925 1519 Davidem
3987 1455 4265 1521 missum

2317 1536 2562 1613 facere,
2631 1537 2890 1602 etiamsi
2946 1559 3074 1604 non
3135 1539 3279 1605 sine
3342 1548 3719 1623 contemptu
3785 1539 3991 1622 ipsius
4054 1542 4263 1607 fieret.

2316 1619 2583 1686 Sciebat
2625 1625 2799 1686 enim
2827 1623 3150 1690 Davidem
3175 1625 3339 1690 nihil
3364 1625 3719 1691 adversum
3751 1645 3822 1691 se
3858 1624 4262 1702 moliturum,

2317 1705 2575 1771 nullum
2635 1706 2880 1773 bollum
2935 1710 3422 1790 suscitaturum,
3483 1709 3597 1776 sed
3654 1713 3838 1776 tenui
3881 1721 3949 1776 et
3989 1711 4265 1796 ignobili

2317 1793 2458 1860 vita
2500 1802 2885 1859 contentum
2946 1795 3107 1875 fore,
3162 1796 3371 1863 donec
3413 1797 3598 1863 Deus
3655 1798 3893 1864 factam
3951 1797 4079 1881 ipsi
4122 1817 4266 1880 pro-

2319 1878 2695 1945 missionem
2742 1879 3162 1963 implevisset.
3205 1881 3456 1948 Verum
3502 1882 3943 1967 ecceZiphaei
3976 1882 4264 1951 secundo

2318 1964 2451 2029 iam
2496 1973 2607 2029 tan
2655 1985 2805 2031 uam
2842 1967 3103 2033 flabella
3143 1968 3420 2052 sopitam
3445 1966 3668 2035 Saulis
3699 1969 4020 2035 malitiam
4064 1970 4265 2035 susci·

2321 2058 2482 2115 tant.
2553 2047 2614 2115 O
2662 2061 2806 2117 erat
2846 2052 2960 2118 1116
3003 2053 3263 2137 quidem
3309 2054 3455 2119 odio
3509 2054 3876 2121 inveterato
3917 2054 4264 2134 Davidem,

2318 2156 2512 2220 quem
2550 2135 2759 2203 modis
2788 2138 3089 2206 omnibus
3111 2140 3513 2207 exstinctum
3539 2141 3860 2225 cupiebat,
3902 2141 4028 2208 etsi
4064 2141 4265 2224 probe

2318 2230 2512 2288 norat
2555 2222 2831 2290 electum
2872 2245 2914 2289 a
2957 2226 3101 2292 Deo
3144 2245 3397 2312 regem:
3442 2236 3898 2292 verumtamen
3936 2247 4262 2310 nusquam

2316 2308 2600 2392 legimus
2662 2309 2743 2375 ab
2786 2310 2933 2395 ipso
2975 2312 3211 2379 missos
3253 2310 3568 2378 satellites
3611 2312 3723 2396 qui
3759 2311 4006 2378 Davidi
4048 2324 4263 2378 strue-

2317 2405 2468 2459 rent
2530 2393 2836 2472 insidias,
2917 2407 3031 2463 aut
3093 2398 3303 2481 ipsius
3367 2399 3538 2465 facta
3602 2397 4039 2482 explorarent.
4128 2396 4262 2466 Sed

2316 2477 2588 2563 ziphaei
2632 2481 2807 2546 ultro
2830 2483 3157 2550 Davidem
3200 2485 3270 2549 in
3315 2505 3437 2551 sua
3481 2485 3749 2568 regione
3793 2484 4106 2553 latentem
4152 2484 4265 2549 de-

2319 2566 2559 2632 ferunt.
2598 2564 2731 2634 Hic
2764 2568 2835 2633 in
2877 2570 3111 2653 primis
3145 2570 3647 2649 observandum,
3692 2591 3731 2634 a
3758 2570 4014 2637 diabolo
4060 2572 4263 2638 susci·

2313 2663 2485 2719 tatos
2539 2663 2861 2737 quotquot
2917 2658 2984 2720 in
3031 2655 3278 2721 Iudaea
3334 2676 3559 2721 servos
3617 2657 3866 2734 habuit,
3926 2665 4001 2721 nt
4054 2656 4261 2740 impe-

2314 2738 2485 2804 diret
2532 2740 2884 2823 quominus
2907 2742 3125 2807 David
3174 2754 3498 2825 regnaret.
3568 2742 3660 2808 Et
3700 2741 4040 2826 oportebat
4082 2741 4261 2807 istud

2310 2825 2379 2890 in
2424 2844 2632 2908 regno
2676 2824 2935 2893 iudaioo
2981 2829 3380 2912 contingere,
3424 2826 3594 2910 quod
3629 2840 3775 2893 erat
3816 2829 4031 2911 figura
4071 2828 4261 2912 regni

2309 2909 2582 2977 Domini
2627 2914 2839 2979 nostri
2899 2912 3056 2980 Iesu
3101 2912 3372 2981 Christi.
3459 2912 3614 2978 Non
3659 2911 3866 2996 igitur
3918 2913 4261 2980 inimicum

2310 3018 2514 3063 unum
2577 3009 2696 3064 aut
2742 2998 3024 3065 alterum
3085 2998 3317 3066 habuit
3356 2997 3612 3064 David:
3670 2997 3785 3065 sed
3844 3019 3994 3064 eum
4052 2999 4261 3083 gratis

2307 3083 2612 3163 oderunt,
2655 3085 2771 3169 qui
2817 3084 2900 3150 ab
2941 3086 3083 3170 ipso
3128 3085 3314 3151 nulla
3354 3087 3619 3150 fuerant
3659 3084 3904 3151 iniuria
3924 3084 4030 3150 vel
4074 3105 4259 3152 occa-

2308 3171 2492 3236 sione
2549 3175 2922 3255 provocati,
2981 3184 3047 3238 et
3103 3173 3308 3256 ipsius
3367 3174 3543 3236 vitae
3597 3179 3755 3236 sunt
3811 3169 4124 3248 insidiati,
4181 3183 4261 3236 ut

2307 3254 2775 3338 implet-eretur
2827 3257 3002 3340 quod
3046 3257 3176 3324 alio
3218 3257 3362 3324 loco
3405 3256 3632 3324 scribit
3674 3255 3755 3322 de
3796 3277 3869 3323 66
3901 3255 4260 3341 propheta:

2315 3342 2548 3408 Gratis
2589 3363 2689 3409 me
2733 3342 3011 3411 oderunt.
3058 3344 3165 3409 Ex
3209 3363 3338 3426 quo
3381 3342 3627 3426 duplex
3662 3342 3918 3408 utilitas
3940 3350 4043 3407 est
4071 3341 4260 3409 nobis

2309 3427 2676 3495 referenda.
2739 3429 2968 3495 Prima
3012 3450 3094 3494 ne
3138 3432 3242 3495 cui
3284 3429 3508 3494 iniurii
3553 3429 3777 3507 simus,
3820 3438 3886 3493 et
3930 3449 4014 3494 ne
4059 3427 4261 3495 ullam

2308 3515 2721 3581 occasionem
2766 3514 2960 3581 nobis
3002 3516 3336 3582 molestias
3380 3512 3743 3580 facessendi
3799 3512 4261 3597 praebeamus:

2308 3599 2422 3666 sed
2459 3600 2640 3665 omni
2678 3601 2921 3666 iniuria
2955 3610 3025 3666 et
3069 3600 3380 3667 violentia
3421 3600 3851 3680 abstinentes,
3893 3600 4151 3686 integre
4194 3611 4262 3668 et

2309 3687 2565 3753 sincere
2607 3687 2909 3753 vivamus
2964 3707 3113 3753 cum
3172 3687 3469 3772 singulis,
3535 3696 3615 3752 ut
3674 3705 3869 3751 nemo
3929 3689 4137 3770 possit
4178 3687 4261 3753 de

2307 3770 2499 3837 nobis
2552 3772 2788 3838 merito
2842 3774 3171 3858 conqueri,
3231 3784 3297 3838 et
3354 3793 3395 3837 a
3453 3772 3642 3838 nobis
3700 3791 3773 3837 se
3829 3782 4261 3856 provocatum

2312 3856 2546 3924 dicere.
2638 3858 2890 3940 Altera,
2949 3873 3026 3924 ut
3081 3860 3163 3924 iis
3223 3879 3343 3925 nos
3388 3858 3947 3942 persequentibus,
4007 3873 4074 3924 et
4116 3860 4259 3924 sine

2309 3964 2509 4010 causa
2532 3942 2882 4010 adversum
2910 3965 3026 4010 nos
3049 3945 3560 4029 insurgentibus,
3589 3964 3941 4028 necemque
3965 3954 4259 4010 nostram

2310 4030 2797 4113 quaerentibus,
2863 4032 2973 4114 qui
3044 4031 3249 4114 gratis
3308 4041 3376 4097 et
3431 4031 3759 4095 immerito
3817 4029 4111 4105 oderunt,
4172 4052 4257 4094 ne

2312 4135 2558 4180 novum
2605 4125 2670 4181 et
2704 4115 2991 4182 insolens
3032 4116 3100 4181 id
3147 4116 3334 4182 nobis
3372 4115 3688 4196 videatur,
3730 4115 3949 4199 quand
4042 4115 4256 4179 uidem

2311 4201 2484 4266 idem
2535 4201 2777 4267 Davidi
2820 4203 3169 4287 contigisse
3213 4202 3529 4281 videmus,
3575 4204 3684 4285 qui
3729 4204 3940 4283 figura
4053 4201 4256 4265 omini

2312 4289 2521 4352 nostri
2582 4287 2734 4353 Iesu
2793 4287 3044 4354 Christi
3111 4288 3257 4369 fuit,
3322 4289 3438 4373 qni
3502 4309 3573 4354 se
3630 4287 3816 4353 nobis
3883 4287 4253 4370 exemplum

2313 4373 2701 4438 imitandum
2735 4375 3090 4458 proposuit.
3138 4375 3310 4440 Nam
3334 4375 3594 4459 singula
3630 4372 3939 4438 ecclesiae
3964 4372 4257 4437 membra

2313 4460 2439 4541 ipsi
2473 4468 2733 4543 oportet
2774 4462 3189 4527 conformari.
3237 4461 3519 4526 Interim
3566 4472 3782 4523 tamen
3819 4478 3948 4539 quo
3992 4459 4257 4542 gravio-

2312 4546 2495 4611 ribus
2542 4546 2712 4611 odiis
2756 4567 2875 4612 nos
2920 4548 3223 4613 insectati
3268 4548 3531 4623 fuerint,
3576 4564 3651 4607 eo
3684 4545 3894 4609 maior
3920 4564 4069 4626 spes
4113 4564 4256 4609 esse

2314 4644 2544 4697 nostra
2586 4630 2794 4712 debet,
2838 4633 3058 4698 Deum
3102 4634 3311 4699 nostri
3355 4633 3796 4697 miserturum.
3858 4628 3972 4697 Sic
4014 4629 4253 4707 David,

2313 4739 2390 4783 eo
2433 4738 2630 4800 quem
2669 4715 2952 4784 diximus
2989 4718 3147 4797 loco,
3191 4737 3332 4783 sese
3362 4716 3679 4781 adversus
3714 4716 4109 4781 tentationes
4133 4715 4255 4783 hac

2315 4825 2429 4886 spe
2490 4803 2741 4884 munit,
2809 4804 2948 4869 fore
3013 4803 3322 4868 nimirum
3382 4812 3457 4866 ut
3513 4821 3643 4882 quo
3709 4802 3959 4867 maiora
4014 4801 4256 4868 fuerint

2318 4890 2608 4956 hostium
2665 4890 2876 4974 ipsius
2922 4891 2994 4953 in
3040 4911 3109 4954 se
3151 4887 3316 4966 odia,
3376 4906 3504 4970 quo
3547 4888 3759 4953 maior
3800 4888 4090 4971 ipsorum
4136 4889 4254 4968 vis,

2316 4997 2394 5042 eo
2452 4976 2665 5040 maius
2730 4974 2857 5040 Dei
2913 4974 3230 5040 auxilium
3293 4973 3685 5056 experiatur.
3768 4972 3996 5074 Quare
4040 4973 4255 5040 danda

2316 5059 4257 5227 3,ῗὲῗίἕρίῗὲοὲᾛιῖἔῗῖῗῖἳισ’ἶῗιίἷοῖῗζξῖῗθωῗὶῗ
