5059 6059
819 271 951 338 227

2455 274 2869 344 HOMILIA
2908 272 3175 342 LXIII.

4638 280 4729 346 228

833 464 1101 535 adducit
1153 484 1348 547 quam
1395 463 1524 529 Dei
1581 465 1886 549 cognitio,
1944 488 2025 532 ex
2084 487 2215 550 qua
2258 487 2376 532 nos
2420 467 2588 533 nihil
2631 489 2772 534 esse
2876 465 2988 531 sed
3035 474 3100 530 et
3142 465 3491 545 imbellem,
3528 487 3604 532 ac
3626 464 3921 549 proinde,
3966 464 4035 531 ni
4058 465 4244 530 Deus
4267 464 4403 547 ipse
4421 464 4595 549 iuvet,
4611 488 4733 533 mor-

833 553 1165 626 discimus,
1209 549 1325 615 sed
1370 571 1793 634 quaecunque
1837 552 2156 618 babemus
2200 553 2281 619 ab
2326 553 2438 618 illo
2483 575 2774 639 manare,

834 651 906 706 et
950 649 1214 720 accepta
1257 636 1380 716 ipsi
1426 657 1566 701 esse
1600 636 1890 702 ferenda.
1978 639 2454 705 Verumtamen
2493 642 2615 706 etsi
2650 642 2774 706 im-

834 724 1022 809 probi
1080 723 1378 786 homines
1439 734 1503 786 et
1556 723 1876 788 increduli
1938 733 2208 809 turgent
2270 727 2648 811 arrogantia
2712 733 2779 792 et

833 808 1173 896 superbia,
1239 829 1365 872 non
1435 822 1652 872 tamen
1719 810 2085 875 efferuntur
2151 824 2565 896 arroganter,
2650 813 2776 877 nisi

835 894 1120 979 quadam
1168 894 1507 958 occasione
1551 896 1886 977 peculiari.
1978 896 2201 978 Quare
2257 899 2313 962 si
2357 897 2574 982 plenis
2612 898 2777 963 velis

836 1003 1004 1049 aura
1049 979 1211 1063 ipsis
1268 979 1610 1059 afflaverit,
1679 990 1747 1044 et
1799 982 2062 1046 rideant
2118 984 2278 1065 ipsis
2336 983 2575 1062 omnia,
2636 991 2777 1048 tum

836 1068 1201 1134 insolenter
1223 1085 1363 1130 sese
1388 1077 1643 1148 gerunt,
1666 1067 2018 1143 exsultant,
2059 1077 2126 1132 ct
2148 1070 2513 1152 triumphos
2538 1079 2774 1153 agunt:

834 1153 994 1222 hinc
1033 1156 1107 1218 fit
1142 1162 1217 1217 ut
1254 1151 1450 1215 nullis
1486 1151 1766 1234 amplius
1810 1153 2223 1220 retineantur
2260 1155 2619 1239 repagulis:
2664 1154 2780 1220 sed

838 1242 1055 1325 plenis
1100 1237 1315 1304 buccis
1359 1257 1501 1302 sese
1546 1238 1945 1321 praedicent,
1992 1253 2058 1304 et
2102 1241 2520 1324 blasphemas
2563 1243 2633 1306 in
2679 1242 2779 1324 ip-

837 1349 987 1394 sum
1035 1327 1253 1390 Deum
1298 1343 1490 1387 voces
1551 1336 1875 1400 evomant,
1934 1326 2057 1390 sibi
2117 1325 2426 1410 quiddam
2486 1327 2780 1392 divinum

839 1412 1232 1482 adscribant,
1282 1409 1497 1472 Deum
1559 1410 1744 1490 parvi
1802 1411 2063 1476 faciant.
2151 1412 2337 1477 Nihil
2396 1410 2672 1477 arduum
2717 1427 2784 1477 et

841 1498 1109 1564 difficile
1143 1495 1267 1560 sibi
1303 1497 1583 1576 fingunt.
1630 1494 1744 1560 Sic
1780 1497 1973 1561 rebus
2011 1498 2341 1581 prosperis
2376 1499 2783 1564 insolescunt

841 1584 1125 1667 improbi
1170 1595 1233 1646 et
1280 1583 1530 1662 profani
1577 1579 1907 1647 homines:
1956 1594 2022 1647 et
2066 1583 2425 1649 honoribus
2461 1603 2536 1648 ac
2571 1586 2785 1668 gratia

842 1693 973 1756 qua
1039 1669 1261 1733 valent
1326 1665 1420 1731 sic
1489 1666 1913 1748 inebriantur,
1980 1676 2054 1733 ut
2119 1669 2307 1735 nulla
2371 1671 2658 1752 supersit
2714 1671 2783 1733 in

839 1757 1003 1842 ipsis
1081 1752 1475 1830 moderatio,
1553 1754 1669 1816 sed
1739 1755 2170 1820 fanaticorum
2238 1767 2306 1821 et
2385 1756 2784 1820 furiosorum

839 1845 1054 1910 instar
1098 1838 1597 1905 debacchentur.
1687 1836 1820 1904 Sed
1866 1861 1993 1922 quo
2038 1840 2250 1924 magis
2292 1841 2674 1924 efferuntur,
2711 1862 2786 1905 eo

841 1929 1152 2015 graviore
1207 1926 1398 2006 lapsu
1459 1922 1695 1989 deinde
1750 1928 1966 1990 casuri
2027 1943 2202 1992 sunt.
2290 1927 2464 1992 Nam
2518 1929 2576 1992 si
2621 1927 2784 2010 quis,

842 2014 1133 2096 exempli
1194 2011 1427 2095 gratia,
1497 2009 1659 2073 velit
1723 2010 1791 2073 in
1859 2025 2010 2077 aere
2065 2012 2304 2092 volare,
2367 2034 2633 2079 necesse
2687 2025 2787 2078 est

845 2121 1159 2187 praeceps
1217 2098 1503 2162 feratur:
1571 2095 1684 2160 sed
1744 2097 1799 2160 si
1854 2107 1987 2162 tres
2042 2111 2401 2179 quatuorve
2459 2098 2655 2181 pedes
2715 2100 2785 2163 in

844 2188 1056 2254 altum
1115 2183 1325 2262 saliat,
1385 2180 1613 2246 cadere
1674 2181 1936 2263 quidem
1996 2182 2109 2248 sed
2157 2205 2284 2249 non
2331 2184 2569 2251 collum
2617 2185 2790 2248 fran-

851 2292 1010 2359 gere
1034 2270 1289 2354 poterit.
1339 2271 1480 2331 Aut
1521 2268 1575 2330 si
1622 2269 1767 2349 quis
1813 2290 1892 2332 ex
1940 2269 2259 2336 altissima
2304 2271 2473 2335 turri
2517 2269 2684 2335 velit
2718 2271 2785 2334 in

851 2372 1098 2425 terram
1179 2352 1472 2434 desilire,
1553 2372 1710 2416 sane
1790 2354 2117 2421 sexcentis
2182 2358 2499 2421 mortibus
2562 2365 2792 2439 pereat

851 2449 1127 2528 oportet.
1216 2439 1403 2504 Idem
1441 2438 1568 2501 Dei
1613 2440 2164 2523 contemptoribus
2209 2442 2548 2526 contingit.
2616 2442 2789 2507 Nam

854 2540 1096 2595 natura
1137 2525 1397 2607 superbi
1443 2531 1508 2588 et
1552 2536 1949 2607 arrogantes,
2009 2527 2062 2591 si
2110 2526 2277 2610 quod
2323 2548 2362 2591 a
2405 2527 2552 2593 Deo
2597 2548 2788 2611 pecu-

853 2616 1020 2680 liare
1067 2611 1451 2677 beneficium
1497 2610 1834 2692 accipiant,
1880 2624 1946 2677 et
1988 2634 2069 2676 ex
2115 2623 2265 2678 voto
2310 2614 2465 2696 ipsis
2502 2635 2606 2679 res
2649 2632 2789 2678 suc-

854 2701 1113 2777 cedant,
1172 2698 1265 2763 sic
1324 2695 1741 2776 insolescunt,
1802 2709 1872 2762 ut
1915 2698 2096 2762 nulla
2140 2698 2283 2764 illos
2328 2699 2644 2765 modestia
2688 2721 2791 2763 re·

853 2787 1097 2851 tineat:
1147 2781 1260 2849 sed
1304 2780 1664 2846 insolenter
1697 2803 1841 2847 sese
1876 2792 2129 2868 gerant,
2175 2794 2242 2849 et
2276 2794 2587 2869 tanquam
2626 2784 2790 2850 ebrii

851 2892 1124 2958 prorsus
1167 2867 1539 2935 insaniant:
1584 2877 1648 2931 et
1684 2889 1880 2951 quum
1918 2870 2130 2936 coelos
2165 2871 2338 2954 ipsos
2374 2871 2790 2938 conscensuri

852 2959 1192 3032 videntur,
1267 2953 1504 3019 deinde
1561 2955 1862 3036 graviore
1907 2966 1975 3020 et
2016 2957 2227 3040 magis
2272 2956 2595 3023 horrendo
2638 2976 2791 3023 casu

852 3043 1175 3109 decidant.
1268 3039 1835 3122 Quemadmodum
1898 3042 2104 3125 igitur
2163 3042 2415 3120 accidit,
2473 3053 2548 3107 ut
2592 3063 2791 3124 quum

851 3131 1041 3196 Deus
1087 3126 1407 3210 permittit
1451 3146 1569 3189 nos
1616 3127 1795 3190 omni
1832 3126 2118 3192 humano
2155 3127 2471 3210 praesidio
2506 3128 2791 3206 destitui,

846 3212 1131 3300 improbi
1177 3226 1244 3278 et
1277 3210 1597 3276 increduli
1633 3211 1906 3278 floreant
1940 3224 2009 3278 et
2051 3212 2243 3279 rebus
2279 3214 2582 3280 secundis
2614 3214 2792 3278 inso-

849 3301 1118 3377 lescant,
1165 3302 1279 3366 sed
1326 3307 1541 3361 tamen
1589 3298 1899 3380 graviore
1936 3318 2089 3364 casu
2137 3298 2438 3364 decidant
2481 3307 2549 3364 et
2591 3299 2796 3366 cervi-

851 3408 962 3454 ces
1006 3388 1334 3470 frangant,
1391 3384 1482 3446 ita
1527 3395 1594 3445 et
1637 3403 1784 3447 cum
1832 3383 2142 3449 Goliatho
2199 3386 2332 3450 iam
2388 3386 2630 3451 factum
2675 3394 2791 3450 est.

855 3471 1182 3539 Davidem
1228 3472 1400 3535 enim
1448 3469 1763 3533 inermem
1808 3471 2089 3536 intuitus
2151 3469 2463 3555 despexit,
2531 3481 2598 3535 et
2640 3492 2793 3537 san·

860 3559 970 3624 nis
1013 3559 1207 3623 etiam
1256 3554 1544 3636 excepit:
1592 3554 1780 3618 Tune
1825 3554 1907 3620 ad
1954 3576 2076 3631 me,
2136 3555 2368 3638 inquit,
2413 3558 2602 3622 venis
2646 3567 2793 3622 tan-

858 3664 1061 3725 quam
1107 3642 1455 3707 adversum
1501 3638 1774 3705 canem?
1835 3639 2000 3722 Quis
2045 3651 2120 3705 tu
2166 3663 2235 3706 es
2277 3642 2389 3723 qui
2432 3641 2635 3707 audes
2680 3642 2793 3708 ad·

857 3748 1124 3794 versum
1171 3749 1276 3792 me
1321 3724 1669 3809 progredi?
1714 3725 2013 3809 Denique
2059 3727 2299 3791 Davidi
2341 3728 2682 3794 maledixit
2723 3729 2793 3793 in

857 3814 990 3879 diis
1032 3816 1186 3879 suis.
1276 3812 1506 3894 Qualis
1564 3820 1936 3894 quantaque
2003 3811 2286 3878 hominis
2345 3813 2648 3897 superbia
2689 3814 2791 3879 lu-

861 3899 1073 3965 dibrio
1130 3899 1429 3964 habentis
1487 3897 1797 3980 quidquid
1842 3898 1970 3964 Dei
2016 3899 2297 3965 viventis
2342 3899 2485 3964 est?
2575 3899 2791 3981 Quam

856 3984 1285 4068 blasphemus
1341 3984 1466 4049 iste
1508 3985 1714 4067 gigas,
1772 3984 2011 4049 Davidi
2054 3984 2446 4051 maledicens
2489 3986 2560 4050 in
2603 3986 2794 4053 idolis

858 4092 1028 4156 quae
1073 4068 1511 4136 aPhilistaeis
1554 4068 1970 4134 colebantur?
2014 4070 2200 4152 quasi
2242 4069 2555 4136 adversus
2574 4070 2792 4137 Deum

911 4158 1120 4224 ossint
1187 4155 1430 4238 aliquid
1490 4153 1665 4218 idola
1718 4155 2032 4236 gentium.
2133 4155 2353 4238 Atque
2403 4157 2548 4222 istis
2599 4159 2792 4224 minis

861 4180 1197 4310 &avidam
1244 4242 1352 4305 ille
1397 4240 1582 4324 gigas
1627 4248 1870 4304 terrere
1930 4239 2165 4305 voluit:
2223 4239 2337 4306 sed
2393 4242 2502 4306 ille
2569 4254 2793 4309 contra

864 4330 1182 4394 maiorem
1226 4326 1377 4391 indo
1422 4324 1822 4390 occasionem
1866 4325 1994 4390 Dei
2040 4326 2543 4409 magnifaciendi
2587 4330 2790 4413 capit:

862 4425 933 4481 et
976 4415 1339 4497 blasphemi
1382 4411 1667 4477 hominis
1702 4410 1770 4474 in
1795 4410 1921 4476 Dei
1944 4412 2349 4478 maiestatem
2387 4416 2796 4482 contumeliis

865 4502 1211 4567 excitatur.
1304 4498 1478 4564 Sane
1520 4496 1703 4579 prius
1747 4496 1935 4561 illum
1980 4497 2267 4563 vidimus
2311 4500 2378 4563 in
2426 4500 2567 4565 Deo
2612 4522 2795 4583 spem

865 4608 1126 4652 omnem
1166 4585 1531 4659 collocasse,
1556 4591 1621 4646 et
1642 4603 1829 4647 suam
1866 4583 2311 4649 fortitudinem
2347 4587 2794 4652 constituisse:

867 4695 1099 4740 verum
1142 4681 1358 4736 tamen
1407 4671 1739 4752 impurum
1785 4667 1971 4733 illum
2031 4669 2301 4735 audiens
2360 4671 2546 4736 virus
2603 4693 2792 4737 suum

863 4767 1053 4824 tanta
1094 4755 1470 4840 arrogantia
1503 4755 1571 4819 in
1597 4755 1810 4818 Deum
1849 4757 2061 4837 ipsum
2103 4755 2565 4834 effundewem,
2589 4758 2796 4823 veluti

863 4844 1144 4912 subditis
1189 4843 1546 4909 calcaribus
1603 4842 1812 4923 magis
1868 4851 1966 4906 est
2008 4842 2089 4905 ad
2135 4863 2356 4926 preces
2400 4844 2797 4924 stimulatus,

864 4931 1104 5015 quibus
1147 4941 1212 4995 et
1255 4929 1472 4994 Deum
1518 4927 1863 5006 invocavit,
1907 4933 1974 4991 et
2018 4929 2325 4993 virtutem
2370 4928 2574 5011 ip-ms
2618 4951 2798 5014 mag-

867 5017 1063 5081 nifice
1109 5015 1521 5096 praedicavit,
1582 5022 1964 5094 exspectans
2022 5034 2060 5078 a
2104 5014 2390 5079 Domino
2437 5016 2605 5096 quod
2652 5037 2797 5099 spe·

866 5108 1133 5168 raverat
1176 5102 1246 5164 in
1294 5101 1412 5167 hoc
1457 5101 1810 5167 certamine
1853 5119 2163 5183 praesens
2206 5099 2545 5166 auxilium.
2625 5101 2796 5167 Nam

859 5209 941 5253 se
984 5187 1121 5270 ipse
1165 5187 1321 5253 satis
1366 5197 1655 5266 noverat,
1701 5206 1934 5270 nempe
1976 5207 2110 5251 non
2155 5196 2414 5251 tantum
2458 5187 2793 5268 inermem,

2880 552 2963 617 tis
3006 560 3261 618 certum
3306 571 3624 635 apparere
3668 551 4049 635 periculum,
4107 572 4188 616 ex
4239 570 4369 633 qua
4410 552 4568 617 solus
4602 553 4739 620 Deus

2878 638 3156 703 liberare
3201 639 3414 720 ipsum
3460 637 3696 720 possit:
3759 636 3928 720 quod
3986 648 4057 702 et
4098 638 4415 702 facturum
4459 637 4569 702 sibi
4604 639 4738 720 polli-

2878 731 3085 790 cetur.
3173 724 3264 788 Et
3307 724 3548 789 idcirco
3590 723 3721 788 iam
3765 722 4127 807 gratiarum
4171 724 4486 789 actionem
4531 723 4740 788 medita·

2880 818 3009 890 tur,
3069 810 3255 892 quasi
3308 809 3440 874 iam
3500 830 3696 892 quam
3757 809 4176 892 exspectabat
4233 809 4497 875 victoria
4536 811 4742 893 potitus.

2881 894 3323 976 Quamobrem
3382 917 3464 960 ne
3523 894 3854 974 miremur,
3907 905 3974 959 et
4028 916 4113 959 ne
4167 915 4361 979 aegre
4420 895 4666 960 feramus
4704 897 4745 960 ti

2882 982 3066 1046 Deus
3124 1002 3254 1045 non
3301 1001 3541 1065 magna
3583 1000 3839 1065 pompa,
3893 990 3962 1045 et
4006 1001 4249 1064 magno
4293 979 4561 1064 quodam
4599 1002 4745 1064 appa-

2881 1075 3031 1132 ratu
3076 1087 3197 1132 nos
3242 1088 3325 1132 ex
3368 1067 3673 1151 periculis
3716 1068 3859 1132 vult
3903 1063 4202 1147 liberare,
4257 1065 4373 1132 sed
4429 1075 4634 1131 contra
4664 1087 4745 1149 po-

2882 1153 3014 1218 tius
3056 1153 3126 1216 in
3170 1154 3551 1218 infirmitate
3593 1152 3799 1218 veluti
3843 1152 4231 1236 languentes
4274 1151 4587 1235 relinquit,
4634 1153 4750 1216 adeo

2882 1246 2961 1304 ut
3003 1236 3300 1304 hostibus
3344 1238 3636 1322 undique
3678 1239 4041 1322 cingamur,
4098 1245 4166 1302 et
4220 1238 4468 1321 laqueis
4524 1239 4750 1320 ipsorum

2883 1324 3119 1389 irretiti
3184 1323 3543 1405 videamur,
3609 1333 3676 1390 et
3738 1324 3809 1388 in
3876 1331 4266 1408 potestatem
4331 1325 4607 1406 ipsorum
4659 1325 4751 1388 iam

2884 1411 3011 1474 iam
3061 1409 3324 1477 venturi
3369 1422 3433 1475 et
3475 1409 3885 1494 opprimendi
3930 1412 4010 1475 ab
4053 1409 4234 1492 ipsis,
4276 1410 4552 1492 denique
4582 1411 4641 1473 in
4668 1430 4753 1473 nos

2885 1495 3050 1560 nibil
3116 1517 3249 1560 non
3316 1496 3691 1573 moliantur,
3763 1508 3831 1560 et
3891 1496 4075 1561 nullo
4139 1495 4482 1560 resistente
4544 1515 4755 1577 pravam

2886 1582 3295 1647 voluntatem
3354 1602 3541 1647 suam
3598 1581 3934 1664 impleant,
3986 1592 4055 1645 et
4107 1582 4299 1647 malis
4357 1580 4644 1658 obruant,
4683 1602 4756 1656 ne,

2884 1667 3171 1750 inquam,
3238 1669 3364 1733 ista
3428 1667 3760 1732 miremur.
3862 1665 4041 1748 Quid
4104 1667 4199 1731 ita
4263 1665 4468 1732 vero?
4566 1666 4757 1748 Nempe

2886 1754 3070 1818 Deus
3135 1774 3247 1818 eos
3313 1763 3620 1819 excaecat
3697 1761 3765 1818 et
3835 1753 3905 1817 in
3972 1754 4402 1836 propinquam
4470 1753 4759 1834 perniciem

2886 1839 3304 1922 praecipitat:
3360 1838 3627 1921 perinde
3685 1837 3859 1902 enim
3918 1840 4056 1922 agit
4100 1860 4248 1904 cum
4292 1838 4427 1904 illis
4470 1837 4622 1903 haec
4657 1857 4759 1920 per·

2886 1924 3204 1989 mittendo
3263 1944 3338 1990 ac
3394 1925 3449 1989 si
3493 1924 3637 2008 quis
3680 1924 3931 1989 ebrioso
3973 1935 4039 1989 et
4080 1924 4550 2008 intemperanti
4590 1924 4765 1988 vinum

2888 2011 3136 2075 affatim
3183 2010 3574 2094 suppeditet,
3618 2028 3747 2092 quo
3793 2029 3924 2075 non
3970 2010 4248 2075 satietur
4291 2011 4499 2075 donec
4552 2009 4764 2073 obrutus

2884 2095 2992 2160 vel
3038 2096 3413 2173 suffocetur,
3459 2095 3562 2161 vel
3606 2096 3676 2159 in
3720 2104 4053 2177 stuporem
4089 2106 4204 2161 aut
4241 2095 4530 2161 frenesin
4561 2093 4765 2161 incidat.

2887 2181 3135 2246 Eadem
3181 2202 3343 2247 sane
3385 2182 3551 2247 ratio
3596 2192 3697 2248 est
3729 2181 4214 2247 incredulorum
4258 2193 4324 2246 et
4379 2181 4768 2264 improborum

2891 2267 3227 2333 bominum
3275 2267 3579 2351 superbia
3637 2273 3705 2332 et
3760 2267 4137 2352 arrogantia
4202 2268 4628 2351 turgentium,
4678 2285 4770 2349 qm

2891 2353 2984 2420 sic
3026 2354 3437 2419 inebriantur
3493 2362 3571 2418 ut
3617 2353 3687 2417 in
3731 2354 4017 2418 furorem
4063 2362 4130 2418 et
4173 2352 4423 2418 rabiem
4472 2366 4770 2426 vertantur,

2893 2439 3203 2522 quamdiu
3226 2440 3477 2505 occasio
3519 2438 3652 2505 illis
3686 2439 3957 2504 offertur
3991 2439 4347 2519 saeviendi,
4389 2440 4634 2523 sibique
4661 2437 4774 2501 arri-

2895 2526 3046 2591 dere
3090 2526 3417 2591 fortunam
3462 2525 3883 2591 arbitrantur.

3062 2611 3155 2676 Et
3199 2612 3278 2677 de
3321 2610 3453 2676 illis
3498 2610 3848 2676 hactenus:
3910 2631 4032 2677 nos
4075 2631 4234 2675 vero
4276 2619 4511 2676 contra
4555 2607 4771 2675 Davidis

2895 2698 3269 2780 exemplum
3291 2697 3538 2762 imitari
3560 2696 3904 2776 discamus,
3952 2696 4351 2780 blasphemis
4373 2698 4512 2763 illis
4546 2695 4775 2780 gigantis

2896 2784 3159 2850 vocibus
3201 2782 3362 2849 haec
3404 2783 3544 2867 spei
3587 2793 3654 2848 et
3697 2781 3847 2847 fidei
3893 2783 4089 2866 plena
4146 2782 4349 2849 verba
4406 2782 4777 2867 opponentis:

2902 2871 3000 2935 Tu
3040 2871 3216 2935 venis
3272 2869 3358 2934 ad
3397 2889 3496 2934 mc
3537 2888 3675 2933 cum
3712 2867 3943 2951 ρῑαᾱίο,
4000 2874 4058 2935 et
4098 2867 4299 2949 hasta,
4343 2874 4403 2935 et
4446 2870 4675 2953 clypeo.-
4705 2887 4780 2949 eyn

2893 2960 3099 3022 autem
3138 2956 3315 3020 venio
3360 2955 3446 3019 ad
3486 2958 3541 3019 te
3581 2955 3653 3019 in
3693 2955 3946 3020 nomine
3970 2954 4230 3020 Domini
4270 2957 4660 3030 επεν-οὔκω,
4686 2951 4777 3017 Dei

2896 3043 3217 3126 cyminum
3260 3039 3484 3106 Israel.
3574 3038 3753 3105 Sane
3798 3039 4026 3107 doctus
4070 3062 4111 3106 a
4152 3041 4295 3106 Deo
4344 3041 4567 3106 David
4605 3041 4687 3105 ita
4716 3037 4781 3101 lo-

2897 3136 3144 3211 quutus
3187 3137 3306 3206 est,
3351 3135 3419 3191 et
3460 3125 3716 3208 quidem
3763 3135 4111 3208 antequam
4159 3126 4549 3210 prophetiae
4590 3125 4778 3190 donum

2894 3215 2965 3279 in
3008 3215 3153 3296 ipso
3197 3220 3560 3297 appareret,
3602 3221 3670 3276 et
3712 3211 3793 3276 ad
3837 3232 3981 3277 eam
4026 3212 4496 3295 perfectionem
4528 3213 4780 3284 venisset.

2896 3322 3092 3384 quam
3150 3298 3385 3364 deinde
3429 3319 3469 3363 a
3511 3297 3796 3362 Domino
3851 3299 4134 3382 accepit:
4191 3298 4306 3363 sed
4354 3304 4423 3364 in
4473 3321 4552 3364 ea
4591 3301 4781 3363 virtuts

2893 3387 3198 3471 profecit,
3259 3392 3326 3449 et
3381 3383 3849 3467 perseveravit.
3938 3384 4238 3449 Profecto
4280 3384 4411 3449 iste
4458 3385 4648 3468 opilio
4684 3401 4781 3446 non

2895 3475 3339 3556 frequentarat
3384 3468 3652 3546 scholae,
3715 3490 3929 3553 neque
3985 3490 4258 3554 magnos
4303 3470 4607 3536 doctores
4645 3467 4781 3534 audi·

2897 3568 3099 3634 verat,
3146 3576 3186 3621 a
3227 3555 3460 3640 quibus
3515 3554 3854 3620 seientiam
3913 3554 4209 3633 disceret,
4275 3565 4347 3621 et
4403 3555 4782 3620 nihilominus

2896 3654 3113 3709 tamen
3160 3640 3243 3708 ad
3285 3660 3609 3707 summam
3654 3641 4042 3726 sapientiam
4088 3643 4395 3725 pervenit
4431 3653 4501 3708 et
4534 3640 4784 3708 scientiae

2896 3729 3228 3813 fastigium
3274 3727 3512 3811 attigit,
3556 3746 3724 3808 quae
3765 3728 3837 3792 in
3879 3727 4002 3794 hoc
4044 3729 4170 3792 sita
4192 3737 4312 3806 est,
4358 3739 4439 3793 ut
4464 3729 4642 3794 Deus
4659 3742 4783 3791 unus

2898 3816 2985 3882 sit
3018 3814 3205 3879 nobis
3247 3818 3538 3879 omnium
3581 3815 3808 3890 instar,
3868 3824 3934 3879 et
3991 3813 4060 3878 in
4107 3832 4185 3877 eo
4231 3815 4510 3897 eiusque
4552 3813 4783 3877 bonitate

2895 3901 3204 3966 fiduciam
3251 3908 3317 3964 et
3361 3918 3545 3981 spem
3583 3918 3846 3963 omnem
3881 3908 4173 3965 nostram
4211 3899 4626 3966 collocemus.
4665 3897 4783 3977 Quis

2898 4006 3054 4071 ergo
3077 3985 3405 4052 Davidem
3447 3983 3572 4048 hoc
3616 3982 3873 4049 docuit?
3934 3984 4085 4049 Non
4133 3984 4478 4050 doctorum
4525 4005 4673 4069 quos
4707 3981 4785 4046 diu

2898 4072 3328 4156 frequentarit
3392 4089 3565 4146 cura,
3631 4069 3745 4134 sed
3789 4069 3916 4135 Dei
3984 4071 4258 4154 spiritus
4319 4078 4459 4136 tam
4517 4069 4783 4136 excelsam

2897 4158 3022 4242 ipsi
3079 4157 3463 4240 sapientiam
3529 4155 3789 4234 infudit,
3854 4156 4048 4241 longe
4112 4157 4472 4240 perfectius
4535 4175 4705 4241 quam
4746 4150 4784 4216 εἰ

2897 4244 3138 4309 multos
3195 4264 3402 4308 annos
3461 4240 3977 4308 doctissimorum
4039 4244 4331 4308 virorum
4391 4243 4647 4310 scholas
4694 4241 4781 4305 fre·

2900 4337 3293 4413 quentasset.
3383 4328 3558 4393 Num
3607 4348 3762 4393 vero
3804 4337 4144 4411 postquam
4190 4327 4273 4393 ad
4320 4330 4575 4413 regiam
4617 4325 4780 4412 digni·

2900 4427 3100 4481 tatem
3145 4415 3445 4499 pervenit
3488 4414 3875 4479 immutatus
3919 4414 4064 4479 est?
4152 4415 4439 4480 Minime
4486 4437 4651 4492 vero,
4703 4408 4781 4477 sed

2899 4525 3016 4568 rex
3059 4510 3125 4566 et
3167 4500 3486 4584 propheta
3529 4499 3807 4583 insignis
3850 4498 4121 4565 eandem
4169 4511 4463 4567 mentem
4510 4511 4579 4567 et
4608 4499 4779 4564 cadem

2900 4586 3098 4655 verba
3140 4586 3431 4663 retinuit,
3474 4585 3570 4651 sic
3613 4586 3789 4650 enim
3834 4585 4009 4651 Psal.
4054 4586 4139 4651 33
4183 4585 4512 4669 loquitur:
4560 4586 4687 4653 Non
4718 4585 4782 4646 est

2898 4694 3010 4739 rex
3052 4673 3165 4754 qui
3204 4676 3481 4737 ser-vetur
3511 4671 3907 4738 multitudine
3942 4674 4288 4753 copiarum,
4320 4677 4553 4754 potens
4570 4693 4677 4736 non
4693 4668 4779 4733 σι’·

2889 4760 3073 4843 pitur
3093 4758 3486 4824 multitudine
3506 4757 3774 4823 virium.-
3804 4759 4074 4823 mevtdaoe
4093 4764 4184 4823 cst
4203 4779 4403 4841 equus
4437 4759 4526 4824 ad
4558 4757 4780 4828 saltam,

2899 4851 2954 4911 et
2986 4844 3381 4910 multitudine
3414 4842 3659 4909 roboris
3692 4844 3800 4909 sui
3834 4863 3963 4907 non
3996 4843 4218 4910 liberat
4237 4864 4561 4910 sessorem.
4600 4842 4781 4908 Ani-a

2900 4936 3117 5000 nosbra
3182 4927 3607 5012 praestolatur
3651 4929 3944 4994 Iehovam
3960 4979 3977 5011 ,
4058 4931 4378 4997 auxilium
4444 4936 4701 4996 nostrum
4746 4927 4781 4987 ὅ

2899 5023 3143 5083 scutum
3183 5021 3462 5081 nostrum
3504 5021 3609 5081 est.
3697 5016 4055 5098 Nunquam
4098 5037 4255 5100 ergo
4317 5015 4560 5094 David,
4614 5021 4778 5080 mente

2903 5102 3217 5167 titubavit
3282 5122 3573 5184 nunqam
3637 5101 4028 5167 immutatus
4091 5112 4219 5169 est:
4288 5123 4487 5186 quam
4552 5111 4777 5168 mentem

2900 5188 3133 5257 habuit
3174 5189 3455 5256 rusticus
3497 5197 3563 5253 et
3605 5187 3819 5271 opilio,
3864 5196 3930 5252 et
3971 5207 4165 5273 quam
4209 5189 4282 5254 in
4327 5188 4477 5255 Deo
4518 5186 4789 5258 fiduciam.
