5059 6059
427 324 561 391 381

609 519 819 585 Porro
875 528 1065 584 terna
1117 520 1415 603 repetitio
1474 519 1591 586 illa
1640 540 1771 604 qua
1822 520 2198 588 Samuelem
2254 529 2357 588 ter

425 606 621 671 Deus
664 605 1049 690 interposito
1095 605 1312 690 aliquo
1354 607 1667 690 temporis
1708 606 2056 674 intervallo
2101 609 2358 676 vocavit

426 688 922 771 consideranda,
958 690 1129 774 quod
1167 711 1297 756 non
1334 700 1589 757 tantum
1613 691 1960 772 Samuelis,
2002 694 2115 760 sed
2150 695 2357 777 ipsius

429 777 638 842 etiam
662 777 820 842 Heli
853 796 1051 842 cauea
1095 776 1264 842 sacta
1306 779 1412 854 sit,
1459 799 1586 862 quo
1630 779 1937 845 nimirum
1975 779 2170 845 huius
2215 800 2360 864 pro-

426 862 702 946 phetiae
746 864 1070 945 particeps
1113 872 1302 929 esset.
1371 862 1599 947 Neque
1642 865 1837 944 enim,
1881 876 1956 930 ut
1999 865 2354 951 attigimus,

424 951 567 1014 ista
592 946 882 1014 Samueli
916 948 1009 1014 sic
1041 949 1328 1030 oportuit
1370 949 1668 1027 revelari,
1714 961 1789 1016 ut
1830 972 1961 1017 non
2006 951 2088 1017 ad
2132 971 2358 1017 omnes

428 1034 783 1116 prophetia
834 1038 1221 1117 perveniret.
1324 1033 1493 1099 Nam
1561 1035 1847 1119 alioquin
1911 1037 1980 1101 in
2047 1049 2356 1119 quantam

430 1119 773 1184 incidisset
848 1120 1131 1202 populus
1189 1121 1639 1198 tentationem,
1720 1135 1872 1187 arca
1946 1123 2225 1189 foederis
2287 1124 2355 1188 in

428 1205 725 1272 hostium
781 1212 1236 1288 tempestatem
1298 1205 1621 1283 veniente,
1680 1217 1755 1272 ut
1798 1208 1939 1290 ipse
1982 1208 2163 1275 Deus
2205 1227 2357 1293 cap-

430 1294 617 1356 tivus
662 1288 995 1356 videretur
1037 1292 1118 1356 ab
1162 1291 1458 1358 hostibus
1501 1291 1752 1370 abduci,
1798 1294 1867 1358 in
1913 1314 2075 1377 quas
2119 1315 2358 1379 angus-

428 1377 568 1441 tias
625 1375 922 1443 redactus
978 1385 1182 1454 esset,
1264 1376 1394 1442 nisi
1449 1380 1632 1461 prius
1678 1379 1858 1444 Deus
1899 1399 2045 1446 sese
2084 1388 2361 1446 testatus

430 1463 672 1528 fuisset
726 1462 829 1527 sui
889 1471 1332 1544 contemptum
1389 1471 1455 1527 et
1519 1465 1870 1530 sanctuarii
1934 1465 2358 1548 pollutionem

430 1547 547 1614 his
592 1549 816 1631 poenis
861 1546 1032 1612 velle
1075 1547 1314 1628 ulcisci,
1359 1548 1573 1613 ablato
1614 1550 1888 1634 pignore
1944 1552 2193 1634 gratiae
2235 1571 2362 1634 quo

432 1654 513 1699 se
555 1631 831 1716 populus
883 1633 1228 1718 indignum
1286 1633 1701 1700 reddiderat?
1795 1638 1966 1701 Area
2008 1637 2185 1701 enim
2231 1639 2360 1702 foe-

434 1718 618 1784 deris
642 1719 770 1783 Dei
802 1719 1237 1802 praesentiam
1282 1722 1841 1803 repraesentabat:
1888 1742 2015 1805 qua
2057 1731 2249 1806 capta
2294 1730 2363 1788 et

436 1805 517 1869 in
577 1825 812 1869 manus
860 1804 1140 1869 hostium
1202 1806 1522 1880 veniente,
1583 1805 1737 1888 quid
1782 1806 1960 1872 aliud
2005 1827 2201 1891 quam
2245 1807 2361 1873 Iu-

442 1889 678 1955 daeam
722 1888 906 1955 Deus
949 1889 1308 1957 deseruisse
1351 1890 1711 1971 videbatur,
1768 1912 1843 1957 ac
1884 1893 2360 1976 quodammodo

443 1976 676 2041 testari
718 1975 893 2041 nolle
935 1995 1006 2041 se
1048 1976 1328 2059 amplius
1370 1997 1519 2044 eum
1565 1977 1855 2061 profanis
1894 1979 2041 2045 istis
2085 1978 2361 2044 homini·

444 2062 592 2140 bus,
651 2082 689 2125 a
744 2062 981 2144 quibus
1038 2070 1174 2127 tam
1232 2063 1516 2146 graviter
1568 2063 1855 2129 offensus
1910 2065 2142 2142 iuerat,
2186 2084 2361 2130 com-

428 2147 758 2212 mercium
803 2146 1084 2212 habere?
1132 2145 1353 2228 Quare
1395 2151 1687 2231 oportuit
1718 2150 2032 2233 populum
2076 2149 2156 2214 ad
2203 2170 2361 2215 suae

427 2232 741 2297 miseriae
799 2242 866 2298 et
919 2233 1181 2299 divinae
1243 2232 1570 2300 vindictae
1623 2235 2056 2318 cognitionem
2103 2235 2357 2315 adduci,

430 2327 510 2383 ut
575 2339 793 2384 coram
841 2319 1123 2383 Domino
1188 2319 1479 2385 abiectus
1545 2340 1620 2386 ac
1680 2320 1957 2404 supplex
2016 2322 2230 2387 factus
2273 2323 2352 2386 ad

422 2407 649 2488 ipsum
693 2414 1170 2483 coverteretur;
1213 2404 1385 2486 quod
1429 2406 1697 2471 minime
1739 2407 1982 2472 factum
2026 2406 2254 2472 fuisset
2297 2407 2355 2472 si

422 2490 645 2574 primo
689 2500 1029 2555 vocantem
1076 2490 1290 2555 Deum
1318 2488 1585 2557 Samuel
1631 2491 1854 2557 statim
1902 2491 2352 2569 intellexisset,

424 2583 498 2640 et
577 2574 987 2659 prophetiam
1053 2578 1439 2658 accepisset,
1505 2576 1663 2641 Heli
1726 2578 1997 2642 minime
2075 2579 2352 2644 conscio.

422 2660 657 2744 Neque
700 2660 876 2725 enim
920 2664 1059 2745 ipse
1093 2681 1133 2725 a
1159 2662 1443 2726 Domino
1476 2661 1705 2727 audita
1726 2662 1880 2728 Heli
1921 2662 2351 2749 patefecisset,

422 2767 633 2830 quum
679 2760 744 2809 et
788 2746 982 2811 istam
1039 2746 1449 2830 prophetiam
1508 2750 1621 2813 vix
1685 2766 1760 2813 ac
1804 2770 1887 2815 ne
1933 2750 2047 2816 vix
2092 2749 2352 2831 quidem

420 2832 616 2897 illum
638 2830 793 2897 Heli
828 2832 1132 2908 voluisse,
1179 2834 1303 2898 nisi
1340 2833 1732 2908 adiuratum,
1774 2843 1844 2899 et
1883 2835 2353 2917 quodammodo

420 2919 492 2984 vi
540 2917 868 2996 adactum,
925 2919 1180 3001 aperire
1241 2918 1608 2999 videamus3
1669 2919 1839 3003 quod
1884 2920 2037 2986 Heli
2096 2942 2178 2985 ex
2226 2920 2349 2987 hoc

422 3004 620 3088 signo
663 3004 1077 3086 cognovisset
1123 3004 1337 3071 Deum
1397 3005 1707 3088 peculiari
1765 3006 2044 3089 quadam
2102 3004 2352 3071 revela-

421 3090 608 3154 tione
652 3088 947 3154 Samueli
1005 3111 1146 3154 sese
1203 3091 1551 3174 aperuisse.
1641 3092 1747 3155 E'n
1792 3110 1912 3156 cur
1954 3091 2164 3170 tertio,
2217 3091 2352 3157 imo

422 3183 494 3240 et
535 3184 767 3257 quarto
804 3175 1018 3241 vocari
1043 3172 1411 3242 Samuelem
1458 3177 1839 3259 oportuerit,
1882 3175 1964 3240 de
2006 3175 2111 3241 his
2158 3178 2351 3242 rebus

414 3280 658 3345 parum
699 3261 914 3325 adhue
953 3261 1369 3344 cogitantem.
1456 3260 1634 3328 Hinc
1680 3261 1918 3328 factum
1965 3273 2042 3328 ut
2082 3282 2165 3327 ex
2209 3263 2350 3329 eius

415 3344 733 3411 tarditate
776 3346 858 3410 ad
904 3347 1285 3411 universum
1334 3347 1644 3429 populum
1690 3368 1819 3412 uon
1868 3349 2211 3413 mediocris
2255 3370 2349 3414 re-

420 3431 623 3496 dierit
679 3432 1042 3515 instructio,
1099 3429 1242 3498 Deo
1299 3432 1558 3515 singula
1613 3432 1698 3498 ad
1755 3431 2155 3498 destinatum
2196 3454 2237 3498 a
2279 3453 2351 3499 se

422 3519 628 3583 finem
674 3518 1000 3599 sapienter
1063 3525 1132 3582 et
1173 3517 1643 3584 admirabiliter
1704 3525 2147 3586 convertente.
2237 3517 2351 3585 Sic

421 3603 605 3668 infra
661 3600 986 3667 Dominus
1038 3622 1227 3668 arcae
1287 3602 1564 3669 foederis
1618 3616 1890 3689 captura
1946 3606 2352 3691 glorificatur

422 3687 604 3772 apud
664 3688 840 3770 ipsos
896 3708 1048 3753 suos
1108 3688 1443 3754 inimicos:
1507 3689 1744 3772 quibus
1802 3691 1996 3757 fldem
2055 3704 2347 3756 nostram

422 3785 684 3857 oportet
723 3773 1116 3839 confirmari.
1206 3773 1526 3840 Videmus
1569 3777 1747 3841 enim
1792 3776 1984 3842 hodie
2029 3777 2180 3859 quid
2232 3776 2348 3840 ho-

423 3861 639 3924 mines
684 3860 1037 3942 qualesque
1088 3861 1239 3934 sint,
1303 3860 1588 3926 noudum
1646 3881 1686 3926 a
1729 3863 1967 3945 spiritu
2014 3863 2136 3927 Dei
2182 3863 2347 3927 irra-

428 3944 628 4009 diati:
675 3966 715 4010 a
759 3965 887 4027 quo
930 3945 1068 4010 solo
1123 3958 1540 4011 renovantur.
1627 3947 1796 4012 Nam
1841 3949 1963 4013 etsi
2008 3948 2345 4014 Israelitae

426 4040 566 4095 tam
632 4029 873 4095 bonum
941 4031 1273 4097 doctorem
1342 4032 1690 4116 haberent,
1770 4045 1985 4098 tamen
2051 4033 2347 4116 stupidos

420 4116 645 4182 adhuc
688 4116 854 4195 illos,
909 4127 978 4181 et
1019 4119 1226 4182 instar
1269 4117 1625 4183 bestiarum
1684 4119 1879 4184 rudes
1922 4119 2124 4184 fuisse
2168 4120 2345 4184 vide-

421 4222 595 4279 mus,
642 4202 848 4268 douec
890 4202 973 4267 ad
1018 4203 1119 4267 sui
1164 4204 1567 4285 agnitionem
1616 4206 1906 4270 veniant.
1995 4203 2126 4271 Sed
2172 4203 2347 4269 dein·

418 4309 579 4371 cepe
621 4307 662 4351 a
709 4288 992 4353 Domino
1036 4287 1387 4366 reformati,
1448 4309 1766 4354 novarum
1825 4292 2036 4355 instar
2092 4303 2337 4355 creatu·

418 4394 652 4439 rarum
698 4384 873 4451 sunt,
936 4383 1001 4438 et
1044 4394 1083 4437 a
1127 4387 1333 4439 morte
1376 4378 1858 4442 suscitaturum.
1946 4373 2169 4456 Quare
2212 4374 2346 4441 Do-

418 4460 651 4524 minus
693 4459 818 4524 etsi
865 4456 1235 4525 Samuelem
1284 4471 1488 4538 vocat,
1545 4461 1757 4525 noluit
1813 4474 2032 4525 tamen
2078 4461 2161 4527 ab
2203 4463 2346 4544 ipso

418 4565 545 4610 neo
589 4544 800 4628 primo
847 4564 966 4610 nec
1008 4546 1203 4610 tertio
1247 4546 1711 4611 revelationem
1751 4548 2012 4630 percipi,
2061 4560 2135 4611 ut
2166 4557 2347 4611 tanto

416 4631 637 4696 maius
678 4631 747 4696 in
793 4641 1122 4711 posterum
1173 4631 1443 4695 haberet
1487 4631 1655 4713 apud
1702 4632 1954 4714 plebem
2004 4633 2163 4697 haec
2205 4654 2348 4715 pro-

416 4717 652 4802 phetia
705 4715 977 4798 pondus.
1081 4715 1317 4799 Itaque
1377 4716 1581 4782 donec
1638 4719 1833 4782 tertio
1893 4731 2162 4782 vocetur
2221 4716 2344 4784 Sa-

414 4803 618 4880 muel,
680 4822 749 4867 se
805 4802 889 4866 ab
934 4801 1088 4866 Heli
1147 4816 1466 4875 vocatum,
1531 4823 1660 4867 non
1720 4824 1760 4868 a
1807 4804 2086 4868 Domino
2143 4813 2345 4887 putat,

417 4886 922 4975 prophetiarum
966 4908 1041 4954 ac
1085 4888 1544 4953 revelationem
1591 4889 1804 4953 adhuc
1847 4890 2137 4973 ignarus.
2205 4886 2343 4954 Ob·

416 4972 819 5040 servandum
863 4994 1057 5056 porro
1101 4971 1426 5039 Samuelis
1472 4975 1938 5039 ministerium:
2001 4995 2151 5039 nam
2200 4973 2343 5039 Deo

417 5061 834 5126 ministrasse
890 5061 1106 5143 ipsum
1165 5061 1286 5123 sub
1331 5057 1485 5123 Heli
1530 5061 1837 5143 auspiciis
1879 5060 2342 5143 conspicimus.

423 5145 561 5211 Vix
628 5165 786 5210 vero
851 5147 1073 5211 multis
1139 5166 1176 5211 e
1235 5144 1521 5210 millibus
1579 5147 1895 5220 invenias,
1960 5147 2119 5210 adeo
2185 5160 2342 5211 sunt

414 5233 710 5314 corrupti
756 5230 1092 5296 hominum
1129 5250 1364 5310 mores,
1410 5230 1612 5295 ullum
1662 5231 2132 5298 adolescentem
2180 5232 2341 5299 adeo

1764 330 1868 399 IN
1909 332 1965 398 Ι.
2011 332 2189 398 LIB.
2235 329 2638 399 SAMUEL.
2685 332 2887 400 CAP.
2929 332 3058 399 111.

4254 335 4382 403 382

2453 521 2627 606 patri
2669 521 3072 606 morigerum
3113 539 3310 606 quam
3351 541 3493 587 sese
3540 517 3809 587 Samuel
3853 521 3935 587 ad
3980 524 4222 589 summi
4267 546 4375 590 sa-

2453 607 2732 674 cerdotis
2773 606 3084 672 mandata
3139 606 3441 690 praebuit
3496 606 3976 690 obsequentem,
4037 629 4187 674 cum
4243 630 4373 693 quo

2453 702 2675 758 tamen
2721 692 2901 758 nulla
2943 701 3083 758 erat
3124 692 3251 776 ipsi
3308 691 3749 758 necessitudo:
3810 703 4148 778 parentem
4194 697 4375 761 enim

2456 792 2799 862 utrumque
2841 777 3259 861 superstitem
3307 778 3602 843 habebat.
3693 781 3786 844 At
3845 800 4002 844 vero
4063 782 4261 846 cubat
4300 782 4374 846 in

2456 865 2845 941 sanctuario,
2904 873 3170 948 paratus
3228 863 3311 927 ad
3368 863 3804 928 ministerium
3864 864 4090 930 altaris
4132 868 4188 932 si
4233 868 4375 934 eius

2456 970 2656 1034 opera
2698 949 3124 1015 desideretur.
3207 948 3445 1032 Itaque
3496 951 3718 1015 statim
3775 950 3857 1014 ad
3920 951 4204 1034 primam
4259 973 4377 1018 vo·

2458 1057 2599 1102 cem
2645 1035 2882 1117 exsilit,
2928 1045 2995 1099 et
3035 1056 3105 1101 se
3148 1035 3228 1100 ad
3273 1036 3705 1100 ministerium
3766 1035 3965 1101 alacri
4021 1038 4239 1102 animo
4281 1040 4378 1105 of·

2461 1124 2605 1200 fert,
2664 1141 2793 1186 non
2854 1130 2928 1185 ut
2985 1122 3220 1186 iterum
3283 1132 3550 1186 vocetur
3593 1130 3956 1204 exspectat:
4014 1122 4234 1188 statim
4296 1124 4376 1189 ad

2458 1208 2739 1292 primam
2806 1205 3335 1273 inclamationem
3392 1205 3758 1289 respondet,
3816 1215 3885 1272 et
3939 1228 4010 1272 se
4069 1208 4150 1272 ad
4194 1210 4382 1275 obse-

2459 1292 2688 1377 quium
2733 1291 3053 1358 sacerdoti
3085 1303 3390 1374 paratum
3426 1291 3707 1357 exhibet.
3773 1292 3914 1358 Nae
3958 1292 4147 1359 laude
4184 1294 4383 1379 digna

2461 1389 2563 1444 est
2606 1376 2936 1444 Samuelis
2979 1378 3139 1443 haec
3196 1377 3397 1443 animi
3443 1377 3746 1443 alacritas
3789 1388 3857 1443 et
3913 1380 4379 1462 promptitudo,

2462 1485 2648 1532 suam
2693 1484 2957 1548 operam
3002 1473 3071 1527 et
3112 1464 3401 1528 studium
3438 1483 3631 1528 omne
3673 1462 3991 1529 sacerdoti
4026 1463 4388 1531 liberaliter

2461 1550 2813 1615 offerentis.
2881 1547 3032 1629 Quo
3076 1569 3231 1614 vero
3273 1549 3482 1613 rarior
3526 1558 3629 1613 est
3671 1549 3833 1614 haec
3876 1550 4049 1632 apud
4093 1550 4391 1617 homines

2464 1637 2675 1702 virtus
2715 1635 2835 1701 hoc
2869 1634 3144 1712 saeculo,
3190 1655 3265 1699 eo
3299 1634 3509 1717 magis
3554 1635 3619 1698 in
3663 1633 3835 1700 hanc
3876 1655 4093 1700 curam
4140 1637 4389 1702 incum-

2464 1723 2617 1786 bere
2660 1721 2985 1798 debemus‚
3029 1729 3104 1785 ut
3146 1719 3226 1785 ad
3275 1720 3398 1784 hoc
3441 1718 3816 1802 exemplum
3861 1740 3980 1786 nos
4022 1722 4382 1789 conforme-

2462 1828 2630 1872 mus.
2721 1806 2989 1871 Certum
3050 1806 3222 1870 enim
3284 1815 3385 1870 est
3442 1805 3506 1869 in
3553 1814 3841 1870 nostram
3889 1806 4377 1874 condemnatio·

2462 1913 2614 1958 nem
2661 1893 3085 1975 propositum,
3128 1891 3256 1956 nisi
3298 1889 3413 1955 illo
3458 1891 3819 1956 excitemur
3861 1890 3943 1955 ad
3982 1889 4217 1971 Deum,
4263 1914 4380 1978 per

2462 1999 2537 2043 os
2596 1978 2941 2042 hominum
3001 1997 3123 2041 nos
3180 1976 3654 2059 alloquentem,
3720 1975 4136 2057 audiendum,
4200 1981 4379 2045 omni

2460 2064 2779 2147 superiori
2840 2062 3146 2147 dignitati
3195 2082 3316 2127 nos
3372 2062 3784 2134 subiicentes,
3841 2071 3908 2126 et
3962 2061 4032 2127 in
4078 2065 4381 2132 omnibus

2460 2151 2818 2232 morigeros
2853 2169 2929 2214 ac
2969 2149 3398 2230 obsequentes
3441 2168 3559 2212 nos
3603 2146 4006 2214 exhibentes.

2630 2234 2838 2299 Porro
2895 2234 3137 2298 factum
3182 2232 3357 2299 istud
3404 2244 3710 2298 narratur
3754 2238 4085 2316 antequam
4125 2234 4376 2301 luem

2459 2318 2588 2385 Dei
2627 2321 3141 2403 exstinqueretur.
3207 2319 3578 2402 Lampadas
3620 2329 3836 2385 autem
3882 2339 3999 2401 per
4041 2320 4373 2386 lucernam

2455 2405 2936 2488 intelliguntur,
3003 2424 3168 2488 quae
3232 2414 3429 2470 noctu
3496 2403 4014 2471 accendebantur
4074 2407 4143 2469 in
4189 2425 4374 2472 sanc-

2458 2492 2689 2555 tuario.
2799 2489 3280 2555 Candelabrum
3344 2488 3607 2574 quidem
3673 2499 3817 2555 erat
3877 2510 4148 2555 aureum
4223 2509 4374 2556 cum

2458 2576 2707 2643 facibus
2749 2576 3055 2653 accensis,
3115 2595 3244 2658 quo
3296 2576 3567 2659 spiritus
3621 2575 3831 2642 sancti
3874 2578 4128 2659 gratiae
4170 2576 4376 2662 signi-

2455 2663 2845 2741 ficabantur,
2888 2670 2956 2726 et
2999 2661 3141 2744 ipsa
3183 2659 3456 2726 Domini
3514 2662 3885 2744 praesentia
3927 2672 4377 2745 repraesenta·
4487 2705 4492 2710 ·

2460 2748 2665 2823 batur,
2733 2758 2806 2811 ut
2863 2746 3037 2829 apud
3096 2746 3481 2812 Zachariam
3539 2746 3925 2831 prophetam
3983 2747 4111 2812 ista
4166 2747 4375 2833 expli-

2455 2843 2708 2898 cantur.
2777 2830 2910 2898 Sed
2951 2844 3215 2914 praeter
3256 2832 3419 2897 illud
3465 2840 3533 2898 et
3575 2832 3740 2897 aliae
3782 2829 4099 2915 quaedam
4147 2853 4374 2899 accen·

2458 2917 2780 2983 debentur
2843 2916 3176 3000 lampades
3239 2926 3458 2998 noctu,
3523 2918 3605 2982 ad
3673 2918 3931 3001 vigilias
3995 2919 4062 2981 in
4127 2917 4375 3001 templo

2456 3001 2877 3087 peragendas.
2959 3003 3105 3068 Hoc
3139 3003 3375 3067 imitati
3411 3001 3667 3086 quidem
3713 3003 4007 3087 papistae
4050 3013 4222 3080 sunt,
4257 3002 4373 3069 sed

2454 3099 2532 3154 ut
2575 3089 2820 3154 simiae.
2908 3087 3077 3153 Nam
3128 3089 3308 3153 Deus
3351 3088 3612 3172 quidem
3672 3088 3906 3153 horum
3953 3108 4141 3153 usum
4187 3109 4372 3173 prae-

2454 3188 2712 3257 ceperat
2754 3175 2822 3238 in
2867 3195 2987 3239 suo
3032 3174 3465 3256 tabernaculo,
3511 3174 3622 3240 sed
3660 3172 3932 3241 Domini
3976 3173 4181 3239 nostri
4219 3173 4372 3240 Iesu

2454 3259 2703 3326 Christi
2741 3259 3035 3325 adventu
3076 3259 3460 3338 finiendum,
3516 3261 3684 3343 quod
3742 3260 3895 3324 illae
3953 3268 4210 3324 tantum
4269 3280 4375 3326 es·

2450 3354 2599 3412 sent
2641 3346 2891 3430 figurae
2933 3356 3002 3410 et
3045 3346 3309 3412 umbrae
3343 3347 3576 3429 quibus
3610 3346 3750 3429 ipse
3790 3353 4106 3410 venturus
4143 3344 4371 3409 adum-

2454 3431 2698 3511 bratur,
2742 3440 2808 3496 et
2865 3450 3137 3513 quarum
3196 3433 3409 3497 virtus
3463 3442 3528 3497 et
3581 3431 3876 3515 impletio
3941 3431 4013 3495 in
4071 3431 4209 3512 ipso
4268 3450 4372 3496 re·

2449 3528 2639 3600 perta
2680 3527 2816 3582 est:
2873 3536 2948 3582 ae
3000 3516 3272 3601 proinde
3317 3537 3593 3600 quorum
3642 3536 3799 3581 usus
3843 3515 4035 3581 hodie
4079 3525 4179 3581 est
4218 3517 4371 3581 inu-

2450 3603 2606 3682 tilis,
2664 3602 2799 3667 imo
2858 3601 3099 3667 nullus.
3187 3603 3514 3668 Dominus
3571 3605 3746 3667 enim
3805 3610 4026 3666 noster
4068 3600 4373 3668 Christus

2452 3709 2681 3754 verum
2723 3686 2887 3752 illud
2932 3697 3032 3753 est
3075 3688 3414 3772 templum,
3456 3689 3524 3752 in
3570 3707 3697 3770 quo
3741 3686 3998 3752 habitat
4030 3686 4370 3769 plenitudo

2450 3772 2847 3839 divinitatis:
2919 3792 2994 3838 ac
3055 3774 3326 3857 proinde
3390 3773 3645 3838 nullum
3703 3773 3982 3857 amplius
4034 3772 4104 3836 in
4172 3771 4374 3838 Sione

2449 3859 2766 3943 templum
2828 3858 3287 3942 requirendum
3351 3870 3486 3925 est:
3551 3859 3720 3943 quod
3779 3871 3956 3925 totus
4010 3859 4185 3924 orbis
4246 3859 4371 3924 Dei

2448 3946 2651 4013 cultui
2718 3944 2969 4010 dicatus
3021 3955 3139 4010 est.
3227 3943 3480 4010 Idcirco
3533 3948 3972 4011 caeremoniae
4037 3954 4374 4010 cessarunt

2449 4042 2517 4096 et
2561 4030 2835 4096 abolitae
2876 4037 3051 4095 sunt.
3140 4028 3577 4111 Quamobrem
3637 4031 3911 4096 ridicula
3963 4030 4087 4096 fuit
4145 4047 4371 4095 eorum

2447 4118 2744 4195 imitatio,
2802 4117 2910 4198 qui
2969 4115 3291 4181 solemnes
3345 4116 3606 4200 vigilias
3665 4118 4110 4192 instituerunt,
4175 4124 4242 4179 et
4298 4115 4370 4178 in

2449 4201 2978 4285 superstitionem
3024 4202 3187 4285 legis
3228 4201 3475 4284 figuras
3518 4212 3586 4267 et
3627 4202 4069 4268 caeremonias
4105 4219 4370 4265 conver-

2450 4299 2692 4353 terunt.
2759 4285 2979 4352 Huius
3017 4308 3170 4351 vero
3205 4286 3329 4351 loci
3366 4307 3497 4352 non
3543 4288 3710 4352 alius
3746 4309 3975 4354 sensus
4009 4296 4126 4363 est,
4171 4305 4368 4367 quam

2450 4372 2766 4459 profunda
2791 4385 2976 4438 nocte
2999 4371 3295 4438 Samueli
3332 4371 3504 4439 hanc
3540 4374 3859 4438 visionem
3896 4373 4108 4437 datam
4145 4369 4369 4445 fuisse,

2448 4459 2616 4542 quod
2665 4459 2799 4523 alto
2846 4467 3006 4524 tuuc
3047 4478 3276 4523 somno
3317 4460 3625 4525 mortales
3670 4460 3875 4525 veluti
3920 4456 4157 4540 sepulti
4204 4456 4368 4520 sint:

2450 4556 2642 4629 prout
2684 4564 2875 4627 saepe
2921 4554 3115 4609 noctu
3160 4543 3372 4610 servis
3415 4548 3549 4611 suis
3586 4545 3944 4610 Dominum
3991 4541 4368 4625 apparuisse

2448 4650 2673 4696 sacrae
2727 4639 3052 4694 testantur
3123 4628 3412 4695 tabulae:
3480 4632 3631 4696 licet
3686 4631 3881 4694 etiam
3947 4626 4232 4692 interdiu
4298 4627 4366 4692 id

2444 4716 2673 4781 fecerit
2716 4714 2976 4798 quaudo
3020 4724 3088 4779 et
3130 4717 3383 4797 quoties
3424 4716 3547 4798 ipsi
3596 4716 3808 4781 visum
3853 4724 3971 4779 est.
4060 4713 4362 4777 Plerum-

2448 4822 2578 4885 que
2623 4812 2839 4865 tamen
2904 4799 3186 4864 visiones
3241 4801 3401 4866 istas
3454 4803 3652 4866 fuisse
3707 4813 4057 4866 nocturnas
4116 4809 4369 4864 eertum

2447 4897 2564 4963 est,
2624 4897 2698 4951 ut
2756 4907 2837 4950 ex
2885 4884 3158 4950 historia
3201 4885 3342 4953 Iobi
3393 4887 3557 4953 eatis
3611 4897 3712 4951 est
3769 4897 4064 4969 apertum
4111 4892 4176 4947 et
4216 4903 4368 4950 con-

2444 4975 2760 5056 spicuum.
2829 4969 3050 5052 Quare
3084 4991 3241 5036 vero
3269 4974 3446 5038 Deus
3490 4983 3884 5037 nocturnum
3931 4982 4191 5054 tempus
4228 4970 4368 5038 suis

2445 5057 2956 5123 revelationibus
3021 5059 3486 5141 patefaciendis
3550 5056 3793 5140 elegit?
3881 5075 4117 5137 nempe
4194 5057 4367 5139 quod

2448 5145 2749 5209 homiues
2792 5154 2949 5208 tuuc
2993 5144 3303 5226 temporis
3348 5144 3528 5208 velut
3561 5154 3750 5207 extra
3792 5163 3863 5207 se
3898 5140 4257 5224 rapiantur,
4303 5156 4370 5209 et

2443 5230 2607 5296 nihil
2635 5228 2899 5296 videant
2920 5228 3292 5310 audiantve,
3312 5249 3439 5312 quo
3474 5227 3601 5294 alio
3623 5240 3995 5294 avocentur.
4063 5225 4364 5297 Interdiu
