5059 6059
762 308 897 378 m

764 501 1083 568 honorem
1146 507 1214 565 et
1269 499 1545 585 gloriam
1604 499 2006 572 detrahunt?
2066 501 2245 568 Hinc
2287 502 2361 567 fit
2406 507 2481 566 ut
2525 499 2711 567 Deus

771 587 856 654 ab
944 585 1076 653 illis
1164 607 1295 652 non
1374 587 1733 665 invocetur,
1814 588 1945 652 imo
2009 589 2091 655 ab
2157 587 2315 672 ipsis
2381 586 2563 654 velut
2627 584 2710 652 ad

771 693 1195 759 congressum
1237 681 1655 757 provocetur,
1702 683 1774 738 ut
1819 672 2005 739 donis
2048 674 2246 739 etiam
2292 673 2374 740 ab
2418 674 2560 758 ipso
2604 694 2710 739 ac-

770 762 977 843 ceptis
1028 757 1342 824 adversus
1386 759 1601 842 ipsum
1649 759 1849 823 veluti
1897 758 2355 844 digladientur,
2413 780 2489 824 ac
2534 778 2713 823 more

774 845 1117 931 gigantum
1156 844 1236 910 de
1272 844 1435 909 solio
1472 844 1814 910 detrahere
1849 845 2021 912 velle
2044 845 2410 910 videantur.
2501 844 2711 910 Porro

774 951 908 998 non
971 931 1049 996 de
1108 932 1264 997 solis
1323 931 1402 995 iis
1460 929 1567 994 hic
1612 934 1811 996 Anna
1855 930 2160 1014 loquitur,
2217 931 2329 1015 qui
2374 925 2604 996 robore
2648 937 2715 996 et

772 1017 1026 1086 viribus
1061 1019 1353 1101 corporis
1389 1015 1663 1100 praediti
1703 1024 1878 1097 sunt,
1921 1016 2032 1083 sed
2058 1015 2419 1082 valentium
2447 1017 2715 1082 nomine

772 1103 1230 1186 complectitur
1295 1123 1404 1167 eos
1458 1102 1655 1167 etiam
1716 1102 1828 1188 qui
1888 1104 2236 1169 autoritate
2281 1113 2348 1169 et
2393 1103 2714 1187 dignitate

775 1188 990 1273 aliqua
1037 1188 1305 1276 pollent,
1348 1189 1569 1272 quales
1614 1200 1771 1253 sunt
1813 1210 2024 1274 reges,
2081 1188 2429 1274 principes,
2474 1188 2712 1272 aliique

771 1273 1093 1341 eiusmodi
1150 1276 1593 1360 magistratus.
1683 1275 1776 1339 At
1832 1276 2076 1359 quales,
2132 1296 2267 1356 oro,
2371 1274 2580 1339 lerum
2632 1296 2714 1339 ue

772 1371 929 1427 sunt
984 1362 1252 1426 istorum
1312 1362 1651 1425 hominum
1697 1359 2141 1444 cogitationen,
2201 1297 2419 1444 qualia
2464 1371 2569 1425 stu
2617 1358 2712 1425 ial

772 1446 1016 1512 Fateor
1074 1446 1330 1529 quidem
1389 1447 1843 1529 interrogatos,
1902 1466 1941 1510 a
1998 1468 2123 1529 quo
2167 1446 2238 1511 in
2284 1445 2454 1513 hanc
2500 1445 2712 1531 digni-

775 1543 978 1598 tatem
1023 1533 1231 1598 evecti
1267 1534 1418 1613 sint,
1461 1551 1885 1614 responsuros
1922 1553 1960 1596 a
1996 1532 2174 1597 Deo:
2223 1553 2451 1597 verum
2493 1541 2713 1596 tamen

772 1618 921 1683 illos
979 1618 1207 1702 gloria,
1271 1619 1482 1699 minis,
1556 1616 1845 1694 saevitia,
1905 1618 2271 1702 tyrannide,
2332 1617 2718 1683 crudelitate

774 1705 1001 1789 plenos
1059 1703 1311 1769 videas:
1370 1717 1437 1767 et
1489 1723 1690 1785 quum
1751 1703 2036 1768 maxime
2096 1703 2514 1769 abominandi
2559 1704 2716 1781 sint,

777 1789 1195 1856 admirandos
1253 1799 1471 1854 tamen
1532 1788 1655 1854 sibi
1702 1788 2125 1854 consiliorum
2160 1810 2498 1856 successus
2536 1789 2721 1872 polli-

776 1876 932 1944 ceri.
1021 1874 1243 1956 Quare
1298 1894 1432 1938 non
1494 1875 1733 1938 mirum
1791 1872 1846 1937 si
1909 1872 2094 1940 Deus
2147 1875 2351 1940 elatos
2392 1875 2554 1941 istos
2601 1875 2717 1939 bo-

776 1963 1178 2040 munciones,
1219 1969 1288 2025 et
1325 1960 1572 2025 viribus
1607 1962 1743 2025 suis
1780 1959 2073 2037 fidentes,
2122 1961 2429 2045 deprimit
2463 1972 2529 2026 et
2564 1980 2718 2026 con-

777 2048 1033 2131 fringit,
1078 2045 1250 2129 quod
1297 2046 1606 2111 nimirum
1652 2044 1839 2110 donis
1887 2046 2012 2110 Dei
2051 2047 2424 2114 abutantur.
2515 2048 2608 2111 Et
2644 2047 2719 2111 in

778 2135 957 2200 hunc
1001 2153 1266 2198 sensum
1312 2130 1630 2214 propheta
1671 2131 1915 2197 Psalm.
1960 2132 2064 2198 33.
2109 2153 2278 2198 vers.
2326 2132 2427 2201 16.
2477 2133 2578 2198 17.
2624 2133 2720 2198 lo-

783 2229 1026 2305 quutus
1069 2227 1204 2283 est:
1248 2217 1470 2283 Fortis
1507 2239 1640 2282 non
1661 2217 1941 2299 eripitur
1964 2218 2416 2303 magnitudine
2439 2219 2716 2285 roboris:

780 2303 967 2391 τοι.)
1021 2303 1227 2368 fallax
1268 2323 1476 2387 equus
1512 2302 1593 2368 ad
1638 2303 1936 2380 salutem,
1995 2325 2205 2387 neque
2264 2304 2721 2390 magnitudine

772 2390 1026 2457 roboris
1083 2391 1185 2455 sui
1256 2401 1509 2454 servat:
1575 2409 1725 2455 ecce
1781 2390 2008 2456 oculus
2052 2389 2337 2456 Iebovae
2381 2400 2483 2456 est
2517 2412 2720 2474 super

775 2478 1084 2543 timentes
1149 2495 1318 2556 eum,
1399 2476 1511 2558 qui
1577 2485 1845 2560 sperant
1909 2475 1978 2541 in
2047 2475 2494 2543 misericordia
2559 2477 2719 2542 eius.

774 2562 984 2644 Atqui
1049 2582 1176 2644 quo
1241 2561 1615 2645 generosior
1681 2582 1886 2645 equus
1953 2561 2146 2627 alicui
2193 2561 2564 2646 contigerit,
2645 2583 2721 2628 eo

774 2648 987 2731 magis
1050 2648 1122 2711 in
1181 2666 1257 2711 eo
1303 2668 1489 2711 suam
1537 2647 1853 2713 virtutem
1897 2648 1978 2713 ab
2025 2646 2408 2713 bominibus
2452 2648 2721 2732 agnosci

777 2735 960 2800 Deus
1002 2732 1169 2798 vult.
1258 2730 1481 2813 Quare
1524 2753 1681 2816 ergo
1717 2754 1847 2798 non
1902 2733 2112 2817 placet
2150 2735 2290 2799 Deo
2326 2734 2525 2800 robur
2559 2734 2723 2799 illud

776 2817 1136 2903 equorum?
1185 2840 1419 2903 nempe
1460 2829 1726 2902 propter
1770 2819 2109 2886 hominum
2155 2829 2570 2904 arrogantem
2617 2821 2721 2885 in-

772 2905 1140 2986 solentiam,
1198 2905 1306 2988 qui
1366 2926 1496 2988 quo
1557 2905 2001 2988 generosiores
2057 2915 2123 2971 et
2172 2907 2473 2972 fortiores
2518 2926 2723 2990 equos

774 2991 953 3057 nacti
1031 2992 1292 3067 fuerint,
1382 3012 1457 3055 eo
1525 2990 1735 3076 magis
1801 2991 2184 3072 efferuntur,
2274 2999 2342 3058 et
2406 2991 2722 3058 adversus

775 3076 995 3143 Deum
1065 3096 1216 3142 cum
1296 3097 1555 3142 summo
1620 3085 1997 3161 contemptu
2062 3077 2435 3144 calcitrant:
2524 3087 2723 3161 atque

774 3165 993 3249 ipsum
1053 3182 1366 3246 prospere
1419 3162 1543 3228 sibi
1587 3162 1877 3228 consiliis
1919 3163 2411 3232 succedentibus
2457 3183 2722 3247 prorsus

775 3248 1048 3334 pedibus
1113 3247 1514 3315 conculcant.
1605 3247 1796 3329 Quod
1853 3249 2056 3332 igitur
2094 3249 2341 3316 malitia
2383 3259 2450 3315 et
2491 3249 2718 3334 ingra-

774 3335 1057 3401 titudine
1113 3333 1237 3400 Dei
1298 3334 1470 3399 dona
1528 3333 1862 3400 foedamus
1919 3345 1984 3399 et
2042 3335 2417 3420 polluimus,
2482 3338 2720 3401 merito

776 3422 873 3486 illi
944 3422 1142 3485 etiam
1221 3419 1585 3504 displicent.
1676 3421 1978 3503 Denique
2036 3442 2255 3486 rernm
2315 3422 2722 3505 experientia

779 3506 1097 3590 magistra
1140 3526 1255 3572 nos
1298 3508 1461 3572 satis
1505 3525 1832 3589 superque
1876 3504 2093 3572 docet:
2141 3505 2359 3571 Deum
2407 3528 2549 3572 sese
2584 3509 2721 3574 suis

778 3593 1028 3657 viribus
1094 3592 1279 3658 nixos
1338 3592 1499 3656 adeo
1556 3592 1902 3658 efferentes
1960 3590 2361 3658 contundere
2418 3593 2720 3658 solitumt

783 3677 955 3762 quod
1017 3679 1069 3743 si
1126 3699 1254 3742 non
1316 3699 1571 3761 semper
1628 3676 1881 3757 accidit,
1940 3699 2023 3744 ne
2069 3689 2288 3743 tamen
2334 3680 2398 3744 in
2447 3679 2720 3746 dubium

783 3763 1009 3830 divina
1049 3762 1289 3828 iudicia
1327 3784 1725 3839 revocemus,
1772 3783 2051 3847 quorum
2097 3763 2205 3830 hic
2250 3763 2721 3847 plenitudinem

780 3851 1010 3915 'videre
1052 3870 1180 3913 non
1217 3869 1578 3932 possumus,
1622 3848 1736 3915 sed
1773 3871 1857 3914 ex
1891 3859 2076 3933 parte
2112 3850 2169 3916 si
2205 3851 2724 3935 contemplemur

783 3935 1065 4001 multum
1137 3943 1254 3999 est.
1342 3935 1590 4000 Verum
1665 3938 2003 4001 enimvero
2077 3939 2131 4002 si
2192 3939 2462 4001 attentis
2519 3936 2726 4003 oculis

786 4033 855 4085 et
910 4029 1133 4084 mente
1176 4018 1402 4087 eadem
1448 4021 1878 4102 intueremur,
1952 4043 2075 4086 nae
2120 4021 2316 4088 huius
2359 4023 2725 4089 sententiae

786 4109 1162 4172 veritatem:
1221 4107 1435 4172 Areus
1474 4108 1742 4189 fortium
1783 4108 2112 4192 confr-inqu]
2169 4129 2239 4172 re
2282 4107 2425 4191 ipsa
2468 4107 2725 4193 impleri

787 4194 1324 4275 conspiceremus.
1413 4192 1854 4274 Quamobrem
1892 4215 1974 4259 ex
2011 4195 2153 4260 istis
2190 4193 2569 4259 discendum
2608 4204 2725 4274 est,

784 4300 920 4344 non
972 4277 1135 4342 adeo
1178 4297 1297 4342 nos
1340 4298 1481 4343 esse
1526 4279 1763 4344 virium
1811 4299 1886 4344 ac
1930 4280 2181 4345 roboris
2225 4280 2492 4364 cupidos
2538 4301 2725 4363 opor-

785 4376 947 4443 tere,
992 4363 1513 4447 quandoquidem
1575 4375 1712 4429 tam
1756 4365 2002 4430 debiles
2045 4387 2272 4430 sumus
2317 4378 2582 4450 tamque
2627 4367 2727 4431 in-

786 4451 965 4516 cauti
1012 4461 1086 4514 ut
1130 4451 1266 4514 sint
1307 4469 1384 4515 ea
1426 4451 1616 4514 nobis
1659 4459 1843 4516 tanto
1884 4453 2155 4515 maioris
2198 4452 2420 4535 lapsus
2456 4453 2726 4518 occasio.

784 4536 1014 4617 Quare
1069 4536 1127 4601 si
1189 4536 1369 4600 Deus
1426 4536 1495 4600 in
1555 4536 1850 4602 altiorem
1909 4538 2185 4621 gradum
2247 4558 2366 4602 nos
2417 4540 2730 4617 evexerit,

788 4634 1056 4688 nostrae
1140 4622 1480 4688 tenuitatis
1560 4643 1882 4689 memores
1946 4644 2098 4689 cum
2164 4624 2341 4688 omni
2410 4622 2731 4689 modestia

789 4708 1045 4791 Deiqne
1089 4708 1318 4772 timore
1363 4708 1539 4772 vitae
1581 4709 1979 4776 curriculum
2023 4708 2478 4775 decurramus:
2536 4717 2731 4793 atque

792 4794 1012 4860 Deum
1058 4794 1243 4858 nobis
1286 4814 1361 4860 ac
1407 4806 1668 4859 nostrae
1712 4795 1907 4860 saluti
1954 4795 2313 4871 consulere,
2360 4816 2563 4878 quum
2613 4816 2732 4861 nos

792 4881 863 4943 in
922 4880 1101 4944 tenui
1162 4888 1338 4944 statu
1385 4881 1695 4961 continet,
1753 4891 1821 4945 et
1865 4901 1995 4946 non
2043 4879 2123 4945 ad
2164 4890 2449 4968 nostram
2493 4882 2732 4946 volun·

792 4974 993 5029 tatem
1052 4965 1326 5040 extollit,
1389 4986 1771 5048 persuasum
1815 4965 2187 5033 habeamus.
2279 4966 2529 5033 Contra
2575 4986 2733 5033 vero

792 5051 1040 5115 infirmi
1077 5049 1382 5117 dicuntur
1416 5053 1684 5120 accincti
1722 5053 1969 5131 robore,
2007 5062 2081 5117 ut
2116 5052 2464 5117 doceamur
2498 5052 2735 5134 Deum,

933 5238 990 5310 ¹⁹)
1020 5239 1109 5294 Sic
1133 5245 1311 5294 textus
1329 5242 1621 5311 impressus
1640 5240 1805 5295 etiam
1822 5240 1880 5294 in
1898 5241 2101 5296 Amstd.
2122 5255 2255 5295 sane
2271 5240 2585 5310 legendum:
2609 5242 2736 5298 Bes.

2474 306 2886 376 HOMILIA
2931 306 3050 374 VI.

2814 497 3074 586 quando
3148 497 3393 566 debiles
3465 518 3541 564 ac
3588 497 3834 565 infirmi
3893 497 4254 576 fuerimus„
4313 512 4714 582 opportunum

2813 586 3135 651 auxilium
3206 585 3398 651 nobis
3451 585 3828 652 allaturum.
3921 587 4144 668 Atque
4200 582 4362 648 adeo
4416 581 4714 650 sciendum

2815 672 2956 737 fieri
2999 692 3210 756 posse,
3255 681 3334 736 ut
3376 680 3584 736 totum
3631 670 3809 737 vitae
3849 683 4115 738 nostrae
4148 668 4541 736 curriculum
4576 670 4713 737 viles

2814 768 3009 841 atque
3074 757 3312 828 abiecti
3370 756 3705 842 degamus,
3776 778 3852 824 ac
3913 757 4101 822 velut
4154 754 4358 821 hnmi—
4398 765 4716 837 reptemus,

2816 852 3262 910 verumtamen
3322 841 3537 908 Deum
3582 843 3652 908 in
3697 843 3821 909 hac
3863 843 4221 909 deiectione
4259 849 4330 907 et
4372 841 4717 906 infirmitate

2816 931 3002 997 nobis
3075 949 3414 1013 nunquam
3469 927 3885 996 defuturum:
3951 926 4066 994 sed
4121 927 4523 993 necessarias
4571 928 4718 992 vires

2816 1017 3264 1094 suffecturum,
3353 1035 3437 1080 ne
3508 1035 3801 1099 unquam
3880 1013 4274 1081 deficiamus.
4363 1011 4529 1080 Nam
4597 1012 4716 1095 ipse

2819 1104 2999 1169 Deus
3034 1101 3357 1185 promisit,
3402 1121 3544 1167 sese
3580 1101 3757 1170 vires
3791 1101 4120 1186 oppressis
4156 1099 4487 1164 daturum.
4566 1098 4719 1165 Hinc

2816 1191 3034 1274 itaque
3093 1187 3282 1253 nobis
3333 1185 3508 1252 istud
3566 1185 3943 1252 discendum
4005 1187 4076 1251 in
4133 1205 4392 1251 summa
4433 1193 4565 1249 est:
4615 1182 4722 1249 Dei

2819 1275 3175 1360 potentiam
3220 1295 3297 1340 ac
3340 1273 3749 1338 maiestatem
3796 1272 4098 1339 omnibus
4142 1291 4286 1337 sese
4329 1269 4721 1336 efferentibus

2818 1383 2892 1427 ac
2937 1358 3463 1443 superbientibus
3506 1378 3613 1423 ma
3663 1379 3902 1443 nopere
3938 1357 4354 1423 metuendam
4394 1367 4582 1440 atque
4613 1367 4721 1420 tre-

2821 1446 3147 1524 mendam,
3219 1465 3384 1530 quae
3448 1445 3752 1510 omnine
3819 1443 4135 1509 adversus
4199 1445 4417 1526 ipsum
4458 1443 4725 1527 giganteo

2822 1553 3003 1598 more
3047 1531 3538 1615 insurgentibus
3584 1548 3660 1594 ac
3695 1530 3935 1596 bellum
3971 1528 4404 1596 inferentibus
4439 1527 4726 1607 imminet,

2822 1628 3016 1702 atque
3072 1618 3373 1683 ultimum
3429 1616 3774 1682 minitatur
3830 1616 4104 1682 exitium
4165 1623 4234 1681 et
4289 1613 4727 1680 confusionem.

2822 1705 3072 1772 Contra
3136 1724 3288 1769 vero
3332 1702 3603 1769 eandem
3650 1702 3832 1767 illam
3892 1701 4251 1786 potentiam
4305 1719 4476 1783 quae
4532 1720 4727 1782 super-

2822 1791 2922 1857 bis
2964 1789 3265 1856 omnibus
3308 1789 3585 1855 exitium
3643 1787 3870 1867 adfert,
3930 1786 4197 1853 abiectis
4255 1800 4324 1851 et
4384 1785 4728 1862 humilibus,

2824 1876 3078 1960 sibique
3123 1875 3290 1940 nihil
3336 1874 3815 1959 arrogantibus,
3875 1873 3986 1940 sed
4033 1872 4485 1938 infirmitatem
4529 1890 4731 1956 agnos·

2824 1962 3142 2042 centibus,
3219 1960 3732 2028 consolationem
3791 1968 3860 2026 et
3916 1959 4226 2025 solatium
4283 1957 4465 2038 dare,
4531 1974 4733 2042 nempe

2868 2049 2993 2113 uod
3037 2048 3121 2113 ab
3163 2048 3361 2113 unius
3407 2046 3534 2112 Dei
3571 2047 3784 2130 gratia
3809 2047 4030 2111 omnia
4066 2044 4351 2129 pendere
4389 2051 4733 2128 agnoscant.

2822 2070 3051 2216 &aare
3109 2154 3237 2218 quo
3294 2132 3421 2201 Dei
3468 2132 3827 2215 potentiam
3870 2132 4081 2216 magis
4123 2130 4459 2214 cognitam
4503 2128 4733 2206 habent,

2824 2241 2903 2285 eo
2972 2219 3404 2286 confidentius
3463 2217 3780 2284 adversus
3838 2217 4158 2301 quoslibet
4209 2216 4634 2299 superborum
4683 2221 4735 2279 et

2823 2306 3245 2372 insolentium
3284 2303 3626 2370 hominum
3670 2304 3956 2371 insultus
4000 2324 4078 2370 ac
4113 2301 4493 2368 violentiam
4526 2297 4734 2366 audent

2824 2392 3199 2473 subsistere,
3257 2413 3386 2457 non
3447 2390 3752 2456 defuturo
3795 2388 4063 2455 Domini
4106 2387 4354 2454 auxilio
4405 2408 4603 2471 quum
4643 2407 4736 2451 ue·

2826 2480 3095 2544 cessitas
3131 2477 3581 2562 postulaverit.

2999 2565 3295 2647 Pergens
3354 2565 3552 2628 Anna
3611 2561 3801 2628 dicit:
3866 2558 4136 2626 Securos
4176 2579 4435 2643 operam
4476 2577 4649 2626 mm
4681 2556 4738 2622 ὠ

2815 2670 3051 2731 panem
3114 2650 3433 2729 locavisse,
3497 2653 3553 2714 et
3606 2645 3929 2732 famelicos
3984 2647 4256 2729 expletos
4308 2646 4537 2727 fuisse.
4632 2642 4738 2708 Per

2823 2736 3156 2802 famelicos
3192 2735 3538 2820 intelligite
3594 2735 3773 2798 viros
3831 2733 4189 2817 opulentos,
4250 2732 4496 2814 quibus
4539 2729 4633 2796 vel
4669 2749 4736 2793 ex

2825 2823 3059 2907 amplis
3118 2821 3366 2887 divitiis
3425 2820 3527 2884 vel
3591 2839 3980 2903 magnorum
4035 2819 4450 2903 negotiorum
4495 2815 4737 2880 admini-

2823 2909 3161 2985 stratione,
3199 2907 3371 2972 tanti
3407 2917 3561 2971 sunt
3594 2904 3849 2970 reditus
3883 2919 3959 2970 ut
3994 2905 4099 2971 vel
4132 2904 4217 2969 ad
4256 2903 4488 2969 luxum
4524 2902 4737 2980 vivant,

2824 3015 2985 3078 quos
3042 3013 3307 3078 operam
3364 3013 3546 3059 suam
3609 2991 3932 3057 locaturus
3986 2990 4067 3055 ob
4124 3011 4361 3074 panem
4428 2989 4597 3066 dicit,
4649 3005 4736 3051 eos

2824 3080 3075 3146 victum
3121 3079 3274 3144 olim
3321 3077 3840 3144 emendicaturos
3882 3077 4133 3142 innuit:
4193 3086 4431 3143 contra
4472 3093 4623 3140 vero
4660 3072 4737 3137 fa·

2825 3166 3088 3232 melicos
3132 3163 3521 3248 explendos:
3582 3165 3722 3228 Deo
3766 3163 4078 3228 nimirum
4125 3161 4285 3246 ipsis
4329 3159 4588 3227 abunde
4625 3159 4738 3223 vic·

2825 3262 2962 3317 tum
3055 3250 3531 3335 suppeditante.
3619 3249 3811 3314 Nova
3893 3269 4050 3315 sane
4129 3257 4196 3313 et
4275 3246 4569 3313 insolens
4635 3245 4739 3309 ista

2824 3337 3251 3404 commutatio
3314 3335 3526 3402 videri
3582 3336 3815 3401 merito
3880 3335 4106 3412 cuivis,
4189 3333 4573 3417 praesertim
4633 3329 4740 3394 Del

2826 3422 3422 3489 immutabilitatem
3459 3422 3766 3502 intuenti,
3808 3429 4048 3504 posset.
4137 3420 4309 3486 Nam
4346 3440 4548 3504 quum
4586 3418 4739 3483 Deus

2826 3509 2914 3576 sit
2959 3509 3402 3587 immutabilis,
3448 3519 3514 3574 et
3562 3509 3703 3574 eius
3737 3508 3934 3572 etiam
3972 3527 4169 3590 opera
4204 3517 4514 3589 oportere
4546 3517 4738 3570 tenore

2826 3616 3082 3679 semper
3140 3594 3368 3661 eodem
3425 3595 3648 3672 fluere,
3707 3593 3877 3659 ratio
3934 3592 4224 3657 humana
4284 3591 4549 3672 iudicet,
4604 3605 4738 3684 quse

2825 3682 3215 3766 plerumque
3260 3681 3351 3747 sic
3395 3679 3863 3745 ratiocinatur:
3906 3678 4130 3760 Quare
4175 3677 4357 3744 Deus
4405 3671 4737 3744 istiusmodi

2826 3767 3313 3834 confusionibus
3379 3774 3446 3832 et
3506 3766 3707 3831 veluti
3751 3764 4042 3831 fortuitis
4084 3763 4345 3831 casibus
4394 3764 4738 3834 delectatur,

2827 3863 2902 3919 ut
2959 3864 3132 3919 totus
3174 3852 3348 3919 orbis
3391 3852 3834 3917 confusionem
3880 3870 3955 3917 ac
4001 3850 4259 3915 ruinam
4308 3850 4549 3916 minari
4585 3843 4738 3913 vide·

2827 3947 2994 4016 atur,
3055 3938 3431 4023 potentibus
3490 3957 3566 4004 ac
3609 3936 3894 4003 robustis
3963 3936 4289 4020 depressis
4334 3950 4531 4022 atque
4589 3931 4737 3998 debi-

2827 4025 3061 4091 litatis:
3123 4024 3435 4090 divitibus
3478 4032 3547 4088 et
3580 4024 3905 4109 opulentis
3965 4021 4305 4088 exhaustis
4338 4032 4411 4087 et
4449 4022 4736 4116 depaupe-

2830 4112 3022 4176 ratis:
3133 4110 3379 4176 saturis
3477 4109 3755 4193 denique
3863 4107 4218 4176 exinanitis
4303 4119 4369 4172 et
4461 4105 4738 4173 famelicus

2831 4196 3128 4263 effectis?
3196 4195 3411 4261 Immo
3480 4217 3635 4260 vero
3704 4195 3988 4279 primum
4061 4195 4118 4260 si
4183 4198 4499 4259 continua
4554 4206 4738 4258 rerum

2830 4283 2997 4349 serie
3043 4304 3117 4349 ac
3177 4281 3630 4348 vicissitudine
3675 4281 3852 4347 hunc
3908 4280 4130 4346 orbem
4176 4281 4317 4364 regi
4361 4280 4741 4362 conspicere·

2830 4390 2997 4449 mus,
3056 4379 3229 4435 certe
3291 4369 3417 4433 Dei
3474 4366 3888 4451 providentia
3948 4367 4139 4452 longe
4197 4367 4539 4433 obscurior
4578 4371 4738 4438 efflet,

2828 4462 3023 4538 atque
3083 4454 3468 4521 universalis
3529 4453 3640 4518 illa
3695 4452 4091 4537 dispensatio
4136 4459 4394 4517 tantum
4443 4463 4736 4535 stuporem

2833 4541 3071 4606 nostris
3131 4539 3427 4606 sensibus
3472 4540 3783 4619 iniiceret,
3848 4549 3926 4604 ut
3966 4559 4225 4605 omnem
4271 4537 4353 4604 de
4399 4537 4544 4604 Deo
4585 4532 4738 4599 nobis

2831 4618 3287 4712 cogitationem
3384 4635 3581 4710 atque
3681 4626 4060 4691 memoriam
4149 4625 4450 4706 eriperet.
4579 4621 4737 4692 Nam,

2832 4712 3116 4796 exempli
3175 4713 3404 4795 gratia,
3467 4713 3522 4776 si
3567 4711 3661 4778 sol
3708 4721 4033 4777 terrarum
4071 4710 4292 4777 orbem
4339 4729 4595 4793 semper
4624 4707 4737 4768 sine

2836 4798 3044 4864 noctis
3088 4797 3537 4863 vicissitudine
3581 4797 3784 4863 radiis
3821 4797 4200 4877 illustraret,
4243 4816 4575 4879 nunquam
4607 4808 4737 4858 sane

2835 4884 3022 4950 nobis
3080 4885 3147 4949 in
3211 4892 3497 4949 mentem
3544 4883 3656 4949 illa
3701 4885 3895 4949 toties
3941 4883 4007 4948 in
4055 4883 4257 4949 sacris
4301 4883 4576 4967 repetita
4615 4877 4739 4941 doc·

2839 4971 3029 5049 trina,
3112 4968 3329 5035 Deum
3398 4991 3499 5036 res
3560 4990 3785 5034 omnes
3851 4990 3890 5034 a
3956 4990 4024 5034 se
4087 4979 4343 5036 creatas
4385 4966 4737 5053 gubernare,

2837 5056 3117 5121 veniret.
3209 5054 3318 5122 Sic
3376 5077 3573 5140 quum
3634 5078 3715 5122 ex
3774 5055 4118 5120 sterilitate
4158 5055 4472 5120 damnum
4516 5041 4738 5133 aliquod

2839 5142 3144 5226 patimur,
3223 5153 3630 5225 peccatorum
3686 5140 4149 5208 admonemur:
4222 5142 4277 5207 si
4333 5161 4492 5205 vero
4543 5149 4739 5202 serem

2841 5237 3195 5313 tempestas
3239 5228 3455 5308 fuerit,
3505 5227 3766 5294 divinae
3811 5226 4281 5293 benedictionis
4326 5221 4736 5292 testimonium
