5059 6059
826 319 959 386 271

837 508 1001 574 adeo
1043 503 1485 590 perspicacem
1530 521 1694 588 esse,
1739 502 1850 585 qui
1896 500 1977 566 de
2023 501 2217 567 rebus
2262 501 2534 565 incertis
2578 508 2645 565 et
2687 502 2787 566 in·

840 594 1123 676 cognitis
1178 590 1510 666 iudicans,
1581 588 1718 653 falli
1775 597 1843 652 et
1902 608 2123 652 errare
2179 607 2305 652 non
2370 587 2596 668 possit.
2686 588 2789 653 De

842 681 1039 746 rebus
1083 676 1366 761 quidem,
1404 695 1570 757 quas
1613 674 1820 739 aDeo
1864 674 2006 755 ipso
2054 675 2483 756 praescriptas
2518 673 2785 751 scimus,

843 777 1097 834 certum
1143 784 1227 827 ex
1274 763 1483 846 ipsius
1538 761 1739 825 verbo
1775 759 2084 823 iudicium
2151 759 2527 824 ferendum:
2590 774 2659 824 at
2717 763 2783 824 in

843 851 1094 928 mediis,
1137 870 1267 912 non
1315 860 1561 911 temero
1608 845 1687 911 de
1724 847 2037 928 proximis
2073 845 2515 910 iudicandum.
2564 846 2786 926 Quare

842 959 1039 1022 quum
1084 934 1239 1000 Heli
1288 933 1627 1015 deceptum
1673 932 1744 996 in
1795 935 1988 996 Anna
2032 940 2166 996 tam
2213 929 2521 996 ardenter
2575 934 2783 995 Deum

842 1033 1073 1091 orante
1151 1020 1519 1093 videamus,
1602 1033 1674 1083 ut
1752 1018 2182 1081 temulentam
2256 1019 2612 1081 arbitratus
2675 1019 2782 1097 sit,

838 1120 1084 1194 quanta
1125 1127 1286 1173 cura
1328 1118 1395 1171 et
1436 1103 1875 1171 sollicitudine
1932 1124 2047 1167 nos
2092 1102 2276 1169 decet
2319 1102 2629 1167 iudicium
2678 1125 2783 1168 co-

842 1195 1104 1272 hibere,
1165 1214 1247 1258 ne
1293 1191 1584 1258 severius
1629 1191 1696 1253 in
1745 1189 2188 1271 proximorum
2233 1188 2407 1254 facta
2452 1189 2783 1271 inquiren-

843 1291 946 1348 tes
992 1280 1072 1344 dc
1112 1280 1269 1361 ipsis
1314 1277 1707 1344 sententiam
1744 1287 1991 1341 temere
2024 1273 2356 1340 feramus?
2405 1275 2507 1338 Ea
2542 1275 2779 1338 summi

846 1367 1169 1450 pontificis
1229 1375 1371 1429 erat
1435 1363 1781 1437 autoritas,
1848 1371 1919 1424 ut
1977 1361 2329 1442 quemlibet
2386 1381 2664 1442 arg-uere
2706 1379 2782 1424 ac

846 1450 1323 1536 reprehendere
1368 1459 1742 1531 peccantem
1791 1461 2026 1529 posset,
2071 1468 2111 1511 a
2149 1447 2288 1511 Deo
2327 1446 2633 1510 nimirum
2680 1448 2779 1509 in-

844 1540 1113 1604 stitutus
1159 1549 1233 1600 ut
1277 1549 1585 1617 tanquam
1630 1533 1838 1616 ipsius
1864 1531 2138 1615 legatus
2182 1531 2619 1597 sacerdotium
2666 1551 2778 1595 ex-

844 1636 1122 1689 erceret:
1190 1622 1446 1705 culpam
1494 1631 1716 1683 tamen
1761 1638 2176 1699 erroremque
2220 1638 2410 1682 suum
2460 1619 2776 1701 agnoscit.

847 1709 1069 1791 Quare
1113 1707 1526 1780 discendum,
1573 1707 1641 1769 in
1688 1705 1880 1769 rebus
1924 1702 2172 1785 dubiis,
2218 1725 2381 1785 quae
2425 1702 2494 1766 in
2542 1703 2779 1767 bonam

844 1797 948 1862 vel
992 1794 1235 1859 malam
1281 1806 1533 1874 partem
1592 1789 1767 1854 trahi
1814 1803 2122 1871 possunt.
2180 1810 2316 1854 rem
2364 1798 2573 1853 totam
2622 1789 2780 1868 Dec,

848 1901 1220 1948 recessuum
1269 1874 1795 1942 cordis-humani
1858 1895 2010 1940 vero
2067 1875 2411 1940 scrutatori
2456 1885 2520 1939 et
2564 1874 2780 1951 iudici,

847 1963 1408 2034 committendam:
1471 1983 1635 2043 quae
1680 1961 2036 2026 certissima
2077 1973 2178 2025 est
2219 1960 2599 2026 iudiciorum
2646 1982 2781 2024 om-

848 2053 1034 2118 nium
1082 2050 1326 2131 regula,
1374 2070 1452 2112 ne
1497 2048 1565 2113 in
1613 2068 1733 2112 nos
1778 2046 1952 2111 istud
1999 2046 2295 2128 quadret:
2349 2051 2395 2108 Α
2435 2047 2783 2111 temerario

842 2138 1059 2204 iudice
1124 2155 1432 2218 praeceps
1487 2133 1841 2209 sententia,
1926 2142 2172 2197 temere
2228 2132 2310 2195 de
2373 2153 2444 2195 re
2480 2134 2781 2214 quapiam

844 2222 1225 2291 iudicantes.
1312 2218 1386 2287 Si
1433 2229 1650 2283 tamen
1696 2222 1763 2283 in
1810 2218 2124 2284 eiusmodi
2187 2218 2554 2300 hypocritas
2612 2220 2781 2282 forte

846 2309 1288 2386 inciderimus,
1328 2305 1564 2389 quibus
1608 2306 1734 2370 ista
1777 2304 1913 2369 sola
1958 2324 2223 2388 precum
2268 2303 2784 2369 demurmuratio

846 2397 1094 2481 placet,
1162 2392 1395 2458 merito
1457 2391 1766 2455 detestari
1822 2390 1969 2453 illos
2028 2389 2369 2455 debemus:
2430 2390 2596 2471 quod
2644 2389 2783 2453 sola

846 2482 1205 2547 ambitione
1250 2476 1428 2544 ducti
1475 2476 1729 2541 laudem
1788 2475 1961 2558 apud
2007 2476 2306 2542 homines
2351 2484 2781 2557 aucupentur,

848 2590 924 2634 ac
968 2564 1223 2630 levibus
1267 2562 1664 2629 rumusculis
1721 2563 2156 2638 oblectentur,
2216 2561 2471 2626 nullum
2530 2562 2784 2625 interea

848 2671 1045 2718 verae
1088 2651 1343 2734 pietatis
1387 2662 1650 2732 gustum
1698 2648 2036 2713 babentes.
2090 2650 2180 2712 At
2223 2647 2279 2713 si
2323 2648 2470 2731 quis
2511 2648 2782 2711 seorsim

847 2747 916 2804 et
961 2738 1140 2801 velut
1184 2736 1252 2799 in
1301 2734 1548 2800 occulto
1575 2733 1790 2798 Deum
1837 2754 2032 2799 orans
2079 2754 2266 2800 voces
2311 2731 2627 2816 quasdam
2671 2732 2782 2798 ab·

842 2835 1071 2906 ruptas
1128 2831 1195 2886 et
1247 2820 1586 2886 intercisas
1643 2821 1931 2897 emittat,
1976 2840 2051 2886 ac
2095 2820 2577 2894 demurmuret,
2638 2838 2783 2904 ges·

849 2923 1120 2992 tumque
1165 2928 1321 2990 prae
1364 2927 1434 2971 se
1477 2907 1644 2970 ferat
1686 2917 1871 2970 coetu
1917 2907 2203 2988 quolibet
2244 2904 2624 2989 indignum,
2693 2915 2781 2968 te·

844 2995 1198 3061 merarium
1243 3003 1310 3058 et
1352 3012 1664 3066 arrogans
1706 2992 1921 3069 fuerit,
1970 2991 2239 3075 Deoque
2287 2993 2410 3073 ipsi
2456 3001 2522 3055 et
2567 2991 2781 3074 proxi-

845 3083 971 3147 mis
1017 3080 1253 3146 nostris
1297 3077 1704 3142 iniuriosum.
1785 3080 2006 3159 Atque
2053 3075 2173 3143 hac
2217 3078 2286 3141 in
2331 3091 2516 3159 parte
2565 3077 2780 3158 lapsus

840 3178 941 3234 est
997 3166 1183 3241 Heli,
1241 3184 1613 3247 quanquam
1680 3162 1996 3228 incautus.
2086 3162 2255 3227 Nam
2325 3162 2523 3228 bonas
2582 3162 2780 3227 fuisse

841 3253 1128 3320 Hennae
1187 3270 1409 3333 preces
1466 3261 1533 3312 et
1593 3268 1631 3311 a
1679 3247 1805 3312 Dei
1848 3247 2080 3330 spiritu
2147 3250 2463 3331 profectas
2527 3257 2777 3313 certum

838 3350 973 3405 est:
1046 3337 1271 3418 Quare
1333 3334 1489 3399 dum
1550 3333 1734 3398 illam
1779 3334 2205 3400 temulentiae
2250 3332 2604 3416 redarguit,
2649 3355 2779 3397 non

844 3424 1037 3490 modo
1099 3426 1165 3487 in
1224 3421 1679 3487 mulierculam
1740 3430 1840 3485 est
1897 3420 2216 3499 iniurius,
2275 3419 2386 3485 sed
2444 3421 2514 3484 in
2564 3420 2778 3484 Deum

843 3511 1087 3594 ipsum,
1134 3508 1285 3573 licet
1327 3528 1456 3571 non
1495 3506 1740 3583 volens,
1780 3518 2000 3570 tamen
2040 3504 2474 3588 blasphemus.
2520 3504 2779 3572 Scimus

846 3597 1023 3661 enim
1069 3593 1367 3676 spiritum
1416 3604 1711 3657 sanctum
1758 3603 2127 3658 nostrarum
2177 3613 2442 3675 precum
2486 3612 2629 3657 esse
2666 3614 2778 3657 au-

844 3693 1055 3746 torem
1100 3693 1165 3743 et
1210 3678 1664 3760 impulsorem:
1711 3698 1785 3742 ac
1830 3678 1969 3743 sine
2013 3677 2191 3743 illius
2233 3676 2549 3742 instinctu
2591 3700 2673 3743 ne
2704 3699 2780 3744 os

847 3765 1112 3849 quidem
1161 3765 1347 3829 nobis
1405 3763 1483 3828 ad
1535 3764 1751 3827 Deum
1813 3777 2051 3847 patere.
2143 3762 2367 3844 Quare
2431 3763 2781 3846 diligenter

848 3853 1009 3917 haec
1053 3851 1370 3929 doctrina,
1417 3870 1546 3914 non
1592 3860 1849 3914 tantum
1896 3850 1965 3912 in
2009 3850 2324 3931 precibus,
2370 3847 2484 3913 sed
2530 3851 2597 3914 in
2637 3869 2778 3915 cae-

849 3939 1007 4003 teris
1047 3937 1350 4002 omnibus
1386 3936 1576 4001 rebus
1620 3944 1721 3998 est
1758 3934 2187 4018 observanda,
2223 3935 2458 4000 futuris
2494 3934 2779 4017 alioquin

848 4023 1033 4087 nobis
1077 4022 1147 4086 in
1199 4020 1336 4086 Deo
1385 4019 1753 4087 invocando
1795 4019 2191 4085 tardioribus
2235 4042 2309 4086 ac
2353 4021 2778 4104 segnioribus.

847 4109 995 4174 Etsi
1040 4109 1213 4172 enim
1260 4108 1620 4172 innumeris
1668 4107 1846 4171 vitiis
1906 4109 2039 4172 vita
2099 4116 2321 4172 nostra
2380 4108 2620 4171 referta
2662 4119 2779 4184 est,

846 4195 913 4259 in
963 4194 1091 4258 illis
1139 4204 1359 4257 tamen
1406 4192 1581 4257 istud
1628 4193 1988 4257 maximum
2051 4202 2184 4271 est,
2238 4191 2410 4274 quod
2466 4202 2649 4256 tanta
2709 4195 2779 4256 in

849 4278 1196 4346 iudicando
1241 4295 1465 4342 nostra
1508 4280 1841 4344 temeritas
1882 4288 2013 4355 est,
2081 4288 2153 4343 ut
2211 4279 2354 4344 sine
2401 4279 2650 4344 ratione
2707 4298 2781 4343 ac

845 4367 1118 4443 iudicio,
1178 4363 1496 4445 quidlibet
1550 4379 1773 4428 nostra
1830 4364 2158 4428 sententia
2201 4375 2266 4428 et
2312 4364 2558 4429 calculo
2599 4373 2779 4429 note-

847 4473 1028 4516 mus:
1075 4450 1250 4515 uurle
1296 4451 1369 4514 fit
1414 4460 1487 4513 ut
1532 4449 1610 4513 de
1659 4451 1851 4515 rebus
1894 4451 2244 4535 incognitis
2287 4448 2665 4534 iudicantes,
2710 4450 2779 4515 in

847 4541 1059 4620 ipsum
1112 4534 1324 4600 Deum
1372 4535 1822 4599 contumeliosi
1869 4535 2107 4613 simus,
2168 4536 2233 4599 id
2291 4547 2603 4617 tanquam
2650 4558 2781 4601 ma-

845 4624 981 4689 lum
1008 4622 1395 4686 damnantes
1431 4619 1602 4702 quod
1640 4621 1706 4683 in
1749 4620 1983 4685 bonam
2025 4636 2275 4702 partem
2311 4621 2512 4703 accipi
2553 4633 2777 4704 potest.

1021 4708 1513 4775 Consideranda
1576 4705 1857 4771 vicissim
1917 4710 2151 4772 Annae
2211 4707 2556 4783 modestia,
2616 4729 2780 4790 quae

845 4796 996 4861 licet
1040 4815 1079 4859 a
1126 4794 1428 4877 pontifice
1486 4791 1793 4856 iniuriam
1844 4812 2060 4873 passa.
2124 4805 2336 4858 tamen
2399 4815 2548 4858 cum
2595 4814 2776 4859 reve-

847 4882 1061 4947 rentia
1105 4893 1171 4944 et
1218 4879 1584 4943 humilitate
1630 4878 1999 4959 respondet,
2045 4898 2115 4943 se
2157 4878 2440 4954 minime,
2487 4889 2562 4944 ut
2595 4881 2780 4945 reba-

848 4978 977 5043 tur,
1021 4968 1269 5032 ebriam
1329 4965 1440 5029 sed
1501 4987 1581 5028 ex
1641 4963 1897 5028 ardenti
1960 4964 2196 5028 affectu
2243 4975 2310 5028 et
2353 4964 2557 5032 animi
2603 4987 2778 5030 moe·

847 5073 990 5116 rore
1033 5073 1248 5116 coram
1302 5052 1440 5115 Dec
1487 5072 1766 5132 gemere,
1812 5069 2008 5132 seque
2054 5072 2171 5116 nec
2219 5051 2463 5127 vinum,
2510 5071 2630 5116 nec
2666 5051 2780 5116 ali-

847 5159 953 5201 am
1025 5138 1225 5202 ullam
1294 5136 1731 5202 inebriantem
1802 5137 2124 5219 potionem
2195 5135 2451 5202 bibisse.
2563 5135 2776 5218 Quam

848 5223 1088 5290 multos
1129 5223 1316 5288 bodie
1367 5223 1585 5290 videas
1622 5221 1782 5287 falso
1819 5235 2152 5289 accusatos
2190 5222 2359 5290 banc
2396 5220 2780 5289 modestiam

2550 308 2962 377 HOMILIA
3007 310 3134 379 III.

4677 320 4778 387 272

2892 521 3049 583 prae
3096 523 3168 567 se
3212 502 3401 582 ferre,
3445 522 3521 570 ac
3564 525 3697 569 non
3765 504 3986 586 potius
4045 505 4369 571 adversus
4423 515 4780 584 accusatores

2892 587 3195 653 ferociter
3239 589 3604 673 insurgere,
3647 609 4055 678 magnasque
4100 589 4249 656 lites
4283 592 4640 660 intentare?
4680 596 4780 663 Im·

2890 673 3216 756 patienter
3271 674 3448 740 enim
3508 675 3610 740 vel
3683 697 3884 740 unum
3943 677 4218 742 verbum
4278 679 4471 761 paulo
4532 682 4777 750 acerbius

2892 759 3196 824 ferimus:
3243 761 3403 843 quin
3439 760 3570 824 imo
3614 760 3764 827 licet
3799 784 4033 828 revera
4068 765 4276 828 simus
4319 766 4431 844 rei,
4469 775 4665 832 tamen
4699 790 4777 833 re-

2889 845 3303 911 calcitramus
3348 845 3684 910 admoniti.
3774 847 3951 927 Quid
4007 870 4165 933 ergo
4228 849 4520 915 futurum
4563 864 4652 918 est
4688 876 4778 919 nc·

2889 929 3005 1008 bis,
3052 933 3160 1013 qui
3207 952 3408 1014 quum
3458 933 3673 997 Deum
3734 942 3800 997 et
3855 934 4128 1018 angelos
4195 945 4398 1001 testes
4457 936 4776 1014 babeamus.

2887 1031 3111 1082 tamen
3156 1018 3477 1082 iustitiam
3525 1027 3816 1083 nostram
3853 1021 3924 1083 in
3967 1020 4229 1086 illorum
4266 1031 4612 1105 conspectu
4643 1027 4777 1091 tueri

2887 1124 3017 1169 non
3079 1102 3497 1168 verebimur?
3602 1103 3680 1168 Id
3732 1106 4136 1188 experientia
4207 1107 4367 1174 satis
4421 1121 4776 1192 compertum

2885 1197 3014 1254 est:
3060 1188 3229 1253 nihil
3275 1210 3405 1253 non
3450 1188 3842 1257 audentibus
3887 1191 3967 1255 iis
4011 1213 4290 1275 quorum
4337 1192 4514 1260 fama
4555 1195 4774 1262 sinistro

2886 1273 3059 1339 dicto
3105 1275 3282 1340 laesa
3317 1275 3531 1339 fuerit.
3624 1276 3805 1340 Nihil
3854 1278 4117 1359 quidem
4165 1278 4437 1361 impedit
4477 1282 4776 1362 quominus

2885 1373 3174 1426 nostram
3218 1361 3658 1426 innocentiam
3706 1363 3878 1444 apud
3927 1364 4223 1430 homines
4269 1375 4597 1446 tueamur,
4635 1368 4774 1450 quod

2884 1446 3037 1510 olim
3085 1457 3347 1511 sanctos
3405 1447 3554 1512 illos
3614 1451 3788 1513 viros
3835 1449 4328 1531 Abrahamum,
4395 1450 4685 1518 Iacobum
4727 1464 4778 1518 et

2883 1532 3050 1598 alios
3106 1531 3334 1596 fecisse
3392 1534 3864 1615 conspicimus:
3923 1545 3993 1600 at
4053 1555 4182 1599 non
4246 1534 4391 1602 ideo
4467 1547 4672 1602 tamen
4723 1540 4776 1603 in

2885 1617 3017 1682 iras
3060 1617 3585 1702 exsurgendum,
3639 1619 3695 1684 si
3752 1620 3857 1685 vel
3903 1624 4283 1690 innocentes
4338 1621 4421 1687 de
4477 1645 4547 1687 re
4600 1623 4778 1706 aliqua

2884 1723 3283 1769 accusemur.
3331 1704 3652 1786 Exemplo
3702 1705 3886 1773 nobis
3930 1709 4133 1792 igitur
4178 1708 4339 1775 haec
4381 1709 4620 1774 mulier
4655 1720 4778 1787 estc,

2885 1809 3049 1871 quae
3094 1789 3382 1872 pontifici
3431 1789 3622 1869 Heli,
3684 1791 3835 1856 lieet
3879 1792 4217 1869 lacessita,
4274 1814 4410 1859 non
4454 1806 4664 1860 tamen
4701 1816 4778 1861 re-

2885 1886 3174 1957 sponsat.
3274 1875 3593 1958 Magnum
3669 1879 3843 1942 enim
3914 1889 4058 1944 erat
4113 1879 4455 1945 ebrietatis
4511 1881 4777 1958 accusari,

2887 1982 3114 2025 vorum
3161 1969 3379 2024 tamen
3427 1963 3605 2026 intra
3650 1962 4007 2030 modestiae
4061 1985 4205 2030 sese
4260 1966 4427 2031 fines
4480 1966 4776 2033 continuit.

2886 2047 3095 2111 Norat
3137 2046 3308 2110 enim
3356 2046 3563 2127 illum,
3608 2070 3647 2112 a
3698 2050 3835 2114 Deo
3880 2051 3946 2115 in
3993 2051 4397 2135 pontificiam
4440 2052 4776 2135 dignitatem

2886 2143 3221 2212 evectum,
3289 2132 3458 2198 hanc
3515 2135 3927 2200 autoritatem
3973 2137 4308 2215 obtinere,
4366 2137 4654 2203 labentes
4701 2158 4779 2202 ar-

2883 2217 3160 2302 guendi:
3205 2227 3272 2282 et
3315 2217 3485 2283 hanc
3531 2221 3751 2304 populi
3797 2221 4064 2306 regendi
4110 2224 4214 2286 sui
4260 2226 4582 2289 rationem
4609 2224 4777 2289 Deum

2885 2325 3094 2386 usque
3153 2303 3234 2369 ad
3291 2303 3543 2369 Christi
3604 2305 3959 2372 adventum
4020 2309 4406 2374 instituisse.
4499 2310 4598 2375 Ac
4637 2312 4779 2374 deiu-

2885 2410 3036 2471 ceps
3081 2388 3447 2454 videbimus
3490 2390 3796 2472 Annam,
3853 2394 4215 2460 Dominum
4261 2405 4559 2459 nostrum
4601 2394 4783 2460 Iesum

2886 2475 3248 2550 Christum,
3293 2475 3413 2541 etsi
3450 2477 3744 2541 nondum
3784 2478 4026 2545 mundo
4062 2479 4482 2563 patefactum,
4526 2481 4648 2546 fide
4675 2501 4785 2546 esse

2886 2560 3418 2644 contemplatam.
3463 2562 3655 2628 Unde
3700 2585 3876 2641 vero,
3922 2586 4184 2648 quaese,
4221 2581 4409 2631 tanta
4452 2568 4521 2631 in
4560 2567 4786 2632 muliere

2886 2645 3219 2721 modestia,
3266 2656 3340 2710 ut
3380 2671 3419 2712 a
3462 2649 3795 2713 sacerdote
3855 2652 4276 2716 temulentiae
4319 2666 4652 2727 accusata,
4695 2671 4784 2734 pa·

2886 2733 3128 2796 tienter
3172 2732 3478 2798 iniuriam
3525 2734 3719 2814 ferat,
3776 2754 3850 2801 ac
3908 2738 4047 2803 sola
4103 2737 4490 2820 depulsione
4546 2738 4784 2804 iniurias

2888 2828 3196 2885 contenta
3253 2819 3371 2897 sit,
3433 2818 3606 2902 quod
3667 2842 3814 2885 eum
3864 2822 3995 2886 falli
4044 2822 4261 2890 dicat?
4352 2824 4584 2904 Quare
4624 2825 4786 2889 discs-

2889 2925 3062 2982 mus,
3122 2905 3450 2970 immerito
3511 2905 3661 2971 licet
3722 2909 4074 2989 accusatis,
4141 2930 4271 2973 non
4338 2908 4542 2976 licere
4605 2918 4784 2975 tamen

2883 2992 3259 3073 exasperari
3284 3003 3351 3056 et
3379 2992 3696 3057 effervere
3730 2993 3798 3058 in
3834 2994 3999 3060 iras:
4043 2991 4153 3059 sed
4193 2995 4633 3062 innocentiam
4666 3016 4784 3060 nos-

2886 3086 3056 3141 tram
3125 3097 3243 3141 nos
3308 3078 3534 3143 testari
3603 3098 3678 3142 ac
3743 3090 3968 3145 notam
4036 3082 4278 3145 facere:
4363 3081 4653 3165 adeoque
4720 3078 4780 3143 ab

2884 3162 3061 3226 omni
3106 3161 3433 3228 vindictae
3478 3163 3833 3247 cupiditate
3873 3186 4112 3232 vacuos
4156 3168 4418 3250 precari
4463 3170 4655 3234 etiam
4689 3185 4781 3252 pro

2884 3248 2964 3311 iis
3009 3247 3121 3329 qui
3167 3269 3287 3313 nos
3330 3249 3568 3313 iniuria
3612 3249 3909 3315 afficiunt
3953 3265 4268 3335 oportere.
4316 3253 4626 3320 Vicissim
4661 3272 4781 3317 vero

2882 3331 3074 3396 laude
3119 3333 3317 3416 digna
3351 3347 3453 3399 est
3488 3336 3553 3398 in
3594 3334 3748 3399 Heli
3785 3338 4119 3403 sacerdote
4154 3337 4477 3404 modestia
4515 3349 4644 3404 tam
4675 3338 4783 3421 pla-

2881 3417 3022 3483 cide
3089 3417 3324 3484 Annae
3382 3421 3788 3485 excusationi
3850 3425 4334 3507 acquiescente,
4404 3442 4781 3505 erroremque

2879 3525 3070 3570 suum
3137 3514 3545 3588 agnoscente.
3657 3507 3826 3571 Nam
3895 3508 3974 3574 de
4037 3513 4236 3575 Anna
4299 3509 4475 3576 male
4541 3509 4782 3575 sensisse

2881 3589 3161 3656 multum
3200 3599 3361 3669 erat,
3405 3605 3475 3656 at
3510 3592 3930 3659 temulentiae
3963 3594 4180 3660 verbis
4214 3594 4592 3679 increpasse
4624 3596 4781 3677 longe

2881 3677 3164 3760 gravius.
3233 3675 3455 3758 Quare
3501 3698 3702 3761 quum
3751 3679 4006 3763 placide
4051 3685 4282 3746 Annae
4322 3701 4434 3748 res
4525 3681 4782 3748 nsionsm

2881 3762 3145 3846 excipit,
3192 3783 3476 3828 errorem
3523 3766 3851 3848 agnoscit,
3911 3786 3987 3831 ac
4030 3765 4426 3850 quodammo
4473 3792 4513 3834 o
4558 3769 4782 3834 veniam

2877 3847 3073 3912 etiam
3129 3848 3547 3931 deprecatur,
3614 3872 3822 3935 neque
3881 3850 4170 3917 levitatis
4242 3865 4359 3918 aut
4424 3851 4777 3920 temeritatis

2881 3947 3101 3999 notam
3139 3936 3408 4000 metuit:
3453 3936 3676 4001 multis
3716 3947 3987 4020 apparet
4022 3938 4382 4017 dissimilis,
4429 3943 4539 4023 qui
4577 3941 4643 4005 in
4674 3938 4782 4021 dig·

2882 4021 3107 4085 nitatis
3148 4021 3432 4103 aliquem
3492 4022 3697 4087 evecti
3755 4024 4062 4102 gradum,
4124 4046 4207 4090 ne
4261 4023 4779 4108 simplicissimam

2880 4104 3141 4188 quidem
3189 4108 3677 4188 responsionem
3724 4107 4118 4187 admittunt,
4176 4118 4241 4174 et
4283 4112 4538 4177 centies
4580 4109 4781 4176 erroris

2881 4190 3194 4267 convicti,
3254 4202 3452 4274 atque
3508 4191 3731 4258 illatae
3788 4195 4225 4262 contumeliae
4269 4197 4385 4273 rei,
4435 4207 4656 4264 tamen
4691 4195 4781 4258 ills

2880 4275 3277 4341 dissimulari
3323 4277 3568 4356 volunt,
3613 4300 3821 4363 neque
3862 4280 3942 4345 ad
3988 4281 4326 4347 fatendum
4371 4303 4658 4348 errorem
4695 4299 4780 4343 ve·

2880 4364 3187 4447 niamque
3231 4362 3704 4445 deprecandam
3752 4366 3888 4430 ulla
3930 4367 4184 4432 ratione
4241 4379 4524 4451 possunt
4563 4364 4779 4433 adduci.

2879 4449 3100 4529 Quare
3152 4449 3324 4532 quod
3381 4451 3446 4513 in
3481 4449 3637 4515 Heli
3682 4453 3989 4534 pontifice
4035 4452 4391 4520 modestiae
4440 4452 4780 4536 exemplum

2880 4534 3067 4600 nobis
3112 4536 3531 4619 proponitur,
3599 4546 3781 4601 tanto
3827 4537 4210 4621 diligentius
4253 4550 4356 4606 est
4395 4539 4782 4607 consideran·

2880 4619 3052 4701 dum,
3090 4632 3157 4686 et
3192 4621 3508 4687 memoria
3544 4621 3810 4706 dignius
3854 4634 4095 4706 quanto
4132 4626 4365 4692 rarius.
4402 4627 4580 4692 Nam
4616 4641 4781 4709 quum

2883 4709 3138 4770 Annam
3188 4708 3422 4784 valere,
3470 4721 3537 4772 et
3581 4710 3644 4772 in
3692 4729 3849 4792 pace
3893 4708 4074 4774 abire
4118 4711 4318 4788 iubet,
4362 4733 4443 4777 eo
4487 4715 4629 4797 ipso
4666 4728 4779 4774 sese

2880 4804 3152 4868 accusat,
3200 4805 3265 4856 et
3307 4794 3584 4860 crimine
3627 4795 3874 4860 obiecto
3915 4796 4126 4878 ipsam
4172 4796 4442 4863 liberat:
4504 4809 4691 4882 atque
4724 4813 4778 4859 se

2879 4879 3362 4945 excusationem
3409 4880 3618 4963 ipsius
3663 4880 4042 4961 admittere,
4098 4902 4172 4947 ac
4232 4884 4511 4966 proinde
4569 4895 4777 4948 temero

2877 4963 2971 5029 sic
3015 4964 3356 5047 loquutum
3402 4968 3760 5049 profitetur.
3850 4966 4027 5048 Quin
4087 4968 4282 5034 etiam
4344 4970 4647 5035 iniuriam
4687 4986 4776 5031 ex·

2880 5051 3060 5134 piare
3109 5049 3397 5130 videtur,
3455 5052 3821 5118 coniunctis
3879 5054 4017 5118 suis
4075 5074 4224 5119 cum
4267 5056 4470 5120 Anna
4525 5054 4686 5119 votis
4727 5057 4778 5114 et

2880 5138 3218 5219 precibus:
3292 5149 3363 5201 ut
3393 5141 3776 5221 quamprius
3820 5139 4192 5204 sanctuario
4239 5139 4484 5223 pellere
4529 5139 4774 5210 volebss,

2875 5221 3154 5287 eandem
3216 5222 3338 5288 sibi
3386 5245 3651 5308 precum
3710 5233 3778 5290 et
3834 5225 4202 5291 orationum
4261 5227 4642 5312 magistram
4692 5243 4775 5287 se-
