5059 6059
833 346 961 412 299

2464 355 2871 422 HOMILIA
2918 353 3176 420 LXIX.
4648 354 4738 422 δα)

837 559 980 602 rum
1050 546 1267 602 tamen
1334 551 1603 619 quaerat
1667 540 1920 622 aliquis,
1988 542 2306 625 quomodo
2367 545 2620 612 Davide
2684 568 2767 610 ex
2870 544 3209 610 occisioni-9.
3280 543 3372 607 Et
3413 544 3505 607 ita
3549 543 3852 625 deinceps
3899 541 4259 607 videbimus
4303 539 4567 607 Saulem
4604 564 4740 623 prae·

840 622 1140 687 hostibus
1223 622 1558 688 victoriam
1627 638 2001 708 reportante
2067 632 2205 713 regi
2283 629 2447 698 bene
2513 631 2772 697 consul·

842 726 980 772 tum
1016 710 1117 783 sit,
1162 727 1236 773 ac
1281 710 1553 791 proinde
1597 731 1817 775 annon
1856 711 2152 779 videatur
2190 714 2361 781 Saul'
2392 719 2529 783 Deo
2578 718 2766 781 resis-

839 794 1033 858 tendo
1077 804 1293 858 tamen
1341 794 1626 860 favorem
1668 796 1872 879 ipsius
1930 810 2255 882 expertae,
2316 814 2385 868 et
2439 804 2594 869 licet
2650 804 2768 867 im-

837 882 1077 962 probus
1121 878 1315 944 rebus
1352 890 1568 945 tamen
1606 885 1909 947 secundis
1946 907 2116 951 usus.
2166 884 2396 967 Qualis
2435 910 2588 955 vero
2624 897 2766 953 ten-

838 965 1000 1028 tatio
1058 965 1272 1048 potuit
1316 966 1604 1030 animum
1651 967 1927 1035 Davidis
1976 971 2210 1050 subire,
2272 993 2472 1055 quum
2520 975 2770 1040 videret

839 1049 1061 1115 Saulis
1107 1050 1330 1115 odium
1376 1073 1509 1117 non
1555 1074 1740 1134 posse
1777 1056 2086 1139 mitigari,
2131 1079 2343 1141 neque
2379 1062 2573 1140 vinci,
2619 1061 2770 1126 licet

837 1137 974 1218 ipse
1019 1136 1308 1218 quotidie
1351 1146 1484 1201 tam
1529 1139 1788 1221 ingrato
1826 1140 2075 1206 homini
2118 1165 2302 1208 suam
2344 1166 2608 1229 operam
2654 1169 2766 1211 na-

840 1236 1044 1304 varet,
1118 1234 1186 1285 et
1246 1223 1447 1288 vitam
1505 1225 1698 1290 etiam
1770 1228 2169 1309 exponeret?
2274 1231 2508 1296 Nonne
2570 1233 2770 1316 igitur

839 1306 1101 1372 videtur
1157 1308 1315 1372 haec
1372 1311 1573 1391 ipsius
1631 1312 1916 1375 animum
1978 1314 2194 1379 subire
2256 1318 2539 1400 potuisse
2594 1319 2764 1402 cogi-

840 1393 1030 1457 tatio:
1081 1394 1190 1459 ΜΘ
1223 1394 1456 1460 misero
1493 1396 1646 1479 quid
1687 1398 1841 1461 fiet?
1890 1398 2057 1463 Nam
2097 1402 2150 1464 si
2185 1401 2374 1467 hodie
2409 1403 2763 1486 periculum

838 1482 1038 1557 evasi,
1095 1480 1246 1561 quid
1297 1483 1622 1547 crastinus
1683 1482 1819 1548 dies
1862 1486 2064 1549 vehat
2114 1489 2347 1562 nesci0,
2408 1490 2628 1571 ecquis
2672 1490 2765 1552 la·

839 1566 1066 1630 borum
1112 1567 1280 1641 finis,
1325 1587 1487 1649 quae
1524 1569 1817 1634 merces?
1866 1569 1938 1636 Si
1979 1571 2155 1636 mille
2191 1575 2445 1638 animas
2481 1575 2763 1639 hostium

836 1663 1266 1733 prostravere,
1326 1652 1487 1717 mihi
1547 1664 1765 1719 tamen
1828 1676 1945 1720 nec
1989 1658 2245 1736 seritur,
2306 1682 2422 1725 nec
2470 1661 2764 1724 metitur:

832 1738 1034 1802 immo
1075 1749 1301 1803 contra
1345 1760 1449 1802 me
1494 1741 1666 1824 regis
1710 1743 1888 1805 furor
1933 1744 2141 1824 magis
2184 1745 2576 1827 accenditur,
2623 1758 2766 1809 tan-

835 1834 978 1887 tum
1038 1823 1220 1887 abest
1274 1836 1350 1888 ut
1414 1825 1575 1889 mihi
1635 1827 2045 1892 concilietur:
2115 1850 2314 1911 quare
2380 1832 2585 1915 igitur
2644 1852 2765 1915 ego

835 1908 1081 1974 diutius
1119 1911 1375 1993 ingrato
1415 1910 1659 1974 homini
1699 1933 1911 1977 meam
1937 1934 2197 1996 operam
2227 1916 2525 1997 locarem,
2564 1938 2765 1999 quare

835 1996 1036 2058 vitam
1083 2004 1178 2059 tot
1225 1996 1526 2076 periculis
1571 1999 2012 2078 exponerem?
2077 2000 2262 2065 Dura
2307 2023 2466 2066 sane
2508 2004 2762 2088 gravis-

832 2100 957 2162 que
1001 2081 1129 2144 fuit
1172 2081 1285 2143 illa
1321 2085 1612 2161 tentatio,
1659 2104 1852 2165 quam
1899 2105 2099 2166 quum
2146 2088 2496 2170 superavit,
2543 2110 2762 2153 exem-

834 2167 1012 2248 plum
1071 2168 1195 2230 fuit
1250 2167 1420 2248 quod
1482 2190 1599 2232 nos
1654 2168 1835 2232 decet
1879 2170 2156 2235 imitari:
2219 2185 2295 2237 ut
2337 2175 2389 2237 si
2438 2176 2600 2238 forte
2645 2174 2763 2238 ho-

838 2253 1084 2316 minum
1144 2253 1391 2316 malitia
1444 2268 1508 2317 et
1553 2255 1951 2338 ingratitudo
1999 2277 2114 2322 nos
2158 2259 2239 2323 ab
2283 2259 2494 2325 officio
2556 2259 2762 2324 deter-

835 2339 1060 2416 ruerit,
1104 2350 1169 2401 et
1202 2358 1462 2420 operam
1510 2338 1730 2404 ludere
1767 2340 2126 2421 videamur,
2174 2344 2387 2408 Deum
2423 2366 2764 2427 precemur

835 2435 913 2487 ut
956 2444 1076 2487 nos
1111 2423 1178 2486 in
1217 2445 1291 2487 eo
1330 2425 1625 2503 retineat,
1674 2426 1982 2509 nobisque
2018 2429 2177 2494 satis
2214 2430 2300 2494 sit
2341 2431 2463 2513 ipsi
2500 2441 2761 2515 gratum

835 2521 900 2572 et
944 2520 1278 2590 acceptum
1326 2530 1466 2574 esse
1510 2510 1799 2576 studium
1844 2526 2161 2592 nostrum,
2208 2514 2360 2579 licet
2401 2516 2450 2579 ii
2486 2538 2760 2599 quorum

836 2593 1191 2659 commodis
1250 2606 1317 2659 et
1373 2595 1642 2660 utilitati
1691 2599 2176 2665 inservierimus
2226 2601 2385 2665 illud
2425 2602 2765 2686 negligant

836 2692 904 2743 et
948 2681 1133 2762 parvi
1193 2680 1448 2759 faciant,
1503 2681 2021 2765 quandoquidem
2070 2686 2353 2766 amplam
2398 2688 2758 2753 mercedem

833 2776 933 2829 est
990 2765 1451 2831 retributurus:
1508 2767 2045 2849 quemadmodum
2100 2771 2274 2836 istud
2338 2784 2436 2837 est
2494 2774 2757 2857 conspi—

834 2871 1033 2917 cuum
1078 2853 1376 2935 exemplo
1413 2852 1707 2917 fidelium
1754 2858 2039 2921 omnium
2083 2858 2192 2940 qui
2239 2879 2418 2941 spem
2458 2880 2647 2923 suam
2690 2861 2758 2923 in

832 2938 975 3020 ipso
1010 2937 1442 3003 collocarunt:
1477 2941 1589 3004 sed
1628 2943 1910 3006 maxime
1950 2942 2325 3023 Abrahami,
2361 2965 2550 3026 quem
2579 2943 2762 3010 Deus

833 3024 897 3087 in
941 3042 1125 3087 suam
1171 3024 1441 3089 tutelam
1488 3027 1748 3110 recepit.
1793 3026 1969 3093 Hinc
2011 3050 2200 3112 saepe
2244 3049 2313 3094 se
2356 3031 2764 3113 omnipoten-

831 3120 966 3173 tem
1012 3110 1170 3173 dicit
1213 3120 1278 3175 et
1313 3118 1758 3261 (protectorem
1819 3133 1894 3179 ac
1953 3114 2313 3180 mercedem
2372 3115 2579 3198 ipsius
2623 3137 2759 3180 am-

832 3194 1009 3277 plam
1068 3195 1225 3260 fore.
1381 3198 1844 3280 mnipotentem
1900 3212 2117 3264 autem
2179 3215 2383 3280 vocat,
2451 3214 2521 3265 ut
2582 3216 2759 3266 certo

832 3282 1125 3363 persuasi
1170 3282 1375 3346 simus
1417 3282 1605 3347 illum
1647 3286 1805 3348 satis
1850 3286 2078 3350 fortem
2124 3285 2203 3350 ad
2251 3306 2370 3349 nos
2415 3286 2762 3352 defenden-

834 3365 967 3449 dos,
1025 3386 1337 3449 suamque
1395 3390 1662 3433 manum
1724 3370 1860 3433 fore
1913 3372 2097 3436 nobis
2141 3371 2352 3437 instar
2393 3393 2759 3455 propugna-

832 3453 980 3517 culi.
1067 3452 1511 3518 Protectorem
1558 3466 1776 3519 autem
1825 3467 1890 3520 et
1948 3455 2327 3536 mercedem,
2389 3478 2473 3523 ne
2517 3469 2758 3523 statum

834 3538 1021 3602 nobis
1069 3559 1325 3622 semper
1380 3541 1689 3621 quietum,
1751 3542 2200 3625 tranquillum
2234 3555 2298 3607 et
2343 3544 2758 3627 triumphan-

837 3638 967 3687 tem
1012 3623 1452 3706 polliceamur,
1508 3625 1620 3691 sed
1677 3627 1958 3693 sciamus
2014 3649 2269 3711 semper
2313 3628 2499 3693 nobis
2545 3631 2757 3693 immi·

835 3728 988 3773 nere
1033 3729 1284 3792 pugnas
1328 3711 1468 3776 sive
1522 3711 1836 3779 adversus
1876 3715 2191 3793 inimicos,
2250 3715 2388 3779 sive
2447 3714 2760 3781 adversus

833 3815 951 3863 nos
996 3796 1186 3876 ipsos,
1247 3806 1317 3858 ut
1363 3796 1687 3861 discamus
1721 3800 2031 3881 patientia
2077 3801 2337 3865 vincere
2372 3800 2649 3865 iniurias
2693 3813 2761 3865 et

832 3880 1254 3945 contumelias
1297 3881 1532 3962 quibus
1562 3882 1641 3946 ab
1676 3885 1755 3950 iis
1798 3885 1995 3949 etiam
2041 3886 2420 3963 afficiemur,
2480 3906 2755 3969 quorum

833 3964 1102 4029 utilitati
1147 3977 1213 4029 et
1246 3967 1595 4033 commodis
1640 3970 2100 4036 studuerimus.
2187 3970 2356 4035 Nam
2417 3971 2487 4036 in
2546 3971 2761 4036 istius-

831 4051 1010 4115 modi
1069 4050 1246 4116 lucta
1293 4052 1468 4117 Deus
1526 4065 1811 4119 nostram
1869 4057 2314 4121 infirmitatem
2373 4056 2764 4135 sublevabit,

834 4150 906 4201 ut
929 4157 1392 4220 cognoscamus
1428 4160 1545 4203 nos
1579 4142 1700 4223 ipsi
1737 4143 2074 4225 placuisse,
2114 4152 2178 4205 et
2213 4143 2463 4207 animas
2502 4156 2761 4208 nostras

830 4240 897 4288 et
929 4244 1197 4305 corpora
1232 4223 1328 4287 illi
1362 4224 1672 4290 obtulisse
1706 4240 1770 4291 et
1806 4248 2228 4293 consecrasse.
2324 4233 2537 4310 Atque
2573 4229 2643 4291 in
2682 4248 2759 4293 eo

832 4310 1285 4391 conquiescere
1329 4331 1450 4374 nos
1493 4322 1763 4393 oportet.

1004 4394 1354 4460 Caeterum
1398 4416 1483 4459 ne
1530 4397 1741 4461 Deum
1789 4399 2232 4464 existimemus
2279 4400 2505 4464 durius
2550 4400 2759 4482 egisse

832 4501 980 4545 cum
1028 4480 1300 4556 Davide,
1347 4502 1549 4563 quum
1594 4482 1863 4547 Saulem
1908 4486 2112 4549 voluit
2153 4487 2442 4550 omnium
2478 4485 2757 4550 Davidis

832 4567 1253 4632 victoriarum
1301 4569 1516 4633 fructu
1563 4569 1727 4633 frui:
1774 4569 1884 4635 sed
1931 4571 2022 4634 ita
2059 4572 2341 4637 voluisse
2376 4574 2586 4655 magis
2622 4592 2758 4635 ma—

832 4654 1060 4736 gisque
1107 4651 1374 4717 Saulem
1422 4654 1746 4720 indurare.
1838 4656 2006 4720 Nam
2061 4670 2133 4720 ut
2192 4677 2378 4722 sacra
2434 4657 2759 4739 scriptura

829 4739 1138 4821 loquitur,
1196 4738 1377 4803 Deus
1421 4740 1732 4822 improbis
1786 4742 2259 4815 benefaciendo,
2318 4751 2383 4806 et
2431 4742 2759 4807 beneficiis

833 4825 978 4889 illos
1021 4824 1435 4906 cumulando,
1493 4840 1803 4910 tanquam
1863 4828 2055 4893 boves
2101 4838 2216 4892 aut
2269 4849 2494 4911 porcos
2543 4828 2757 4907 habet,

831 4913 942 4993 qui
1017 4913 1391 4976 mactationi
1461 4912 1764 4977 destinati
1837 4917 2239 4998 saginantur.
2342 4913 2513 4978 Nam
2593 4933 2759 4996 quae

833 4997 1196 5061 animantes
1261 4997 1341 5062 ad
1411 4998 1694 5064 laborem
1761 5012 2199 5079 reservant-ur,
2264 4998 2512 5064 modico
2583 5000 2757 5064 victu

832 5082 1124 5147 aluntur:
1205 5084 1314 5147 sed
1383 5104 1550 5166 quae
1615 5086 1986 5151 mactationi
2055 5085 2485 5162 destinantur,
2554 5084 2758 5149 multo

832 5169 973 5234 cibo
1017 5171 1416 5252 saginantur.
1463 5170 1655 5235 Hanc
1691 5172 2181 5237 similitudinem
2218 5172 2538 5255 propheta
2574 5178 2759 5235 notat

831 5275 1035 5339 quum
1094 5254 1220 5317 ait:
1280 5255 1565 5335 Domine,
1611 5277 1936 5340 praepara
1992 5256 2134 5323 ilks
2183 5262 2479 5338 &mquam
2538 5258 2609 5322 in
2659 5256 2761 5321 die

2872 631 3129 712 cipitem
3200 628 3441 695 factum
3510 630 3578 693 in
3646 649 3836 693 suum
3893 627 4190 708 exitium,
4255 628 4559 709 quoniam
4607 627 4743 694 Deus

2868 714 3056 781 illum
3120 725 3253 779 tam
3299 714 3576 779 exitioso
3634 729 3699 778 et
3745 716 4001 778 funesto
4047 714 4246 777 exitio
4290 714 4647 792 destinarat,
4690 732 4745 778 ut

2869 801 3041 866 circa
3083 800 3235 866 libri
3294 802 3491 865 finem
3549 800 3750 864 visuri
3796 820 4042 865 sumus.
4130 798 4436 881 Denique
4493 820 4589 864 res
4624 800 4745 865 istac

2871 907 3041 952 nunc
3103 907 3447 970 prosperae
3511 902 3578 950 et
3640 884 3964 951 secundae
4029 905 4255 950 versae
4320 895 4477 949 sunt
4539 885 4646 967 ipsi
4697 886 4744 948 in

2871 972 3388 1038 maledictionem
3443 985 3508 1035 et
3565 972 3859 1035 exitium.
3948 970 4195 1034 Contra
4252 991 4411 1034 vero
4470 970 4612 1034 licet
4654 972 4746 1036 Dei

2871 1058 3026 1122 filiis
3072 1056 3275 1122 multa
3320 1057 3608 1140 undique
3650 1068 3954 1120 creentur
3999 1055 4307 1138 pericula,
4352 1056 4524 1119 etin
4561 1078 4749 1140 magno

2872 1144 3099 1227 pelago
3165 1143 3381 1209 saevis
3447 1143 3733 1225 undique
3796 1141 4100 1207 fluct-ibus
4166 1142 4369 1223 premi
4438 1141 4751 1223 videantur,

2871 1229 3291 1294 nihilominus
3357 1242 3576 1293 tamen
3639 1229 3793 1293 finis
3858 1226 4178 1290 malorum
4247 1239 4345 1291 est
4411 1227 4655 1309 aliquis,
4706 1246 4753 1292 et

2869 1316 3186 1396 superatis
3232 1315 3493 1379 tandem
3536 1314 3841 1379 omnibus
3882 1312 4373 1378 difficultatibus
4412 1312 4659 1377 tandem
4693 1313 4752 1376 ad

2870 1402 3291 1484 tranquillum
3358 1414 3614 1483 portum
3684 1398 3933 1463 devecti
4004 1397 4401 1463 beatitudine
4470 1398 4758 1469 fruuntur.

2870 1487 3057 1569 longe
3124 1509 3226 1552 res
3292 1506 3518 1550 omnes
3581 1486 3744 1551 istas
3810 1497 4103 1548 terrenas
4168 1494 4541 1567 superante.
4621 1483 4757 1565 Qua·

2871 1585 3129 1653 propter
3174 1594 3370 1655 quum
3418 1571 3731 1638 increduli
3771 1578 4066 1635 votorum
4107 1590 4374 1634 suorum
4421 1571 4587 1634 fiunt
4617 1592 4755 1635 com·

2869 1668 3068 1739 potes,
3115 1669 3182 1722 et
3222 1659 3381 1740 ipsis
3426 1680 3510 1721 ex
3554 1656 3755 1720 animi
3804 1656 4128 1720 sententia
4163 1656 4385 1719 omnia
4417 1654 4754 1731 succedunt,

2868 1744 2959 1808 sie
3005 1744 3214 1826 magis
3256 1765 3331 1809 ac
3374 1742 3583 1825 magis
3617 1742 4007 1820 caecutiunt,
4049 1754 4114 1805 et
4149 1743 4411 1823 penitus
4447 1761 4757 1807 excaecan-

2869 1838 3010 1892 tur:
3070 1841 3137 1893 et
3182 1829 3343 1894 bene
3397 1828 3679 1912 saginati
3724 1827 4038 1892 adversus
4082 1828 4292 1908 ipsum
4340 1825 4560 1891 Deum
4604 1826 4757 1892 calci·

2869 1922 3066 1993 trant,
3133 1915 3244 1979 sed
3290 1914 3551 1979 tandem
3597 1914 3741 1978 Deo
3783 1915 4097 1977 rationem
4141 1913 4432 1977 omnium
4482 1912 4754 1976 reddituri

2866 2009 3041 2075 sunt,
3108 2011 3173 2065 et
3229 2000 3592 2083 graviorem
3652 1997 4260 2064 condemnationem
4304 1998 4610 2071 subituri.
4662 2020 4761 2080 quo

2867 2086 3220 2150 maioribus
3301 2085 3486 2151 donis
3564 2086 3779 2150 ornati
3856 2084 4121 2149 fuerint.
4230 2083 4486 2149 Idcirco
4551 2084 4761 2148 Paulus

2866 2171 3195 2252 apostolus
3240 2172 3396 2235 dicit
3439 2192 3547 2236 eos
3591 2171 3703 2254 qui
3747 2172 4107 2235 abutuntur
4149 2170 4275 2234 Dei
4318 2168 4632 2251 patientia
4671 2190 4760 2232 vo-

2866 2258 3076 2321 cantis
3142 2257 3314 2338 ipsos
3377 2270 3444 2322 et
3507 2257 3852 2321 invitantis
3920 2256 4125 2319 multa
4188 2276 4337 2320 cum
4404 2254 4665 2320 lenitate
4712 2268 4763 2317 et

2869 2343 3286 2426 benignitate,
3333 2343 3768 2407 thesaurizare
3812 2343 3934 2406 sibi
3980 2342 4137 2424 ipsis
4182 2341 4343 2404 iram
4393 2341 4466 2404 in
4514 2342 4614 2404 die
4652 2342 4761 2404 irae

2867 2440 2932 2491 et
2996 2428 3442 2511 patefactionis
3508 2428 3661 2493 iusti
3727 2427 3967 2491 iudicii.
4078 2427 4305 2509 Neque
4367 2428 4549 2490 enim
4611 2425 4764 2490 Deus

2868 2513 3037 2579 ferre
3082 2528 3297 2597 potest
3333 2515 3505 2578 dona
3547 2534 3667 2579 sua
3722 2513 4072 2594 profanari.
4145 2511 4364 2592 Quare
4414 2533 4619 2595 quum
4655 2511 4762 2575 suis

2869 2599 3195 2665 beneficiis
3239 2599 3420 2664 Deus
3480 2620 3599 2663 nos
3656 2598 3738 2663 ad
3796 2620 3865 2664 se
3909 2598 4126 2671 allicit,
4180 2599 4237 2661 si
4282 2612 4510 2663 nostra
4554 2597 4768 2661 malitis

2868 2686 3340 2758 recesserimus.
3400 2700 3464 2750 et
3507 2684 4148 2757 recalcitraverimus.
4216 2700 4471 2747 certum
4521 2700 4618 2747 est
4655 2695 4763 2745 tur·

2867 2771 3227 2854 pitudinem
3274 2784 3560 2835 nostram
3605 2769 3863 2834 tandem
3911 2769 4298 2852 patefactum
4348 2770 4448 2848 iri,
4494 2788 4767 2853 poenam·

2866 2877 2990 2941 que
3033 2873 3099 2921 et
3141 2856 3526 2939 supplicium
3573 2854 3968 2920 horrendum
4014 2854 4172 2919 fore.

3036 2944 3123 3007 Et
3167 2942 3482 3008 hactenus
3527 2942 3605 3006 de
3653 2940 3923 3006 Davidis
3970 2942 4330 3005 constantia
4376 2942 4448 3004 in
4496 2939 4771 3004 navanda

2865 3029 3049 3096 Sauli
3094 3031 3349 3112 ingrato
3391 3027 3568 3092 fideli
3613 3048 3826 3110 opera.
3872 3025 4064 3107 Quod
4109 3047 4261 3092 vero
4298 3024 4546 3092 dicitur
4578 3024 4767 3088 David

2864 3115 3251 3199 prudentius
3287 3115 3499 3197 egisse
3533 3134 3726 3196 quam
3766 3113 3996 3194 reliqui
4032 3111 4253 3177 Saulis
4288 3113 4486 3192 servi,
4533 3131 4768 3176 nomen-

2863 3222 2988 3283 que
3044 3202 3185 3266 eius
3242 3202 3481 3265 factum
3553 3199 3823 3277 celebre,
3891 3210 4161 3281 apparet
4219 3199 4437 3263 Deum
4516 3196 4769 3262 voluisse

2863 3288 3078 3369 ipsum
3144 3287 3213 3350 in
3266 3286 3444 3349 illam
3499 3285 3880 3369 dignitatem
3939 3283 4151 3366 evehi,
4218 3294 4291 3348 ut
4345 3283 4524 3365 apud
4576 3302 4767 3346 omues

2864 3373 3213 3437 autoritate
3257 3382 3322 3435 et
3366 3371 3577 3455 gratia
3623 3370 3884 3447 valeret,
3928 3390 4206 3452 eumque
4250 3368 4538 3451 populus
4581 3389 4771 3433 amore

2862 3457 3176 3540 singulari
3222 3457 3775 3539 complecteretur,
3817 3475 3947 3538 quo
3993 3453 4154 3521 Saul
4198 3457 4407 3538 magis
4460 3456 4769 3538 magisque

2863 3556 3177 3622 ureretur,
3237 3557 3301 3605 et
3341 3544 3544 3625 ipsius
3597 3543 3815 3606 odium
3862 3555 3928 3605 et
3980 3538 4332 3605 crudelitas
4376 3543 4770 3606 excitaretur.

2862 3627 3048 3710 Quae
3089 3626 3348 3711 quidem
3391 3629 3461 3692 in
3506 3629 3719 3712 specie
3766 3623 4002 3691 Davidi
4047 3627 4246 3690 noxia
4290 3647 4435 3692 esse
4482 3625 4766 3691 videban-

2860 3730 3004 3779 tur:
3069 3713 3181 3779 sed
3248 3735 3446 3797 quum
3513 3715 3581 3778 in
3642 3712 3771 3776 Dei
3834 3720 4006 3778 esset
4061 3712 4265 3777 tutela
4319 3724 4387 3775 et
4447 3710 4768 3796 praesidio,

2864 3800 3047 3865 novit
3105 3801 3299 3864 etiam
3340 3800 3522 3864 Deus
3567 3798 3786 3864 Saulis
3845 3799 4158 3880 impetum
4200 3799 4526 3877 fraenare,
4587 3814 4652 3861 et
4689 3798 4767 3878 ip-

2861 3888 2996 3950 sius
3050 3905 3274 3950 omnes
3326 3895 3594 3949 conatus
3664 3885 3983 3967 frangere,
4059 3883 4617 3965 quemadmodum
4687 3902 4766 3946 se·

2861 3980 3100 4053 quente
3135 3972 3347 4054 capite
3383 3968 3774 4035 docebimur.
3824 3970 4006 4034 Deus
4041 3969 4255 4051 itaque
4280 3967 4565 4036 Saulem
4589 3967 4767 4032 Davi·

2862 4055 2959 4121 dis
3003 4077 3314 4139 prospero
3350 4077 3647 4121 successu
3686 4056 3830 4120 vult
3862 4054 4071 4138 magis
4105 4075 4181 4118 ac
4202 4055 4418 4139 magis
4442 4058 4570 4135 uri,
4608 4056 4770 4137 eique

2860 4143 3191 4207 inimicum
3236 4142 3392 4219 fieri,
3455 4152 3530 4205 ut
3586 4141 3796 4222 magis
3854 4142 3993 4205 eius
4049 4141 4231 4205 furor
4287 4154 4671 4217 exacuatur,
4719 4152 4770 4201 et

2862 4244 3078 4292 tamen
3147 4227 3239 4291 ita
3276 4226 3599 4292 Davidem
3673 4228 3970 4310 protegit,
4031 4247 4114 4290 ne
4174 4226 4333 4308 quid
4396 4228 4528 4309 ipsi
4579 4224 4767 4292 Saulis

2862 4313 3120 4378 fraudes
3164 4323 3231 4377 et
3271 4324 3543 4378 conatus
3587 4312 3841 4376 adferre
3884 4311 4258 4376 detrimenti
4300 4312 4577 4394 possint.
4664 4311 4769 4376 Da.

2862 4399 3028 4463 vidis
3070 4399 3288 4481 itaque
3332 4399 3502 4462 fama
3546 4399 3619 4461 fit
3662 4398 3730 4462 in
3777 4398 3917 4462 dies
3959 4399 4192 4462 clarior
4236 4409 4304 4461 et
4347 4398 4622 4480 reliquis
4662 4417 4769 4460 om·

2862 4483 3050 4548 nibus
3112 4482 3333 4550 Saulis
3391 4483 3661 4550 ducibus
3719 4486 4101 4566 praefertur,
4158 4494 4228 4547 et
4281 4482 4535 4549 honore
4580 4482 4768 4548 debito

2860 4571 3119 4635 fruitur.
3167 4570 3342 4635 Hinc
3387 4571 3605 4652 itaque
3642 4569 3986 4647 discamus,
4032 4568 4528 4652 insurgentibus
4565 4568 4767 4634 adver·

2861 4678 3001 4720 sum
3072 4677 3188 4720 nos
3258 4656 3477 4720 multis
3542 4654 3834 4720 hostibus
3900 4668 4166 4738 propter
4231 4655 4402 4719 dona
4465 4654 4696 4738 quibus
4739 4673 4770 4716 a

2861 4742 3002 4806 Deo
3062 4741 3373 4807 fuerimus
3429 4742 3756 4807 exornati:
3814 4752 3880 4805 et
3924 4739 4412 4821 indignantibus
4457 4740 4765 4823 improbis,

2860 4828 2913 4892 si
2978 4838 3200 4891 nostra
3254 4849 3449 4910 opera
3496 4828 3676 4891 Deus
3733 4827 3992 4910 insigne
4047 4826 4307 4908 aliquod
4368 4848 4543 4909 opus
4584 4824 4767 4910 perfe-

2860 4917 3040 4990 cerit,
3086 4913 3418 4996 modisque
3462 4913 3764 4977 omnibus
3807 4921 3874 4976 et
3918 4913 4276 4977 rationibus
4315 4928 4611 4978 nostrum
4655 4911 4766 4975 exi·

2860 5001 3020 5064 tium
3088 4999 3567 5081 quaerentibus,
3648 4998 3865 5062 Deum
3933 5008 4156 5063 tamen
4222 5019 4341 5064 nos
4403 5021 4533 5063 sua
4596 5016 4764 5062 mann

2861 5084 3372 5158 sublevaturum,
3432 5105 3677 5167 nosque
3733 5085 3873 5166 ipso
3928 5084 4130 5149 fretos
4190 5083 4511 5149 adversus
4572 5104 4765 5148 omnes

2861 5169 3079 5235 hostes
3145 5183 3209 5234 et
3273 5170 3530 5234 invidos
3586 5170 3735 5234 boni
3795 5171 3999 5234 nostri
4066 5170 4202 5235 fore
4263 5184 4458 5235 tutoS.
4566 5169 4763 5251 Neque

2863 5274 3020 5321 vero
3064 5256 3227 5320 tales
3269 5277 3496 5321 sumus
3538 5256 3694 5338 quin
3741 5253 4088 5338 aliquando
4122 5257 4488 5321 sentiamus
4533 5278 4611 5319 ex
4644 5255 4764 5318 istis
