<?xml version="1.0" encoding="UTF-8"?>
<!DOCTYPE html PUBLIC "-//W3C//DTD XHTML 1.0 Transitional//EN"
    "http://www.w3.org/TR/xhtml1/DTD/xhtml1-transitional.dtd">
<html xmlns="http://www.w3.org/1999/xhtml" xml:lang="en" lang="en">
 <head>
  <title>
</title>
<meta http-equiv="Content-Type" content="text/html;charset=utf-8" />
  <meta name='ocr-system' content='tesseract 3.04.00' />
  <meta name='ocr-capabilities' content='ocr_page ocr_carea ocr_par ocr_line ocrx_word'/>
</head>
<body>
  <div class='ocr_page' id='page_1' title='image "./ioanniscalvinio07unkngoog_0361.png"; bbox 0 0 5059 6059; ppageno 0'>
   <div class='ocr_carea' id='block_1_1' title="bbox 286 297 399 363">
    <p class='ocr_par' dir='ltr' id='par_1_1' title="bbox 286 297 399 363">
     <span class='ocr_line' id='line_1_1' title="bbox 286 297 399 363; baseline -0.018 0"><span class='ocrx_word' id='word_1_1' title='bbox 286 297 399 363; x_wconf 77' lang='lat'><strong>617</strong></span> 
     </span>
    </p>
   </div>
   <div class='ocr_carea' id='block_1_2' title="bbox 287 482 3324 584">
    <p class='ocr_par' dir='ltr' id='par_1_2' title="bbox 287 482 3324 584">
     <span class='ocr_line' id='line_1_2' title="bbox 287 482 3324 584; baseline -0.001 -31"><span class='ocrx_word' id='word_1_2' title='bbox 287 486 491 553; x_wconf 89' lang='lat' dir='ltr'><strong>Deum</strong></span> <span class='ocrx_word' id='word_1_3' title='bbox 535 502 953 584; x_wconf 81' lang='lat' dir='ltr'><strong>assurgamus</strong></span> <span class='ocrx_word' id='word_1_4' title='bbox 969 505 986 562; x_wconf 87' lang='lat'>;</span> <span class='ocrx_word' id='word_1_5' title='bbox 1028 482 1143 567; x_wconf 92' lang='lat' dir='ltr'><strong>qui</strong></span> <span class='ocrx_word' id='word_1_6' title='bbox 1186 503 1328 552; x_wconf 90' lang='lat' dir='ltr'><strong>sese</strong></span> <span class='ocrx_word' id='word_1_7' title='bbox 1370 482 1561 552; x_wconf 90' lang='lat' dir='ltr'><strong>nobis</strong></span> <span class='ocrx_word' id='word_1_8' title='bbox 1601 484 1726 552; x_wconf 90' lang='lat' dir='ltr'><strong>hac</strong></span> <span class='ocrx_word' id='word_1_9' title='bbox 1770 485 2026 552; x_wconf 87' lang='lat' dir='ltr'><strong>ratione</strong></span> <span class='ocrx_word' id='word_1_10' title='bbox 2058 483 2210 551; x_wconf 90' lang='lat' dir='ltr'><strong>ado-</strong></span> <span class='ocrx_word' id='word_1_11' title='bbox 2309 494 2566 556; x_wconf 87' lang='lat' dir='ltr'><strong>centes:</strong></span> <span class='ocrx_word' id='word_1_12' title='bbox 2644 484 2825 553; x_wconf 73' lang='lat' dir='ltr'><strong>Unde</strong></span> <span class='ocrx_word' id='word_1_13' title='bbox 2866 484 3014 552; x_wconf 74' lang='lat' dir='ltr'><strong>huic</strong></span> <span class='ocrx_word' id='word_1_14' title='bbox 3054 485 3324 569; x_wconf 66' lang='lat' dir='ltr'><strong>sapient:</strong></span> 
     </span>
    </p>
   </div>
   <div class='ocr_carea' id='block_1_3' title="bbox 272 568 2209 2028">
    <p class='ocr_par' dir='ltr' id='par_1_3' title="bbox 272 568 2209 2028">
     <span class='ocr_line' id='line_1_3' title="bbox 288 568 2209 651; baseline -0.002 -11"><span class='ocrx_word' id='word_1_15' title='bbox 288 569 548 641; x_wconf 82' lang='lat' dir='ltr'><strong>randum</strong></span> <span class='ocrx_word' id='word_1_16' title='bbox 591 568 877 647; x_wconf 73' lang='lat' dir='ltr'><strong>exhibet,</strong></span> <span class='ocrx_word' id='word_1_17' title='bbox 932 577 997 635; x_wconf 89' lang='lat' dir='ltr'><strong>et</strong></span> <span class='ocrx_word' id='word_1_18' title='bbox 1042 568 1346 636; x_wconf 87' lang='lat' dir='ltr'><strong>velamen</strong></span> <span class='ocrx_word' id='word_1_19' title='bbox 1391 569 1474 636; x_wconf 90' lang='lat' dir='ltr'><strong>ab</strong></span> <span class='ocrx_word' id='word_1_20' title='bbox 1517 570 1726 638; x_wconf 87' lang='lat' dir='ltr'><strong>oculis</strong></span> <span class='ocrx_word' id='word_1_21' title='bbox 1767 578 2081 651; x_wconf 78' lang='lat' dir='ltr'><strong>removet,</strong></span> <span class='ocrx_word' id='word_1_22' title='bbox 2125 592 2209 637; x_wconf 92' lang='lat' dir='ltr'><strong>ne</strong></span> 
     </span>
     <span class='ocr_line' id='line_1_4' title="bbox 288 655 2205 741; baseline -0.002 -16"><span class='ocrx_word' id='word_1_23' title='bbox 288 657 361 726; x_wconf 86' lang='lat' dir='ltr'><strong>ab</strong></span> <span class='ocrx_word' id='word_1_24' title='bbox 412 655 589 722; x_wconf 87' lang='lat' dir='ltr'><strong>illius</strong></span> <span class='ocrx_word' id='word_1_25' title='bbox 645 663 999 738; x_wconf 86' lang='lat' dir='ltr'><strong>conspectu</strong></span> <span class='ocrx_word' id='word_1_26' title='bbox 1056 662 1125 720; x_wconf 92' lang='lat' dir='ltr'><strong>et</strong></span> <span class='ocrx_word' id='word_1_27' title='bbox 1177 657 1724 740; x_wconf 88' lang='lat' dir='ltr'><strong>contemplatione</strong></span> <span class='ocrx_word' id='word_1_28' title='bbox 1780 657 2205 741; x_wconf 79' lang='lat' dir='ltr'>repellamur:</span> 
     </span>
     <span class='ocr_line' id='line_1_5' title="bbox 286 740 2206 827; baseline -0.002 -16"><span class='ocrx_word' id='word_1_29' title='bbox 286 742 390 811; x_wconf 89' lang='lat' dir='ltr'><strong>sed</strong></span> <span class='ocrx_word' id='word_1_30' title='bbox 449 741 669 826; x_wconf 85' lang='lat' dir='ltr'><strong>potius</strong></span> <span class='ocrx_word' id='word_1_31' title='bbox 732 740 872 807; x_wconf 92' lang='lat' dir='ltr'><strong>eius</strong></span> <span class='ocrx_word' id='word_1_32' title='bbox 938 740 1329 824; x_wconf 77' lang='lat' dir='ltr'><strong>sapientiam</strong></span> <span class='ocrx_word' id='word_1_33' title='bbox 1392 740 1698 810; x_wconf 88' lang='lat' dir='ltr'><strong>admirati</strong></span> <span class='ocrx_word' id='word_1_34' title='bbox 1779 743 1997 827; x_wconf 77' lang='lat' dir='ltr'>dignis</span> <span class='ocrx_word' id='word_1_35' title='bbox 2055 764 2206 808; x_wconf 91' lang='lat' dir='ltr'><strong>eum</strong></span> 
     </span>
     <span class='ocr_line' id='line_1_6' title="bbox 284 827 2208 913; baseline -0.002 -16"><span class='ocrx_word' id='word_1_36' title='bbox 284 828 569 897; x_wconf 89' lang='lat' dir='ltr'><strong>laudibus</strong></span> <span class='ocrx_word' id='word_1_37' title='bbox 642 827 1012 905; x_wconf 84' lang='lat' dir='ltr'><strong>efferamus,</strong></span> <span class='ocrx_word' id='word_1_38' title='bbox 1093 827 1502 912; x_wconf 78' lang='lat' dir='ltr'><strong>gratiamque</strong></span> <span class='ocrx_word' id='word_1_39' title='bbox 1566 835 1634 894; x_wconf 91' lang='lat' dir='ltr'><strong>et</strong></span> <span class='ocrx_word' id='word_1_40' title='bbox 1696 827 1932 894; x_wconf 91' lang='lat' dir='ltr'><strong>donum</strong></span> <span class='ocrx_word' id='word_1_41' title='bbox 1998 828 2208 913; x_wconf 91' lang='lat' dir='ltr'><strong>ipsius</strong></span> 
     </span>
     <span class='ocr_line' id='line_1_7' title="bbox 282 911 2208 1001; baseline -0.002 -18"><span class='ocrx_word' id='word_1_42' title='bbox 282 915 776 1001; x_wconf 73' lang='lat' dir='ltr'><strong>quotiescunque</strong></span> <span class='ocrx_word' id='word_1_43' title='bbox 833 911 1021 978; x_wconf 88' lang='lat' dir='ltr'><strong>nobis</strong></span> <span class='ocrx_word' id='word_1_44' title='bbox 1073 912 1389 982; x_wconf 88' lang='lat' dir='ltr'><strong>obtulerit</strong></span> <span class='ocrx_word' id='word_1_45' title='bbox 1442 914 1537 982; x_wconf 90' lang='lat' dir='ltr'><strong>sic</strong></span> <span class='ocrx_word' id='word_1_46' title='bbox 1579 915 2067 999; x_wconf 88' lang='lat' dir='ltr'><strong>amplectamur,</strong></span> <span class='ocrx_word' id='word_1_47' title='bbox 2131 924 2208 980; x_wconf 93' lang='lat' dir='ltr'><strong>ut</strong></span> 
     </span>
     <span class='ocr_line' id='line_1_8' title="bbox 279 997 2207 1085; baseline -0.002 -17"><span class='ocrx_word' id='word_1_48' title='bbox 279 998 559 1085; x_wconf 77' lang='lat' dir='ltr'><strong>largitori</strong></span> <span class='ocrx_word' id='word_1_49' title='bbox 611 1019 803 1067; x_wconf 90' lang='lat' dir='ltr'><strong>suum</strong></span> <span class='ocrx_word' id='word_1_50' title='bbox 847 997 1164 1064; x_wconf 90' lang='lat' dir='ltr'><strong>honorem</strong></span> <span class='ocrx_word' id='word_1_51' title='bbox 1207 998 1657 1069; x_wconf 88' lang='lat' dir='ltr'><strong>exhibeamus.</strong></span> <span class='ocrx_word' id='word_1_52' title='bbox 1743 999 2006 1067; x_wconf 85' lang='lat' dir='ltr'><strong>Videtis</strong></span> <span class='ocrx_word' id='word_1_53' title='bbox 2049 999 2207 1082; x_wconf 89' lang='lat' dir='ltr'><strong>quid</strong></span> 
     </span>
     <span class='ocr_line' id='line_1_9' title="bbox 280 1082 2207 1170; baseline -0.002 -16"><span class='ocrx_word' id='word_1_54' title='bbox 280 1107 391 1154; x_wconf 89' lang='lat' dir='ltr'><strong>nos</strong></span> <span class='ocrx_word' id='word_1_55' title='bbox 420 1105 499 1151; x_wconf 91' lang='lat' dir='ltr'><strong>ex</strong></span> <span class='ocrx_word' id='word_1_56' title='bbox 538 1082 655 1149; x_wconf 89' lang='lat' dir='ltr'><strong>illa</strong></span> <span class='ocrx_word' id='word_1_57' title='bbox 687 1082 910 1167; x_wconf 90' lang='lat' dir='ltr'><strong>populi</strong></span> <span class='ocrx_word' id='word_1_58' title='bbox 947 1082 1398 1164; x_wconf 87' lang='lat' dir='ltr'><strong>admiratione,</strong></span> <span class='ocrx_word' id='word_1_59' title='bbox 1442 1105 1574 1169; x_wconf 87' lang='lat' dir='ltr'><strong>qua</strong></span> <span class='ocrx_word' id='word_1_60' title='bbox 1605 1085 1983 1170; x_wconf 83' lang='lat' dir='ltr'><strong>impellente</strong></span> <span class='ocrx_word' id='word_1_61' title='bbox 2020 1084 2207 1151; x_wconf 90' lang='lat' dir='ltr'><strong>dixe-</strong></span> 
     </span>
     <span class='ocr_line' id='line_1_10' title="bbox 277 1168 2204 1272; baseline -0.001 -33"><span class='ocrx_word' id='word_1_62' title='bbox 277 1180 449 1239; x_wconf 88' lang='lat' dir='ltr'><strong>runt:</strong></span> <span class='ocrx_word' id='word_1_63' title='bbox 496 1168 676 1253; x_wconf 78' lang='lat' dir='ltr'><strong>Quid</strong></span> <span class='ocrx_word' id='word_1_64' title='bbox 721 1169 869 1268; x_wconf 49' lang='lat' dir='ltr'><strong>hoc·</strong></span> <span class='ocrx_word' id='word_1_65' title='bbox 890 1168 988 1235; x_wconf 87' lang='lat' dir='ltr'><strong>rei</strong></span> <span class='ocrx_word' id='word_1_66' title='bbox 1031 1177 1133 1238; x_wconf 87' lang='lat' dir='ltr'><strong>est</strong></span> <span class='ocrx_word' id='word_1_67' title='bbox 1172 1169 1350 1253; x_wconf 87' lang='lat' dir='ltr'><strong>quod</strong></span> <span class='ocrx_word' id='word_1_68' title='bbox 1392 1171 1591 1238; x_wconf 89' lang='lat' dir='ltr'><strong>etiam</strong></span> <span class='ocrx_word' id='word_1_69' title='bbox 1638 1170 1799 1240; x_wconf 84' lang='lat' dir='ltr'><strong>Saul</strong></span> <span class='ocrx_word' id='word_1_70' title='bbox 1840 1171 2017 1238; x_wconf 88' lang='lat' dir='ltr'><strong>inter</strong></span> <span class='ocrx_word' id='word_1_71' title='bbox 2052 1192 2204 1272; x_wconf 85' lang='lat' dir='ltr'><strong>pro-</strong></span> 
     </span>
     <span class='ocr_line' id='line_1_11' title="bbox 275 1254 2202 1344; baseline -0.002 -20"><span class='ocrx_word' id='word_1_72' title='bbox 275 1255 536 1344; x_wconf 80' lang='lat' dir='ltr'><strong>phetas?</strong></span> <span class='ocrx_word' id='word_1_73' title='bbox 602 1255 909 1324; x_wconf 73' lang='lat' dir='ltr'><strong>utilitatls</strong></span> <span class='ocrx_word' id='word_1_74' title='bbox 987 1254 1324 1340; x_wconf 75' lang='lat' dir='ltr'><strong>percipere</strong></span> <span class='ocrx_word' id='word_1_75' title='bbox 1403 1254 1780 1327; x_wconf 90' lang='lat' dir='ltr'><strong>debeamus.</strong></span> <span class='ocrx_word' id='word_1_76' title='bbox 1866 1256 2202 1342; x_wconf 74' lang='lat' dir='ltr'><strong>Sequitur,</strong></span> 
     </span>
     <span class='ocr_line' id='line_1_12' title="bbox 316 1338 2207 1425; baseline -0.001 -14"><span class='ocrx_word' id='word_1_77' title='bbox 316 1340 584 1411; x_wconf 89' lang='lat' dir='ltr'><strong>uendam</strong></span> <span class='ocrx_word' id='word_1_78' title='bbox 639 1362 725 1407; x_wconf 88' lang='lat' dir='ltr'><strong>ex</strong></span> <span class='ocrx_word' id='word_1_79' title='bbox 825 1338 973 1408; x_wconf 90' lang='lat' dir='ltr'><strong>lebe</strong></span> <span class='ocrx_word' id='word_1_80' title='bbox 1030 1340 1393 1425; x_wconf 84' lang='lat' dir='ltr'><strong>excepisse:</strong></span> <span class='ocrx_word' id='word_1_81' title='bbox 1466 1342 1624 1425; x_wconf 69' lang='lat' dir='ltr'><strong>Quis</strong></span> <span class='ocrx_word' id='word_1_82' title='bbox 1674 1363 1823 1409; x_wconf 80' lang='lat' dir='ltr'><strong>vero</strong></span> <span class='ocrx_word' id='word_1_83' title='bbox 1866 1347 2057 1425; x_wconf 75' lang='lat' dir='ltr'><strong>pater</strong></span> <span class='ocrx_word' id='word_1_84' title='bbox 2112 1347 2207 1409; x_wconf 75' lang='lat' dir='ltr'><strong>est</strong></span> 
     </span>
     <span class='ocr_line' id='line_1_13' title="bbox 277 1366 2202 1529; baseline -0.002 -33"><span class='ocrx_word' id='word_1_85' title='bbox 277 1366 536 1496; x_wconf 51' lang='lat' dir='ltr'><strong>{tm-lis?</strong></span> <span class='ocrx_word' id='word_1_86' title='bbox 623 1425 762 1508; x_wconf 80' lang='lat' dir='ltr'><strong>Qui</strong></span> <span class='ocrx_word' id='word_1_87' title='bbox 808 1445 941 1525; x_wconf 44' lang='lat' dir='ltr'><strong>am.</strong></span> <span class='ocrx_word' id='word_1_88' title='bbox 973 1426 1190 1509; x_wconf 66' lang='lat' dir='ltr'><strong>patr-‘s</strong></span> <span class='ocrx_word' id='word_1_89' title='bbox 1257 1427 1523 1496; x_wconf 88' lang='lat' dir='ltr'><strong>nomine</strong></span> <span class='ocrx_word' id='word_1_90' title='bbox 1578 1427 1967 1529; x_wconf 81' lang='lat' dir='ltr'><strong>magistrum</strong></span> <span class='ocrx_word' id='word_1_91' title='bbox 2009 1427 2202 1494; x_wconf 86' lang='lat' dir='ltr'><strong>intel-</strong></span> 
     </span>
     <span class='ocr_line' id='line_1_14' title="bbox 279 1510 2203 1600; baseline -0.001 -19"><span class='ocrx_word' id='word_1_92' title='bbox 279 1516 490 1600; x_wconf 85' lang='lat' dir='ltr'><strong>ligunt.</strong></span> <span class='ocrx_word' id='word_1_93' title='bbox 580 1510 714 1582; x_wconf 85' lang='lat' dir='ltr'><strong>Sed</strong></span> <span class='ocrx_word' id='word_1_94' title='bbox 780 1512 981 1580; x_wconf 73' lang='lat' dir='ltr'><strong>nimis</strong></span> <span class='ocrx_word' id='word_1_95' title='bbox 1043 1519 1270 1580; x_wconf 88' lang='lat' dir='ltr'><strong>coacta</strong></span> <span class='ocrx_word' id='word_1_96' title='bbox 1330 1521 1434 1580; x_wconf 89' lang='lat' dir='ltr'><strong>est</strong></span> <span class='ocrx_word' id='word_1_97' title='bbox 1496 1514 1836 1598; x_wconf 77' lang='lat' dir='ltr'><strong>exposltio.</strong></span> <span class='ocrx_word' id='word_1_98' title='bbox 1921 1514 2060 1582; x_wconf 90' lang='lat' dir='ltr'><strong>Alii</strong></span> <span class='ocrx_word' id='word_1_99' title='bbox 2116 1512 2203 1580; x_wconf 90' lang='lat' dir='ltr'><strong>ad</strong></span> 
     </span>
     <span class='ocr_line' id='line_1_15' title="bbox 274 1598 2200 1685; baseline -0.001 -18"><span class='ocrx_word' id='word_1_100' title='bbox 274 1600 478 1667; x_wconf 90' lang='lat' dir='ltr'><strong>Deum</strong></span> <span class='ocrx_word' id='word_1_101' title='bbox 550 1598 868 1677; x_wconf 79' lang='lat' dir='ltr'><strong>referunt,</strong></span> <span class='ocrx_word' id='word_1_102' title='bbox 958 1598 1143 1681; x_wconf 82' lang='lat' dir='ltr'><strong>quasi</strong></span> <span class='ocrx_word' id='word_1_103' title='bbox 1216 1598 1403 1666; x_wconf 91' lang='lat' dir='ltr'><strong>Deus</strong></span> <span class='ocrx_word' id='word_1_104' title='bbox 1485 1599 1948 1683; x_wconf 89' lang='lat' dir='ltr'><strong>prophetarum</strong></span> <span class='ocrx_word' id='word_1_105' title='bbox 2013 1609 2200 1685; x_wconf 87' lang='lat' dir='ltr'><strong>pater</strong></span> 
     </span>
     <span class='ocr_line' id='line_1_16' title="bbox 272 1680 2199 1770; baseline -0.001 -17"><span class='ocrx_word' id='word_1_106' title='bbox 272 1687 456 1753; x_wconf 76' lang='lat' dir='ltr'><strong>fiaisse</strong></span> <span class='ocrx_word' id='word_1_107' title='bbox 512 1682 789 1752; x_wconf 81' lang='lat' dir='ltr'><strong>dicatur.</strong></span> <span class='ocrx_word' id='word_1_108' title='bbox 876 1680 1203 1767; x_wconf 83' lang='lat' dir='ltr'><strong>Equidem</strong></span> <span class='ocrx_word' id='word_1_109' title='bbox 1261 1705 1541 1770; x_wconf 87' lang='lat' dir='ltr'><strong>agnosco</strong></span> <span class='ocrx_word' id='word_1_110' title='bbox 1585 1687 1803 1754; x_wconf 92' lang='lat' dir='ltr'><strong>Deum</strong></span> <span class='ocrx_word' id='word_1_111' title='bbox 1846 1689 1914 1751; x_wconf 90' lang='lat' dir='ltr'><strong>in</strong></span> <span class='ocrx_word' id='word_1_112' title='bbox 1959 1706 2199 1770; x_wconf 84' lang='lat' dir='ltr'><strong>genere</strong></span> 
     </span>
     <span class='ocr_line' id='line_1_17' title="bbox 272 1769 2200 1853; baseline -0.001 -14"><span class='ocrx_word' id='word_1_113' title='bbox 272 1773 459 1839; x_wconf 85' lang='lat' dir='ltr'><strong>totius</strong></span> <span class='ocrx_word' id='word_1_114' title='bbox 509 1770 790 1838; x_wconf 90' lang='lat' dir='ltr'><strong>humani</strong></span> <span class='ocrx_word' id='word_1_115' title='bbox 926 1769 1104 1837; x_wconf 89' lang='lat' dir='ltr'><strong>neris</strong></span> <span class='ocrx_word' id='word_1_116' title='bbox 1161 1778 1434 1853; x_wconf 86' lang='lat' dir='ltr'><strong>patrem.</strong></span> <span class='ocrx_word' id='word_1_117' title='bbox 1520 1770 1664 1838; x_wconf 89' lang='lat' dir='ltr'><strong>Nos</strong></span> <span class='ocrx_word' id='word_1_118' title='bbox 1704 1773 1880 1840; x_wconf 92' lang='lat' dir='ltr'><strong>enim</strong></span> <span class='ocrx_word' id='word_1_119' title='bbox 1924 1773 2200 1840; x_wconf 86' lang='lat' dir='ltr'><strong>miseros</strong></span> 
     </span>
     <span class='ocr_line' id='line_1_18' title="bbox 272 1854 2203 1943; baseline 0 -19"><span class='ocrx_word' id='word_1_120' title='bbox 272 1868 332 1924; x_wconf 90' lang='lat' dir='ltr'><strong>et</strong></span> <span class='ocrx_word' id='word_1_121' title='bbox 368 1876 603 1943; x_wconf 85' lang='lat' dir='ltr'><strong>egenos</strong></span> <span class='ocrx_word' id='word_1_122' title='bbox 646 1874 757 1922; x_wconf 90' lang='lat' dir='ltr'><strong>mo</strong></span> <span class='ocrx_word' id='word_1_123' title='bbox 886 1875 958 1922; x_wconf 90' lang='lat' dir='ltr'><strong>es</strong></span> <span class='ocrx_word' id='word_1_124' title='bbox 1000 1861 1189 1924; x_wconf 79' lang='lat' dir='ltr'><strong>tanto</strong></span> <span class='ocrx_word' id='word_1_125' title='bbox 1232 1854 1543 1941; x_wconf 81' lang='lat' dir='ltr'><strong>dignatur</strong></span> <span class='ocrx_word' id='word_1_126' title='bbox 1586 1858 1854 1938; x_wconf 84' lang='lat' dir='ltr'><strong>honore,</strong></span> <span class='ocrx_word' id='word_1_127' title='bbox 1909 1867 1982 1924; x_wconf 89' lang='lat' dir='ltr'><strong>ut</strong></span> <span class='ocrx_word' id='word_1_128' title='bbox 2024 1858 2203 1924; x_wconf 86' lang='lat' dir='ltr'><strong>filios</strong></span> 
     </span>
     <span class='ocr_line' id='line_1_19' title="bbox 272 1939 2197 2028; baseline 0.001 -20"><span class='ocrx_word' id='word_1_129' title='bbox 272 1964 413 2011; x_wconf 83' lang='lat' dir='ltr'><strong>suos</strong></span> <span class='ocrx_word' id='word_1_130' title='bbox 466 1950 672 2022; x_wconf 78' lang='lat' dir='ltr'><strong>vocet,</strong></span> <span class='ocrx_word' id='word_1_131' title='bbox 733 1942 934 2007; x_wconf 90' lang='lat' dir='ltr'><strong>etiam</strong></span> <span class='ocrx_word' id='word_1_132' title='bbox 990 1939 1196 2008; x_wconf 89' lang='lat' dir='ltr'><strong>solius</strong></span> <span class='ocrx_word' id='word_1_133' title='bbox 1252 1943 1605 2014; x_wconf 76' lang='lat' dir='ltr'><strong>creationis</strong></span> <span class='ocrx_word' id='word_1_134' title='bbox 1648 1952 1970 2028; x_wconf 89' lang='lat' dir='ltr'><strong>respectu.</strong></span> <span class='ocrx_word' id='word_1_135' title='bbox 2061 1940 2197 2017; x_wconf 84' lang='lat' dir='ltr'><strong>Sed</strong></span> 
     </span>
    </p>
   </div>
   <div class='ocr_carea' id='block_1_4' title="bbox 164 2025 2199 2201">
    <p class='ocr_par' dir='ltr' id='par_1_4' title="bbox 164 2025 2199 2201">
     <span class='ocr_line' id='line_1_20' title="bbox 164 2025 2194 2114; baseline 0 -19"><span class='ocrx_word' id='word_1_136' title='bbox 164 2073 165 2086; x_wconf 26' lang='grc' dir='ltr'><strong>η</strong></span> <span class='ocrx_word' id='word_1_137' title='bbox 270 2028 375 2096; x_wconf 89' lang='lat' dir='ltr'><strong>illa</strong></span> <span class='ocrx_word' id='word_1_138' title='bbox 404 2027 724 2113; x_wconf 88' lang='lat' dir='ltr'><strong>expositio</strong></span> <span class='ocrx_word' id='word_1_139' title='bbox 766 2025 923 2096; x_wconf 87' lang='lat' dir='ltr'><strong>huic</strong></span> <span class='ocrx_word' id='word_1_140' title='bbox 965 2026 1110 2093; x_wconf 88' lang='lat' dir='ltr'><strong>loco</strong></span> <span class='ocrx_word' id='word_1_141' title='bbox 1156 2027 1427 2095; x_wconf 89' lang='lat' dir='ltr'><strong>minime</strong></span> <span class='ocrx_word' id='word_1_142' title='bbox 1464 2029 1807 2111; x_wconf 89' lang='lat' dir='ltr'><strong>convenit;</strong></span> <span class='ocrx_word' id='word_1_143' title='bbox 1870 2029 2194 2114; x_wconf 89' lang='lat' dir='ltr'><strong>siquidem</strong></span> 
     </span>
     <span class='ocr_line' id='line_1_21' title="bbox 164 2112 2199 2201; baseline 0.002 -25"><span class='ocrx_word' id='word_1_144' title='bbox 164 2145 165 2176; x_wconf 70' lang='grc'>;</span> <span class='ocrx_word' id='word_1_145' title='bbox 270 2120 515 2200; x_wconf 83' lang='lat' dir='ltr'><strong>propter</strong></span> <span class='ocrx_word' id='word_1_146' title='bbox 576 2122 923 2197; x_wconf 85' lang='lat' dir='ltr'><strong>peccatum</strong></span> <span class='ocrx_word' id='word_1_147' title='bbox 986 2112 1369 2181; x_wconf 81' lang='lat' dir='ltr'><strong>exsulamus</strong></span> <span class='ocrx_word' id='word_1_148' title='bbox 1430 2136 1636 2201; x_wconf 88' lang='lat' dir='ltr'><strong>regno</strong></span> <span class='ocrx_word' id='word_1_149' title='bbox 1700 2116 2048 2195; x_wconf 88' lang='lat' dir='ltr'><strong>coelorum,</strong></span> <span class='ocrx_word' id='word_1_150' title='bbox 2129 2122 2199 2182; x_wconf 90' lang='lat' dir='ltr'><strong>et</strong></span> 
     </span>
    </p>
   </div>
   <div class='ocr_carea' id='block_1_5' title="bbox 260 2195 2227 5288">
    <p class='ocr_par' dir='ltr' id='par_1_5' title="bbox 260 2195 2227 5288">
     <span class='ocr_line' id='line_1_22' title="bbox 271 2195 2197 2288; baseline 0.001 -21"><span class='ocrx_word' id='word_1_151' title='bbox 271 2222 409 2267; x_wconf 84' lang='lat' dir='ltr'><strong>eum</strong></span> <span class='ocrx_word' id='word_1_152' title='bbox 457 2199 601 2266; x_wconf 89' lang='lat' dir='ltr'><strong>Deo</strong></span> <span class='ocrx_word' id='word_1_153' title='bbox 655 2197 846 2265; x_wconf 88' lang='lat' dir='ltr'><strong>nulla</strong></span> <span class='ocrx_word' id='word_1_154' title='bbox 899 2197 1086 2265; x_wconf 91' lang='lat' dir='ltr'><strong>nobis</strong></span> <span class='ocrx_word' id='word_1_155' title='bbox 1138 2195 1297 2284; x_wconf 89' lang='lat' dir='ltr'><strong>(nisi</strong></span> <span class='ocrx_word' id='word_1_156' title='bbox 1353 2220 1473 2284; x_wconf 91' lang='lat' dir='ltr'><strong>per</strong></span> <span class='ocrx_word' id='word_1_157' title='bbox 1528 2203 1807 2286; x_wconf 82' lang='lat' dir='ltr'><strong>gratiam</strong></span> <span class='ocrx_word' id='word_1_158' title='bbox 1854 2198 2197 2288; x_wconf 88' lang='lat' dir='ltr'><strong>regenitis)</strong></span> 
     </span>
     <span class='ocr_line' id='line_1_23' title="bbox 268 2284 2196 2437; baseline 0.001 -85"><span class='ocrx_word' id='word_1_159' title='bbox 268 2286 488 2437; x_wconf 60' lang='grc' dir='ltr'><strong>Βατείας</strong></span> <span class='ocrx_word' id='word_1_160' title='bbox 544 2286 681 2353; x_wconf 92' lang='lat' dir='ltr'><strong>imo</strong></span> <span class='ocrx_word' id='word_1_161' title='bbox 740 2292 809 2350; x_wconf 91' lang='lat' dir='ltr'><strong>et</strong></span> <span class='ocrx_word' id='word_1_162' title='bbox 862 2285 1230 2351; x_wconf 83' lang='lat' dir='ltr'><strong>detestatur</strong></span> <span class='ocrx_word' id='word_1_163' title='bbox 1285 2306 1407 2354; x_wconf 88' lang='lat' dir='ltr'><strong>nos</strong></span> <span class='ocrx_word' id='word_1_164' title='bbox 1460 2284 1667 2356; x_wconf 89' lang='lat' dir='ltr'><strong>donec</strong></span> <span class='ocrx_word' id='word_1_165' title='bbox 1723 2287 1852 2372; x_wconf 93' lang='lat' dir='ltr'><strong>ipsi</strong></span> <span class='ocrx_word' id='word_1_166' title='bbox 1906 2286 2196 2354; x_wconf 87' lang='lat' dir='ltr'><strong>reconci-</strong></span> 
     </span>
     <span class='ocr_line' id='line_1_24' title="bbox 294 2368 2192 2457; baseline 0.001 -19"><span class='ocrx_word' id='word_1_167' title='bbox 294 2374 499 2438; x_wconf 85' lang='lat' dir='ltr'><strong>&#39;emur.</strong></span> <span class='ocrx_word' id='word_1_168' title='bbox 587 2368 728 2439; x_wconf 84' lang='lat' dir='ltr'><strong>Sed</strong></span> <span class='ocrx_word' id='word_1_169' title='bbox 782 2370 1095 2453; x_wconf 89' lang='lat' dir='ltr'><strong>quoniam</strong></span> <span class='ocrx_word' id='word_1_170' title='bbox 1151 2370 1221 2438; x_wconf 90' lang='lat' dir='ltr'><strong>in</strong></span> <span class='ocrx_word' id='word_1_171' title='bbox 1277 2369 1465 2440; x_wconf 90' lang='lat' dir='ltr'><strong>nobis</strong></span> <span class='ocrx_word' id='word_1_172' title='bbox 1506 2375 1762 2457; x_wconf 86' lang='lat' dir='ltr'><strong>paterni</strong></span> <span class='ocrx_word' id='word_1_173' title='bbox 1809 2373 2048 2440; x_wconf 89' lang='lat' dir='ltr'><strong>amoris</strong></span> <span class='ocrx_word' id='word_1_174' title='bbox 2090 2374 2192 2457; x_wconf 82' lang='lat' dir='ltr'><strong>ip·</strong></span> 
     </span>
     <span class='ocr_line' id='line_1_25' title="bbox 267 2455 2191 2556; baseline 0 -33"><span class='ocrx_word' id='word_1_175' title='bbox 267 2458 390 2525; x_wconf 86' lang='lat' dir='ltr'><strong>sius</strong></span> <span class='ocrx_word' id='word_1_176' title='bbox 446 2465 670 2556; x_wconf 72' lang='lat' dir='ltr'><strong>notam</strong></span> <span class='ocrx_word' id='word_1_177' title='bbox 737 2455 1091 2538; x_wconf 86' lang='lat' dir='ltr'><strong>impressit,</strong></span> <span class='ocrx_word' id='word_1_178' title='bbox 1159 2455 1401 2525; x_wconf 90' lang='lat' dir='ltr'><strong>idcirco</strong></span> <span class='ocrx_word' id='word_1_179' title='bbox 1457 2458 1582 2524; x_wconf 90' lang='lat' dir='ltr'><strong>filii</strong></span> <span class='ocrx_word' id='word_1_180' title='bbox 1636 2461 1842 2544; x_wconf 89' lang='lat' dir='ltr'><strong>ipsius</strong></span> <span class='ocrx_word' id='word_1_181' title='bbox 1891 2458 2191 2529; x_wconf 85' lang='lat' dir='ltr'><strong>dicimur.</strong></span> 
     </span>
     <span class='ocr_line' id='line_1_26' title="bbox 265 2542 2188 2644; baseline 0.002 -38"><span class='ocrx_word' id='word_1_182' title='bbox 265 2542 499 2644; x_wconf 72' lang='lat' dir='ltr'><strong>Verum</strong></span> <span class='ocrx_word' id='word_1_183' title='bbox 532 2551 737 2609; x_wconf 72' lang='lat' dir='ltr'><strong>etiam</strong></span> <span class='ocrx_word' id='word_1_184' title='bbox 772 2562 814 2606; x_wconf 87' lang='lat' dir='ltr'><strong>a</strong></span> <span class='ocrx_word' id='word_1_185' title='bbox 845 2542 1139 2624; x_wconf 77' lang='lat' dir='ltr'><strong>profanis</strong></span> <span class='ocrx_word' id='word_1_186' title='bbox 1172 2542 1603 2627; x_wconf 74' lang='lat' dir='ltr'><strong>scriptoribus</strong></span> <span class='ocrx_word' id='word_1_187' title='bbox 1638 2566 1828 2629; x_wconf 89' lang='lat' dir='ltr'><strong>reges</strong></span> <span class='ocrx_word' id='word_1_188' title='bbox 1849 2544 2188 2629; x_wconf 88' lang='lat' dir='ltr'><strong>speciatim</strong></span> 
     </span>
     <span class='ocr_line' id='line_1_27' title="bbox 267 2627 2190 2713; baseline -0.001 -17"><span class='ocrx_word' id='word_1_189' title='bbox 267 2627 374 2696; x_wconf 66' lang='lat' dir='ltr'><strong>filiu</strong></span> <span class='ocrx_word' id='word_1_190' title='bbox 431 2627 563 2696; x_wconf 87' lang='lat' dir='ltr'><strong>Dei</strong></span> <span class='ocrx_word' id='word_1_191' title='bbox 626 2627 1089 2708; x_wconf 78' lang='lat' dir='ltr'><strong>nominantur:</strong></span> <span class='ocrx_word' id='word_1_192' title='bbox 1157 2630 1466 2713; x_wconf 87' lang='lat' dir='ltr'><strong>quoniam</strong></span> <span class='ocrx_word' id='word_1_193' title='bbox 1531 2629 1836 2700; x_wconf 84' lang='lat' dir='ltr'><strong>videlieet</strong></span> <span class='ocrx_word' id='word_1_194' title='bbox 1895 2630 2041 2698; x_wconf 86' lang='lat' dir='ltr'><strong>illos</strong></span> <span class='ocrx_word' id='word_1_195' title='bbox 2106 2628 2190 2695; x_wconf 88' lang='lat' dir='ltr'><strong>ad</strong></span> 
     </span>
     <span class='ocr_line' id='line_1_28' title="bbox 267 2712 2187 2799; baseline 0 -17"><span class='ocrx_word' id='word_1_196' title='bbox 267 2722 499 2782; x_wconf 81' lang='lat' dir='ltr'><strong>tantam</strong></span> <span class='ocrx_word' id='word_1_197' title='bbox 565 2712 956 2798; x_wconf 80' lang='lat' dir='ltr'><strong>dignitatem</strong></span> <span class='ocrx_word' id='word_1_198' title='bbox 1028 2714 1286 2780; x_wconf 79' lang='lat' dir='ltr'><strong>evexit:</strong></span> <span class='ocrx_word' id='word_1_199' title='bbox 1362 2715 1911 2799; x_wconf 87' lang='lat' dir='ltr'><strong>quemadmodum</strong></span> <span class='ocrx_word' id='word_1_200' title='bbox 1986 2715 2187 2782; x_wconf 82' lang='lat' dir='ltr'><strong>etiam</strong></span> 
     </span>
     <span class='ocr_line' id='line_1_29' title="bbox 266 2796 2187 2885; baseline 0.001 -19"><span class='ocrx_word' id='word_1_201' title='bbox 266 2798 288 2866; x_wconf 92' lang='lat' dir='ltr'><strong>i</strong></span> <span class='ocrx_word' id='word_1_202' title='bbox 431 2799 759 2884; x_wconf 87' lang='lat' dir='ltr'><strong>propheta</strong></span> <span class='ocrx_word' id='word_1_203' title='bbox 800 2796 991 2866; x_wconf 86' lang='lat' dir='ltr'><strong>dicit:</strong></span> <span class='ocrx_word' id='word_1_204' title='bbox 1073 2798 1203 2865; x_wconf 83' lang='lat' dir='ltr'><strong>Vos</strong></span> <span class='ocrx_word' id='word_1_205' title='bbox 1242 2798 1371 2868; x_wconf 75' lang='lat' dir='ltr'><strong>Dii</strong></span> <span class='ocrx_word' id='word_1_206' title='bbox 1411 2800 1562 2868; x_wconf 69' lang='lat' dir='ltr'><strong>estis</strong></span> <span class='ocrx_word' id='word_1_207' title='bbox 1604 2807 1662 2869; x_wconf 76' lang='lat' dir='ltr'><strong>et</strong></span> <span class='ocrx_word' id='word_1_208' title='bbox 1695 2802 1825 2885; x_wconf 70' lang='lat' dir='ltr'><strong>fila·</strong></span> <span class='ocrx_word' id='word_1_209' title='bbox 1864 2801 2187 2870; x_wconf 71' lang='lat' dir='ltr'><strong>altissimi.</strong></span> 
     </span>
     <span class='ocr_line' id='line_1_30' title="bbox 268 2820 2189 2974; baseline 0.001 -22"><span class='ocrx_word' id='word_1_210' title='bbox 268 2820 691 2968; x_wconf 48' lang='lat' dir='ltr'><strong>&amp;mabam</strong></span> <span class='ocrx_word' id='word_1_211' title='bbox 735 2904 945 2969; x_wconf 88' lang='lat' dir='ltr'><strong>reges,</strong></span> <span class='ocrx_word' id='word_1_212' title='bbox 988 2884 1316 2969; x_wconf 83' lang='lat' dir='ltr'><strong>principes</strong></span> <span class='ocrx_word' id='word_1_213' title='bbox 1360 2907 1436 2954; x_wconf 90' lang='lat' dir='ltr'><strong>ac</strong></span> <span class='ocrx_word' id='word_1_214' title='bbox 1477 2887 1720 2956; x_wconf 88' lang='lat' dir='ltr'><strong>summi</strong></span> <span class='ocrx_word' id='word_1_215' title='bbox 1761 2888 2189 2974; x_wconf 86' lang='lat' dir='ltr'><strong>magistratus</strong></span> 
     </span>
     <span class='ocr_line' id='line_1_31' title="bbox 264 2970 2187 3060; baseline 0.001 -22"><span class='ocrx_word' id='word_1_216' title='bbox 264 2971 370 3038; x_wconf 84' lang='lat' dir='ltr'><strong>filii</strong></span> <span class='ocrx_word' id='word_1_217' title='bbox 421 2970 549 3038; x_wconf 90' lang='lat' dir='ltr'><strong>Dei</strong></span> <span class='ocrx_word' id='word_1_218' title='bbox 608 2970 1063 3052; x_wconf 85' lang='lat' dir='ltr'><strong>nominantur,</strong></span> <span class='ocrx_word' id='word_1_219' title='bbox 1128 2971 1301 3055; x_wconf 87' lang='lat' dir='ltr'><strong>quod</strong></span> <span class='ocrx_word' id='word_1_220' title='bbox 1359 2973 1543 3042; x_wconf 91' lang='lat' dir='ltr'><strong>Deus</strong></span> <span class='ocrx_word' id='word_1_221' title='bbox 1597 2973 1747 3042; x_wconf 88' lang='lat' dir='ltr'><strong>illos</strong></span> <span class='ocrx_word' id='word_1_222' title='bbox 1801 2973 2071 3060; x_wconf 86' lang='lat' dir='ltr'><strong>elegerit</strong></span> <span class='ocrx_word' id='word_1_223' title='bbox 2116 2974 2187 3040; x_wconf 93' lang='lat' dir='ltr'><strong>in</strong></span> 
     </span>
     <span class='ocr_line' id='line_1_32' title="bbox 265 3055 2190 3145; baseline 0 -21"><span class='ocrx_word' id='word_1_224' title='bbox 265 3055 478 3140; x_wconf 89' lang='lat' dir='ltr'><strong>quibus</strong></span> <span class='ocrx_word' id='word_1_225' title='bbox 536 3076 733 3124; x_wconf 83' lang='lat' dir='ltr'><strong>suam</strong></span> <span class='ocrx_word' id='word_1_226' title='bbox 795 3055 1205 3126; x_wconf 87' lang='lat' dir='ltr'><strong>maiestatem</strong></span> <span class='ocrx_word' id='word_1_227' title='bbox 1273 3058 1564 3125; x_wconf 80' lang='lat' dir='ltr'><strong>maxime</strong></span> <span class='ocrx_word' id='word_1_228' title='bbox 1626 3059 2040 3145; x_wconf 81' lang='lat' dir='ltr'><strong>patefaceret,</strong></span> <span class='ocrx_word' id='word_1_229' title='bbox 2120 3066 2190 3126; x_wconf 90' lang='lat' dir='ltr'><strong>et</strong></span> 
     </span>
     <span class='ocr_line' id='line_1_33' title="bbox 263 3140 2187 3230; baseline 0.002 -22"><span class='ocrx_word' id='word_1_230' title='bbox 263 3141 668 3211; x_wconf 77' lang='lat' dir='ltr'><strong>illustriorem</strong></span> <span class='ocrx_word' id='word_1_231' title='bbox 753 3140 1076 3210; x_wconf 86' lang='lat' dir='ltr'><strong>redderet.</strong></span> <span class='ocrx_word' id='word_1_232' title='bbox 1177 3141 1616 3214; x_wconf 84' lang='lat' dir='ltr'><strong>Verissimum</strong></span> <span class='ocrx_word' id='word_1_233' title='bbox 1700 3146 1908 3230; x_wconf 87' lang='lat' dir='ltr'><strong>igitur</strong></span> <span class='ocrx_word' id='word_1_234' title='bbox 1986 3144 2187 3225; x_wconf 84' lang='lat' dir='ltr'><strong>istud,</strong></span> 
     </span>
     <span class='ocr_line' id='line_1_34' title="bbox 264 3228 2189 3329; baseline 0 -32"><span class='ocrx_word' id='word_1_235' title='bbox 264 3228 459 3329; x_wconf 74' lang='lat' dir='ltr'><strong>Deum</strong></span> <span class='ocrx_word' id='word_1_236' title='bbox 514 3248 663 3296; x_wconf 88' lang='lat' dir='ltr'><strong>esse</strong></span> <span class='ocrx_word' id='word_1_237' title='bbox 716 3248 952 3328; x_wconf 74' lang='lat' dir='ltr'><strong>regum</strong></span> <span class='ocrx_word' id='word_1_238' title='bbox 994 3235 1066 3293; x_wconf 90' lang='lat' dir='ltr'><strong>et</strong></span> <span class='ocrx_word' id='word_1_239' title='bbox 1264 3231 1615 3298; x_wconf 89' lang='lat' dir='ltr'><strong>istratuum</strong></span> <span class='ocrx_word' id='word_1_240' title='bbox 1656 3241 1946 3317; x_wconf 84' lang='lat' dir='ltr'><strong>patrem:</strong></span> <span class='ocrx_word' id='word_1_241' title='bbox 2014 3228 2189 3316; x_wconf 88' lang='lat' dir='ltr'><strong>quod</strong></span> 
     </span>
     <span class='ocr_line' id='line_1_35' title="bbox 263 3251 2189 3485; baseline -0.006 -3"><span class='ocrx_word' id='word_1_242' title='bbox 263 3313 847 3485; x_wconf 53' lang='lat' dir='ltr'><strong>mamm</strong></span> <span class='ocrx_word' id='word_1_243' title='bbox 878 3251 2189 3485; x_wconf 34' lang='lat' dir='ltr'><strong>“emanaturam</strong></span> 
     </span>
     <span class='ocr_line' id='line_1_36' title="bbox 263 3485 2188 3574; baseline 0.003 -24"><span class='ocrx_word' id='word_1_244' title='bbox 263 3487 438 3553; x_wconf 84' lang='lat' dir='ltr'><strong>vinae</strong></span> <span class='ocrx_word' id='word_1_245' title='bbox 490 3494 692 3570; x_wconf 79' lang='lat' dir='ltr'><strong>atque</strong></span> <span class='ocrx_word' id='word_1_246' title='bbox 736 3485 1059 3554; x_wconf 88' lang='lat' dir='ltr'><strong>donorum</strong></span> <span class='ocrx_word' id='word_1_247' title='bbox 1104 3493 1172 3554; x_wconf 89' lang='lat' dir='ltr'><strong>et</strong></span> <span class='ocrx_word' id='word_1_248' title='bbox 1214 3486 1676 3558; x_wconf 85' lang='lat' dir='ltr'><strong>beneficiorum</strong></span> <span class='ocrx_word' id='word_1_249' title='bbox 1732 3490 1939 3574; x_wconf 88' lang='lat' dir='ltr'><strong>ipsius</strong></span> <span class='ocrx_word' id='word_1_250' title='bbox 1986 3487 2188 3558; x_wconf 86' lang='lat' dir='ltr'><strong>habe·</strong></span> 
     </span>
     <span class='ocr_line' id='line_1_37' title="bbox 264 3570 2187 3673; baseline 0.002 -34"><span class='ocrx_word' id='word_1_251' title='bbox 264 3570 424 3673; x_wconf 53' lang='lat' dir='ltr'><strong>bant</strong></span> <span class='ocrx_word' id='word_1_252' title='bbox 466 3592 636 3655; x_wconf 87' lang='lat' dir='ltr'><strong>quae</strong></span> <span class='ocrx_word' id='word_1_253' title='bbox 680 3574 751 3640; x_wconf 89' lang='lat' dir='ltr'><strong>in</strong></span> <span class='ocrx_word' id='word_1_254' title='bbox 793 3571 961 3656; x_wconf 89' lang='lat' dir='ltr'><strong>ipsis</strong></span> <span class='ocrx_word' id='word_1_255' title='bbox 1005 3572 1214 3657; x_wconf 85' lang='lat' dir='ltr'><strong>magis</strong></span> <span class='ocrx_word' id='word_1_256' title='bbox 1256 3594 1449 3657; x_wconf 88' lang='lat' dir='ltr'><strong>quam</strong></span> <span class='ocrx_word' id='word_1_257' title='bbox 1487 3573 1559 3640; x_wconf 92' lang='lat' dir='ltr'><strong>in</strong></span> <span class='ocrx_word' id='word_1_258' title='bbox 1595 3575 1740 3642; x_wconf 85' lang='lat' dir='ltr'><strong>aliis</strong></span> <span class='ocrx_word' id='word_1_259' title='bbox 1774 3584 1968 3644; x_wconf 90' lang='lat' dir='ltr'><strong>erant</strong></span> <span class='ocrx_word' id='word_1_260' title='bbox 2001 3596 2187 3643; x_wconf 81' lang='lat' dir='ltr'><strong>cons-</strong></span> 
     </span>
     <span class='ocr_line' id='line_1_38' title="bbox 265 3655 2191 3745; baseline 0.003 -21"><span class='ocrx_word' id='word_1_261' title='bbox 265 3677 455 3741; x_wconf 74' lang='lat' dir='ltr'><strong>pteua.</strong></span> <span class='ocrx_word' id='word_1_262' title='bbox 541 3655 990 3739; x_wconf 76' lang='lat' dir='ltr'><strong>Quamobrem</strong></span> <span class='ocrx_word' id='word_1_263' title='bbox 1033 3678 1268 3726; x_wconf 87' lang='lat' dir='ltr'><strong>verum</strong></span> <span class='ocrx_word' id='word_1_264' title='bbox 1310 3670 1377 3725; x_wconf 89' lang='lat' dir='ltr'><strong>et</strong></span> <span class='ocrx_word' id='word_1_265' title='bbox 1409 3659 1589 3727; x_wconf 87' lang='lat' dir='ltr'><strong>istud</strong></span> <span class='ocrx_word' id='word_1_266' title='bbox 1625 3670 1742 3741; x_wconf 90' lang='lat' dir='ltr'><strong>est,</strong></span> <span class='ocrx_word' id='word_1_267' title='bbox 1788 3663 2004 3729; x_wconf 90' lang='lat' dir='ltr'><strong>Deum</strong></span> <span class='ocrx_word' id='word_1_268' title='bbox 2041 3683 2191 3745; x_wconf 88' lang='lat' dir='ltr'><strong>pro·</strong></span> 
     </span>
     <span class='ocr_line' id='line_1_39' title="bbox 263 3740 2189 3844; baseline 0.001 -32"><span class='ocrx_word' id='word_1_269' title='bbox 263 3740 585 3844; x_wconf 72' lang='lat' dir='ltr'><strong>phetarum</strong></span> <span class='ocrx_word' id='word_1_270' title='bbox 632 3753 887 3828; x_wconf 85' lang='lat' dir='ltr'><strong>patrem</strong></span> <span class='ocrx_word' id='word_1_271' title='bbox 930 3743 1160 3812; x_wconf 75' lang='lat' dir='ltr'><strong>fuisse:</strong></span> <span class='ocrx_word' id='word_1_272' title='bbox 1226 3744 1751 3835; x_wconf 81' lang='lat' dir='ltr'><strong>quandoquidem</strong></span> <span class='ocrx_word' id='word_1_273' title='bbox 1793 3769 1882 3815; x_wconf 87' lang='lat' dir='ltr'><strong>ex</strong></span> <span class='ocrx_word' id='word_1_274' title='bbox 1922 3746 2189 3832; x_wconf 84' lang='lat' dir='ltr'><strong>speciali</strong></span> 
     </span>
     <span class='ocr_line' id='line_1_40' title="bbox 261 3829 2188 3917; baseline 0.004 -25"><span class='ocrx_word' id='word_1_275' title='bbox 261 3843 583 3898; x_wconf 72' lang='lat' dir='ltr'><strong>vocatione</strong></span> <span class='ocrx_word' id='word_1_276' title='bbox 634 3832 661 3896; x_wconf 86' lang='lat' dir='ltr'><strong>i</strong></span> <span class='ocrx_word' id='word_1_277' title='bbox 784 3850 931 3896; x_wconf 90' lang='lat' dir='ltr'><strong>rum</strong></span> <span class='ocrx_word' id='word_1_278' title='bbox 990 3829 1120 3895; x_wconf 90' lang='lat' dir='ltr'><strong>Dei</strong></span> <span class='ocrx_word' id='word_1_279' title='bbox 1172 3850 1335 3898; x_wconf 88' lang='lat' dir='ltr'><strong>cura</strong></span> <span class='ocrx_word' id='word_1_280' title='bbox 1389 3831 1733 3915; x_wconf 85' lang='lat' dir='ltr'><strong>peculiaris</strong></span> <span class='ocrx_word' id='word_1_281' title='bbox 1790 3844 1892 3900; x_wconf 87' lang='lat' dir='ltr'><strong>est</strong></span> <span class='ocrx_word' id='word_1_282' title='bbox 1947 3853 2188 3917; x_wconf 90' lang='lat' dir='ltr'><strong>agnos·</strong></span> 
     </span>
     <span class='ocr_line' id='line_1_41' title="bbox 263 3913 2187 3987; baseline 0.003 -7"><span class='ocrx_word' id='word_1_283' title='bbox 263 3913 467 3984; x_wconf 81' lang='lat' dir='ltr'><strong>conda.</strong></span> <span class='ocrx_word' id='word_1_284' title='bbox 780 3915 935 3984; x_wconf 89' lang='lat' dir='ltr'><strong>huic</strong></span> <span class='ocrx_word' id='word_1_285' title='bbox 1020 3915 1163 3981; x_wconf 90' lang='lat' dir='ltr'><strong>loco</strong></span> <span class='ocrx_word' id='word_1_286' title='bbox 1241 3916 1370 3983; x_wconf 84' lang='lat' dir='ltr'><strong>ista</strong></span> <span class='ocrx_word' id='word_1_287' title='bbox 1431 3917 1704 3986; x_wconf 89' lang='lat' dir='ltr'><strong>minime</strong></span> <span class='ocrx_word' id='word_1_288' title='bbox 1769 3920 2187 3987; x_wconf 86' lang='lat' dir='ltr'><strong>conveniunt.</strong></span> 
     </span>
     <span class='ocr_line' id='line_1_42' title="bbox 262 3996 2187 4086; baseline 0.003 -22"><span class='ocrx_word' id='word_1_289' title='bbox 262 3996 396 4065; x_wconf 82' lang='lat' dir='ltr'><strong>Non</strong></span> <span class='ocrx_word' id='word_1_290' title='bbox 457 4002 681 4085; x_wconf 88' lang='lat' dir='ltr'><strong>itaque</strong></span> <span class='ocrx_word' id='word_1_291' title='bbox 745 4009 932 4086; x_wconf 87' lang='lat' dir='ltr'><strong>pater</strong></span> <span class='ocrx_word' id='word_1_292' title='bbox 995 3999 1220 4070; x_wconf 83' lang='lat' dir='ltr'><strong>Saulis</strong></span> <span class='ocrx_word' id='word_1_293' title='bbox 1278 4003 1462 4070; x_wconf 88' lang='lat' dir='ltr'><strong>Deus</strong></span> <span class='ocrx_word' id='word_1_294' title='bbox 1527 4003 1637 4071; x_wconf 91' lang='lat' dir='ltr'><strong>hic</strong></span> <span class='ocrx_word' id='word_1_295' title='bbox 1700 4002 1960 4072; x_wconf 87' lang='lat' dir='ltr'><strong>dicitur.</strong></span> <span class='ocrx_word' id='word_1_296' title='bbox 2050 4003 2187 4071; x_wconf 83' lang='lat' dir='ltr'><strong>Sed</strong></span> 
     </span>
     <span class='ocr_line' id='line_1_43' title="bbox 261 4085 2190 4191; baseline 0.003 -42"><span class='ocrx_word' id='word_1_297' title='bbox 261 4085 374 4151; x_wconf 88' lang='lat' dir='ltr'><strong>alio</strong></span> <span class='ocrx_word' id='word_1_298' title='bbox 426 4106 623 4154; x_wconf 86' lang='lat' dir='ltr'><strong>sensu</strong></span> <span class='ocrx_word' id='word_1_299' title='bbox 682 4089 1059 4188; x_wconf 45' lang='lat' dir='ltr'><strong>quaeritur„</strong></span> <span class='ocrx_word' id='word_1_300' title='bbox 1098 4086 1249 4171; x_wconf 91' lang='lat' dir='ltr'><strong>quis</strong></span> <span class='ocrx_word' id='word_1_301' title='bbox 1293 4097 1482 4172; x_wconf 85' lang='lat' dir='ltr'><strong>pater</strong></span> <span class='ocrx_word' id='word_1_302' title='bbox 1526 4088 1736 4157; x_wconf 83' lang='lat' dir='ltr'><strong>Saul?</strong></span> <span class='ocrx_word' id='word_1_303' title='bbox 1815 4090 2069 4175; x_wconf 88' lang='lat' dir='ltr'><strong>Nempe</strong></span> <span class='ocrx_word' id='word_1_304' title='bbox 2114 4097 2190 4191; x_wconf 75' lang='lat' dir='ltr'><strong>ut</strong></span> 
     </span>
     <span class='ocr_line' id='line_1_44' title="bbox 260 4171 2191 4358; baseline 0.004 -36"><span class='ocrx_word' id='word_1_305' title='bbox 260 4183 703 4358; x_wconf 52' lang='grc' dir='ltr'><strong>ΐὲεζέῗωῗέ</strong></span> <span class='ocrx_word' id='word_1_306' title='bbox 735 4171 1487 4342; x_wconf 54' lang='grc' dir='ltr'><strong>ἕὲῗξὲἓᾛιὲἓὲἓῒω</strong></span> <span class='ocrx_word' id='word_1_307' title='bbox 1506 4196 1881 4328; x_wconf 53' lang='lat' dir='ltr'><strong>{amn</strong></span> <span class='ocrx_word' id='word_1_308' title='bbox 1894 4175 2191 4330; x_wconf 50' lang='lat'><strong>*33⁰3</strong></span> 
     </span>
     <span class='ocr_line' id='line_1_45' title="bbox 262 4341 2187 4429; baseline 0.005 -24"><span class='ocrx_word' id='word_1_309' title='bbox 262 4341 473 4410; x_wconf 75' lang='lat' dir='ltr'><strong>ordine</strong></span> <span class='ocrx_word' id='word_1_310' title='bbox 516 4353 825 4411; x_wconf 88' lang='lat' dir='ltr'><strong>naturae:</strong></span> <span class='ocrx_word' id='word_1_311' title='bbox 869 4352 936 4409; x_wconf 92' lang='lat' dir='ltr'><strong>et</strong></span> <span class='ocrx_word' id='word_1_312' title='bbox 976 4364 1113 4410; x_wconf 89' lang='lat' dir='ltr'><strong>non</strong></span> <span class='ocrx_word' id='word_1_313' title='bbox 1152 4354 1451 4429; x_wconf 87' lang='lat' dir='ltr'><strong>oportere</strong></span> <span class='ocrx_word' id='word_1_314' title='bbox 1484 4347 1556 4414; x_wconf 90' lang='lat' dir='ltr'><strong>iu</strong></span> <span class='ocrx_word' id='word_1_315' title='bbox 1595 4347 1718 4414; x_wconf 86' lang='lat' dir='ltr'><strong>hac</strong></span> <span class='ocrx_word' id='word_1_316' title='bbox 1753 4346 2187 4416; x_wconf 83' lang='lat' dir='ltr'><strong>admiratione</strong></span> 
     </span>
     <span class='ocr_line' id='line_1_46' title="bbox 262 4427 2188 4519; baseline 0.005 -29"><span class='ocrx_word' id='word_1_317' title='bbox 262 4427 618 4510; x_wconf 81' lang='lat' dir='ltr'><strong>subsistere,</strong></span> <span class='ocrx_word' id='word_1_318' title='bbox 705 4438 1093 4514; x_wconf 89' lang='lat' dir='ltr'><strong>quaerentes</strong></span> <span class='ocrx_word' id='word_1_319' title='bbox 1176 4430 1496 4515; x_wconf 91' lang='lat' dir='ltr'><strong>quomodo</strong></span> <span class='ocrx_word' id='word_1_320' title='bbox 1576 4434 1741 4500; x_wconf 84' lang='lat' dir='ltr'><strong>Saul</strong></span> <span class='ocrx_word' id='word_1_321' title='bbox 1817 4435 2188 4519; x_wconf 89' lang='lat' dir='ltr'><strong>prophetet,</strong></span> 
     </span>
     <span class='ocr_line' id='line_1_47' title="bbox 263 4514 2186 4611; baseline 0.004 -34"><span class='ocrx_word' id='word_1_322' title='bbox 263 4514 419 4611; x_wconf 79' lang='lat' dir='ltr'><strong>quod</strong></span> <span class='ocrx_word' id='word_1_323' title='bbox 468 4526 641 4582; x_wconf 88' lang='lat' dir='ltr'><strong>esset</strong></span> <span class='ocrx_word' id='word_1_324' title='bbox 697 4516 923 4583; x_wconf 87' lang='lat' dir='ltr'><strong>rustici</strong></span> <span class='ocrx_word' id='word_1_325' title='bbox 981 4516 1272 4583; x_wconf 90' lang='lat' dir='ltr'><strong>hominis</strong></span> <span class='ocrx_word' id='word_1_326' title='bbox 1327 4517 1525 4585; x_wconf 90' lang='lat' dir='ltr'><strong>filius.</strong></span> <span class='ocrx_word' id='word_1_327' title='bbox 1616 4520 1716 4585; x_wconf 86' lang='lat' dir='ltr'><strong>Ac</strong></span> <span class='ocrx_word' id='word_1_328' title='bbox 1769 4540 1927 4587; x_wconf 89' lang='lat' dir='ltr'><strong>sane</strong></span> <span class='ocrx_word' id='word_1_329' title='bbox 1983 4540 2186 4604; x_wconf 89' lang='lat' dir='ltr'><strong>prave</strong></span> 
     </span>
     <span class='ocr_line' id='line_1_48' title="bbox 264 4597 2185 4699; baseline 0.006 -38"><span class='ocrx_word' id='word_1_330' title='bbox 264 4597 349 4699; x_wconf 77' lang='lat' dir='ltr'><strong>illi</strong></span> <span class='ocrx_word' id='word_1_331' title='bbox 386 4600 695 4683; x_wconf 85' lang='lat' dir='ltr'><strong>iudicant,</strong></span> <span class='ocrx_word' id='word_1_332' title='bbox 736 4603 850 4685; x_wconf 92' lang='lat' dir='ltr'><strong>qui</strong></span> <span class='ocrx_word' id='word_1_333' title='bbox 893 4623 976 4667; x_wconf 92' lang='lat' dir='ltr'><strong>ex</strong></span> <span class='ocrx_word' id='word_1_334' title='bbox 1020 4601 1296 4669; x_wconf 89' lang='lat' dir='ltr'><strong>alicuius</strong></span> <span class='ocrx_word' id='word_1_335' title='bbox 1339 4603 1590 4672; x_wconf 84' lang='lat' dir='ltr'><strong>familia</strong></span> <span class='ocrx_word' id='word_1_336' title='bbox 1631 4612 1701 4670; x_wconf 91' lang='lat' dir='ltr'><strong>et</strong></span> <span class='ocrx_word' id='word_1_337' title='bbox 1740 4625 1981 4689; x_wconf 88' lang='lat' dir='ltr'><strong>genere</strong></span> <span class='ocrx_word' id='word_1_338' title='bbox 2019 4604 2185 4671; x_wconf 91' lang='lat' dir='ltr'><strong>iudi-</strong></span> 
     </span>
     <span class='ocr_line' id='line_1_49' title="bbox 263 4686 2187 4785; baseline 0.005 -38"><span class='ocrx_word' id='word_1_339' title='bbox 263 4703 422 4785; x_wconf 78' lang='lat' dir='ltr'><strong>cmm</strong></span> <span class='ocrx_word' id='word_1_340' title='bbox 477 4687 558 4754; x_wconf 90' lang='lat' dir='ltr'><strong>de</strong></span> <span class='ocrx_word' id='word_1_341' title='bbox 613 4687 830 4770; x_wconf 91' lang='lat' dir='ltr'><strong>aliquo</strong></span> <span class='ocrx_word' id='word_1_342' title='bbox 888 4686 1126 4754; x_wconf 87' lang='lat' dir='ltr'><strong>ferunt.</strong></span> <span class='ocrx_word' id='word_1_343' title='bbox 1214 4688 1447 4773; x_wconf 86' lang='lat' dir='ltr'><strong>Neque</strong></span> <span class='ocrx_word' id='word_1_344' title='bbox 1498 4690 1676 4756; x_wconf 90' lang='lat' dir='ltr'><strong>enim</strong></span> <span class='ocrx_word' id='word_1_345' title='bbox 1720 4690 2083 4777; x_wconf 86' lang='lat' dir='ltr'><strong>singularia</strong></span> <span class='ocrx_word' id='word_1_346' title='bbox 2119 4697 2187 4756; x_wconf 91' lang='lat' dir='ltr'><strong>et</strong></span> 
     </span>
     <span class='ocr_line' id='line_1_50' title="bbox 264 4771 2186 4861; baseline 0.002 -23"><span class='ocrx_word' id='word_1_347' title='bbox 264 4772 668 4852; x_wconf 74' lang='lat' dir='ltr'><strong>particularia</strong></span> <span class='ocrx_word' id='word_1_348' title='bbox 722 4772 852 4838; x_wconf 91' lang='lat' dir='ltr'><strong>Dei</strong></span> <span class='ocrx_word' id='word_1_349' title='bbox 898 4771 1070 4838; x_wconf 90' lang='lat' dir='ltr'><strong>dona</strong></span> <span class='ocrx_word' id='word_1_350' title='bbox 1111 4781 1269 4840; x_wconf 89' lang='lat' dir='ltr'><strong>sunt</strong></span> <span class='ocrx_word' id='word_1_351' title='bbox 1309 4774 1390 4842; x_wconf 86' lang='lat' dir='ltr'><strong>ad</strong></span> <span class='ocrx_word' id='word_1_352' title='bbox 1437 4776 1712 4843; x_wconf 90' lang='lat' dir='ltr'><strong>alicuius</strong></span> <span class='ocrx_word' id='word_1_353' title='bbox 1757 4776 2026 4861; x_wconf 87' lang='lat' dir='ltr'><strong>stirpem</strong></span> <span class='ocrx_word' id='word_1_354' title='bbox 2072 4785 2186 4843; x_wconf 91' lang='lat' dir='ltr'><strong>aut</strong></span> 
     </span>
     <span class='ocr_line' id='line_1_51' title="bbox 267 4856 2185 4957; baseline 0.003 -34"><span class='ocrx_word' id='word_1_355' title='bbox 267 4856 565 4957; x_wconf 62' lang='lat' dir='ltr'><strong>originem</strong></span> <span class='ocrx_word' id='word_1_356' title='bbox 628 4858 1101 4928; x_wconf 87' lang='lat' dir='ltr'><strong>examinanda:</strong></span> <span class='ocrx_word' id='word_1_357' title='bbox 1162 4859 1279 4927; x_wconf 85' lang='lat' dir='ltr'><strong>sed</strong></span> <span class='ocrx_word' id='word_1_358' title='bbox 1342 4881 1430 4926; x_wconf 87' lang='lat' dir='ltr'><strong>ex</strong></span> <span class='ocrx_word' id='word_1_359' title='bbox 1495 4863 1636 4929; x_wconf 88' lang='lat' dir='ltr'><strong>eius</strong></span> <span class='ocrx_word' id='word_1_360' title='bbox 1692 4862 1805 4945; x_wconf 91' lang='lat' dir='ltr'><strong>qui</strong></span> <span class='ocrx_word' id='word_1_361' title='bbox 1848 4862 2185 4929; x_wconf 85' lang='lat' dir='ltr'><strong>distribuit</strong></span> 
     </span>
     <span class='ocr_line' id='line_1_52' title="bbox 270 4937 2183 5029; baseline 0.003 -20"><span class='ocrx_word' id='word_1_362' title='bbox 270 4937 568 5025; x_wconf 69' lang='lat' dir='ltr'><strong>dxgmtate</strong></span> <span class='ocrx_word' id='word_1_363' title='bbox 651 4944 1007 5029; x_wconf 86' lang='lat' dir='ltr'><strong>pensanda.</strong></span> <span class='ocrx_word' id='word_1_364' title='bbox 1099 4943 1212 5014; x_wconf 87' lang='lat' dir='ltr'><strong>Sic</strong></span> <span class='ocrx_word' id='word_1_365' title='bbox 1275 4946 1554 5016; x_wconf 89' lang='lat' dir='ltr'><strong>Iudaeos</strong></span> <span class='ocrx_word' id='word_1_366' title='bbox 1621 4948 1918 5014; x_wconf 86' lang='lat' dir='ltr'><strong>videmus</strong></span> <span class='ocrx_word' id='word_1_367' title='bbox 1982 4948 2183 5015; x_wconf 88' lang='lat' dir='ltr'><strong>vehe-</strong></span> 
     </span>
     <span class='ocr_line' id='line_1_53' title="bbox 269 5029 2182 5120; baseline 0.006 -30"><span class='ocrx_word' id='word_1_368' title='bbox 269 5035 505 5096; x_wconf 73' lang='lat' dir='ltr'><strong>menter</strong></span> <span class='ocrx_word' id='word_1_369' title='bbox 581 5029 1019 5098; x_wconf 83' lang='lat' dir='ltr'><strong>hallucinatos</strong></span> <span class='ocrx_word' id='word_1_370' title='bbox 1097 5040 1167 5098; x_wconf 90' lang='lat' dir='ltr'><strong>et</strong></span> <span class='ocrx_word' id='word_1_371' title='bbox 1230 5034 1533 5117; x_wconf 89' lang='lat' dir='ltr'><strong>deceptos</strong></span> <span class='ocrx_word' id='word_1_372' title='bbox 1600 5036 1895 5118; x_wconf 85' lang='lat' dir='ltr'><strong>turpiter,</strong></span> <span class='ocrx_word' id='word_1_373' title='bbox 1982 5056 2182 5120; x_wconf 88' lang='lat' dir='ltr'><strong>quum</strong></span> 
     </span>
     <span class='ocr_line' id='line_1_54' title="bbox 269 5107 2227 5203; baseline 0.006 -27"><span class='ocrx_word' id='word_1_374' title='bbox 269 5107 519 5180; x_wconf 76' lang='lat' dir='ltr'><strong>Domim</strong></span> <span class='ocrx_word' id='word_1_375' title='bbox 578 5117 783 5184; x_wconf 87' lang='lat' dir='ltr'><strong>nostri</strong></span> <span class='ocrx_word' id='word_1_376' title='bbox 836 5116 993 5185; x_wconf 91' lang='lat' dir='ltr'><strong>Iesu</strong></span> <span class='ocrx_word' id='word_1_377' title='bbox 1054 5116 1309 5190; x_wconf 79' lang='lat' dir='ltr'><strong>Christi</strong></span> <span class='ocrx_word' id='word_1_378' title='bbox 1367 5120 1648 5203; x_wconf 86' lang='lat' dir='ltr'><strong>speciem</strong></span> <span class='ocrx_word' id='word_1_379' title='bbox 1708 5128 1776 5186; x_wconf 91' lang='lat' dir='ltr'><strong>et</strong></span> <span class='ocrx_word' id='word_1_380' title='bbox 1817 5127 2036 5188; x_wconf 91' lang='lat' dir='ltr'><strong>ortum</strong></span> <span class='ocrx_word' id='word_1_381' title='bbox 2079 5123 2227 5188; x_wconf 81' lang='lat' dir='ltr'><strong>in·-</strong></span> 
     </span>
     <span class='ocr_line' id='line_1_55' title="bbox 270 5201 2183 5288; baseline 0.007 -27"><span class='ocrx_word' id='word_1_382' title='bbox 270 5201 607 5282; x_wconf 86' lang='lat' dir='ltr'><strong>tuerentur,</strong></span> <span class='ocrx_word' id='word_1_383' title='bbox 661 5213 728 5269; x_wconf 88' lang='lat' dir='ltr'><strong>et</strong></span> <span class='ocrx_word' id='word_1_384' title='bbox 771 5203 946 5272; x_wconf 87' lang='lat' dir='ltr'><strong>ultro</strong></span> <span class='ocrx_word' id='word_1_385' title='bbox 991 5204 1115 5271; x_wconf 90' lang='lat' dir='ltr'><strong>sibi</strong></span> <span class='ocrx_word' id='word_1_386' title='bbox 1160 5203 1556 5274; x_wconf 81' lang='lat' dir='ltr'><strong>offendicula</strong></span> <span class='ocrx_word' id='word_1_387' title='bbox 1597 5206 2038 5288; x_wconf 88' lang='lat' dir='ltr'><strong>accersivisse‚</strong></span> <span class='ocrx_word' id='word_1_388' title='bbox 2085 5206 2183 5274; x_wconf 90' lang='lat' dir='ltr'><strong>di-</strong></span> 
     </span>
    </p>
   </div>
   <div class='ocr_carea' id='block_1_6' title="bbox 1631 293 2886 364">
    <p class='ocr_par' dir='ltr' id='par_1_6' title="bbox 1631 293 2886 364">
     <span class='ocr_line' id='line_1_56' title="bbox 1631 293 2886 364; baseline 0.002 -5"><span class='ocrx_word' id='word_1_389' title='bbox 1631 293 1731 360; x_wconf 80' lang='lat' dir='ltr'><strong>IN</strong></span> <span class='ocrx_word' id='word_1_390' title='bbox 1777 294 1831 361; x_wconf 88' lang='grc' dir='ltr'><strong>Ι.</strong></span> <span class='ocrx_word' id='word_1_391' title='bbox 1876 293 2057 361; x_wconf 85' lang='lat' dir='ltr'><strong>LIB.</strong></span> <span class='ocrx_word' id='word_1_392' title='bbox 2104 294 2505 364; x_wconf 78' lang='lat' dir='ltr'><strong>SAMUEI..</strong></span> <span class='ocrx_word' id='word_1_393' title='bbox 2553 296 2752 363; x_wconf 83' lang='lat' dir='ltr'><strong>OAP.</strong></span> <span class='ocrx_word' id='word_1_394' title='bbox 2797 295 2886 362; x_wconf 88' lang='lat' dir='ltr'><strong>X.</strong></span> 
     </span>
    </p>
   </div>
   <div class='ocr_carea' id='block_1_7' title="bbox 4128 290 4259 358">
    <p class='ocr_par' dir='ltr' id='par_1_7' title="bbox 4128 290 4259 358">
     <span class='ocr_line' id='line_1_57' title="bbox 4128 290 4259 358; baseline 0.015 -2"><span class='ocrx_word' id='word_1_395' title='bbox 4128 290 4259 358; x_wconf 88' lang='grc'><strong>618</strong></span> 
     </span>
    </p>
   </div>
   <div class='ocr_carea' id='block_1_8' title="bbox 2283 481 4258 5293">
    <p class='ocr_par' dir='ltr' id='par_1_8' title="bbox 2285 481 4258 4690">
     <span class='ocr_line' id='line_1_58' title="bbox 3311 481 4257 552; baseline -0.001 -2"><span class='ocrx_word' id='word_1_396' title='bbox 3311 486 3370 550; x_wconf 84' lang='grc' dir='ltr'><strong><em>ἀ</em></strong></span> <span class='ocrx_word' id='word_1_397' title='bbox 3409 484 3539 552; x_wconf 77' lang='lat' dir='ltr'><strong>ista</strong></span> <span class='ocrx_word' id='word_1_398' title='bbox 3580 488 3635 549; x_wconf 74' lang='lat' dir='ltr'><strong>et</strong></span> <span class='ocrx_word' id='word_1_399' title='bbox 3674 482 3982 550; x_wconf 54' lang='lat' dir='ltr'><strong>virtues?</strong></span> <span class='ocrx_word' id='word_1_400' title='bbox 4032 481 4257 549; x_wconf 78' lang='lat' dir='ltr'><strong>Nonne</strong></span> 
     </span>
     <span class='ocr_line' id='line_1_59' title="bbox 2306 569 4258 655; baseline -0.002 -17"><span class='ocrx_word' id='word_1_401' title='bbox 2306 573 2424 638; x_wconf 73' lang='lat' dir='ltr'><strong>iste</strong></span> <span class='ocrx_word' id='word_1_402' title='bbox 2486 577 2579 640; x_wconf 73' lang='lat' dir='ltr'><strong>est</strong></span> <span class='ocrx_word' id='word_1_403' title='bbox 2640 572 2750 639; x_wconf 75' lang='lat' dir='ltr'><strong>ille</strong></span> <span class='ocrx_word' id='word_1_404' title='bbox 2809 570 2986 655; x_wconf 73' lang='lat' dir='ltr'><strong>fabri</strong></span> <span class='ocrx_word' id='word_1_405' title='bbox 3045 570 3274 653; x_wconf 74' lang='lat' dir='ltr'><strong>filius?</strong></span> <span class='ocrx_word' id='word_1_406' title='bbox 3340 590 3538 637; x_wconf 74' lang='lat' dir='ltr'><strong>nonne</strong></span> <span class='ocrx_word' id='word_1_407' title='bbox 3600 573 3799 635; x_wconf 76' lang='lat' dir='ltr'><strong>mater</strong></span> <span class='ocrx_word' id='word_1_408' title='bbox 3840 569 3979 634; x_wconf 77' lang='lat' dir='ltr'><strong>eius</strong></span> <span class='ocrx_word' id='word_1_409' title='bbox 4020 569 4258 635; x_wconf 78' lang='lat' dir='ltr'><strong>dicitur</strong></span> 
     </span>
     <span class='ocr_line' id='line_1_60' title="bbox 2309 652 4255 741; baseline -0.002 -17"><span class='ocrx_word' id='word_1_410' title='bbox 2309 657 2552 738; x_wconf 75' lang='lat' dir='ltr'><strong>Maria,</strong></span> <span class='ocrx_word' id='word_1_411' title='bbox 2611 662 2666 724; x_wconf 83' lang='lat' dir='ltr'><strong>et</strong></span> <span class='ocrx_word' id='word_1_412' title='bbox 2699 658 2902 741; x_wconf 75' lang='lat' dir='ltr'><strong>frater</strong></span> <span class='ocrx_word' id='word_1_413' title='bbox 2943 658 3080 724; x_wconf 76' lang='lat' dir='ltr'><strong>eius</strong></span> <span class='ocrx_word' id='word_1_414' title='bbox 3123 655 3392 725; x_wconf 78' lang='lat' dir='ltr'><strong>Iacobus</strong></span> <span class='ocrx_word' id='word_1_415' title='bbox 3426 661 3483 722; x_wconf 77' lang='lat' dir='ltr'><strong>et</strong></span> <span class='ocrx_word' id='word_1_416' title='bbox 3527 654 3753 722; x_wconf 72' lang='lat' dir='ltr'><strong>lose-3?</strong></span> <span class='ocrx_word' id='word_1_417' title='bbox 3812 665 3932 720; x_wconf 88' lang='lat' dir='ltr'><strong>etc.</strong></span> <span class='ocrx_word' id='word_1_418' title='bbox 4020 652 4255 720; x_wconf 89' lang='lat' dir='ltr'><strong>Iudae-</strong></span> 
     </span>
     <span class='ocr_line' id='line_1_61' title="bbox 2307 739 4255 822; baseline -0.003 -12"><span class='ocrx_word' id='word_1_419' title='bbox 2307 765 2492 810; x_wconf 88' lang='lat' dir='ltr'><strong>orum</strong></span> <span class='ocrx_word' id='word_1_420' title='bbox 2538 744 2962 811; x_wconf 88' lang='lat' dir='ltr'><strong>temerarium</strong></span> <span class='ocrx_word' id='word_1_421' title='bbox 3008 741 3321 809; x_wconf 87' lang='lat' dir='ltr'><strong>iudicium</strong></span> <span class='ocrx_word' id='word_1_422' title='bbox 3367 742 3709 822; x_wconf 89' lang='lat' dir='ltr'><strong>attendite,</strong></span> <span class='ocrx_word' id='word_1_423' title='bbox 3798 760 3920 808; x_wconf 91' lang='lat' dir='ltr'><strong>uos</strong></span> <span class='ocrx_word' id='word_1_424' title='bbox 3964 759 4124 805; x_wconf 87' lang='lat' dir='ltr'><strong>sane</strong></span> <span class='ocrx_word' id='word_1_425' title='bbox 4168 739 4255 805; x_wconf 91' lang='lat' dir='ltr'><strong>ab</strong></span> 
     </span>
     <span class='ocr_line' id='line_1_62' title="bbox 2307 825 4249 910; baseline -0.004 -14"><span class='ocrx_word' id='word_1_426' title='bbox 2307 829 2609 896; x_wconf 90' lang='lat' dir='ltr'><strong>omnibus</strong></span> <span class='ocrx_word' id='word_1_427' title='bbox 2652 829 2886 896; x_wconf 89' lang='lat' dir='ltr'><strong>merito</strong></span> <span class='ocrx_word' id='word_1_428' title='bbox 2930 828 3226 895; x_wconf 91' lang='lat' dir='ltr'><strong>damnari</strong></span> <span class='ocrx_word' id='word_1_429' title='bbox 3259 827 3581 907; x_wconf 90' lang='lat' dir='ltr'><strong>videmus,</strong></span> <span class='ocrx_word' id='word_1_430' title='bbox 3626 847 3754 910; x_wconf 90' lang='lat' dir='ltr'><strong>quo</strong></span> <span class='ocrx_word' id='word_1_431' title='bbox 3836 825 3918 891; x_wconf 87' lang='lat' dir='ltr'><strong>ad</strong></span> <span class='ocrx_word' id='word_1_432' title='bbox 3956 837 4249 908; x_wconf 88' lang='lat' dir='ltr'><strong>apertam</strong></span> 
     </span>
     <span class='ocr_line' id='line_1_63' title="bbox 2308 912 4252 1002; baseline -0.004 -17"><span class='ocrx_word' id='word_1_433' title='bbox 2308 919 2436 985; x_wconf 91' lang='lat' dir='ltr'><strong>Dei</strong></span> <span class='ocrx_word' id='word_1_434' title='bbox 2480 917 2763 1002; x_wconf 85' lang='lat' dir='ltr'><strong>gratiam</strong></span> <span class='ocrx_word' id='word_1_435' title='bbox 2807 916 3226 994; x_wconf 84' lang='lat' dir='ltr'><strong>caecutirent,</strong></span> <span class='ocrx_word' id='word_1_436' title='bbox 3284 924 3351 979; x_wconf 89' lang='lat' dir='ltr'><strong>et</strong></span> <span class='ocrx_word' id='word_1_437' title='bbox 3391 914 3519 1000; x_wconf 88' lang='lat' dir='ltr'><strong>ipsi</strong></span> <span class='ocrx_word' id='word_1_438' title='bbox 3562 912 3683 982; x_wconf 89' lang='lat' dir='ltr'><strong>sibi</strong></span> <span class='ocrx_word' id='word_1_439' title='bbox 3729 912 3903 978; x_wconf 89' lang='lat' dir='ltr'><strong>ultro</strong></span> <span class='ocrx_word' id='word_1_440' title='bbox 3949 912 4252 977; x_wconf 88' lang='lat' dir='ltr'><strong>tenebras</strong></span> 
     </span>
     <span class='ocr_line' id='line_1_64' title="bbox 2305 996 4247 1081; baseline -0.004 -11"><span class='ocrx_word' id='word_1_441' title='bbox 2305 1003 2711 1081; x_wconf 84' lang='lat' dir='ltr'><strong>inducerent,</strong></span> <span class='ocrx_word' id='word_1_442' title='bbox 2760 1021 2842 1068; x_wconf 89' lang='lat' dir='ltr'><strong>ue</strong></span> <span class='ocrx_word' id='word_1_443' title='bbox 2888 999 3342 1067; x_wconf 86' lang='lat' dir='ltr'><strong>miraculosam</strong></span> <span class='ocrx_word' id='word_1_444' title='bbox 3385 999 3567 1066; x_wconf 91' lang='lat' dir='ltr'><strong>illam</strong></span> <span class='ocrx_word' id='word_1_445' title='bbox 3611 999 3680 1065; x_wconf 92' lang='lat' dir='ltr'><strong>in</strong></span> <span class='ocrx_word' id='word_1_446' title='bbox 3727 996 3992 1064; x_wconf 87' lang='lat' dir='ltr'><strong>Christo</strong></span> <span class='ocrx_word' id='word_1_447' title='bbox 4029 997 4247 1080; x_wconf 87' lang='lat' dir='ltr'><strong>splen·</strong></span> 
     </span>
     <span class='ocr_line' id='line_1_65' title="bbox 2308 1085 4251 1172; baseline -0.006 -15"><span class='ocrx_word' id='word_1_448' title='bbox 2308 1090 2566 1157; x_wconf 89' lang='lat' dir='ltr'><strong>dentem</strong></span> <span class='ocrx_word' id='word_1_449' title='bbox 2623 1088 2900 1172; x_wconf 84' lang='lat' dir='ltr'><strong>gratiam</strong></span> <span class='ocrx_word' id='word_1_450' title='bbox 2961 1087 3374 1152; x_wconf 86' lang='lat' dir='ltr'><strong>intuerentur</strong></span> <span class='ocrx_word' id='word_1_451' title='bbox 3430 1094 3498 1150; x_wconf 93' lang='lat' dir='ltr'><strong>et</strong></span> <span class='ocrx_word' id='word_1_452' title='bbox 3540 1091 3999 1169; x_wconf 88' lang='lat' dir='ltr'><strong>agnoscerent:</strong></span> <span class='ocrx_word' id='word_1_453' title='bbox 4060 1085 4251 1149; x_wconf 90' lang='lat' dir='ltr'><strong>cuius</strong></span> 
     </span>
     <span class='ocr_line' id='line_1_66' title="bbox 2309 1166 4246 1259; baseline -0.005 -17"><span class='ocrx_word' id='word_1_454' title='bbox 2309 1187 2525 1242; x_wconf 80' lang='lat' dir='ltr'><strong>tamen</strong></span> <span class='ocrx_word' id='word_1_455' title='bbox 2591 1173 2846 1259; x_wconf 78' lang='lat' dir='ltr'><strong>fulgore</strong></span> <span class='ocrx_word' id='word_1_456' title='bbox 2899 1172 3231 1255; x_wconf 89' lang='lat' dir='ltr'><strong>perculsos</strong></span> <span class='ocrx_word' id='word_1_457' title='bbox 3286 1192 3515 1237; x_wconf 87' lang='lat' dir='ltr'><strong>omnes</strong></span> <span class='ocrx_word' id='word_1_458' title='bbox 3570 1170 3652 1235; x_wconf 91' lang='lat' dir='ltr'><strong>ad</strong></span> <span class='ocrx_word' id='word_1_459' title='bbox 3712 1190 3785 1236; x_wconf 92' lang='lat' dir='ltr'><strong>se</strong></span> <span class='ocrx_word' id='word_1_460' title='bbox 3839 1166 4246 1234; x_wconf 88' lang='lat' dir='ltr'><strong>adorandum</strong></span> 
     </span>
     <span class='ocr_line' id='line_1_67' title="bbox 2306 1254 4247 1330; baseline -0.005 -1"><span class='ocrx_word' id='word_1_461' title='bbox 2306 1261 2650 1330; x_wconf 80' lang='lat' dir='ltr'><strong>alliciebat.</strong></span> <span class='ocrx_word' id='word_1_462' title='bbox 2742 1257 2873 1326; x_wconf 86' lang='lat' dir='ltr'><strong>Sed</strong></span> <span class='ocrx_word' id='word_1_463' title='bbox 2930 1257 3155 1324; x_wconf 87' lang='lat' dir='ltr'><strong>miseri</strong></span> <span class='ocrx_word' id='word_1_464' title='bbox 3197 1267 3423 1324; x_wconf 85' lang='lat' dir='ltr'><strong>contra</strong></span> <span class='ocrx_word' id='word_1_465' title='bbox 3464 1255 3799 1324; x_wconf 89' lang='lat' dir='ltr'><strong>resiliendi</strong></span> <span class='ocrx_word' id='word_1_466' title='bbox 3842 1254 4247 1322; x_wconf 89' lang='lat' dir='ltr'><strong>occasionem</strong></span> 
     </span>
     <span class='ocr_line' id='line_1_68' title="bbox 2306 1339 4245 1429; baseline -0.005 -15"><span class='ocrx_word' id='word_1_467' title='bbox 2306 1347 2463 1414; x_wconf 87' lang='lat' dir='ltr'><strong>inde</strong></span> <span class='ocrx_word' id='word_1_468' title='bbox 2527 1345 2874 1429; x_wconf 90' lang='lat' dir='ltr'><strong>arripiunt,</strong></span> <span class='ocrx_word' id='word_1_469' title='bbox 2940 1344 3240 1428; x_wconf 90' lang='lat' dir='ltr'><strong>ultroque</strong></span> <span class='ocrx_word' id='word_1_470' title='bbox 3284 1342 3408 1410; x_wconf 89' lang='lat' dir='ltr'><strong>sibi</strong></span> <span class='ocrx_word' id='word_1_471' title='bbox 3450 1339 3839 1408; x_wconf 86' lang='lat' dir='ltr'><strong>offendicula</strong></span> <span class='ocrx_word' id='word_1_472' title='bbox 3884 1352 4245 1420; x_wconf 88' lang='lat' dir='ltr'><strong>accersunt,</strong></span> 
     </span>
     <span class='ocr_line' id='line_1_69' title="bbox 2305 1426 4245 1517; baseline -0.004 -17"><span class='ocrx_word' id='word_1_473' title='bbox 2305 1432 2476 1517; x_wconf 90' lang='lat' dir='ltr'><strong>quod</strong></span> <span class='ocrx_word' id='word_1_474' title='bbox 2541 1430 2868 1500; x_wconf 85' lang='lat' dir='ltr'><strong>Dominus</strong></span> <span class='ocrx_word' id='word_1_475' title='bbox 2932 1441 3155 1496; x_wconf 87' lang='lat' dir='ltr'><strong>noster</strong></span> <span class='ocrx_word' id='word_1_476' title='bbox 3219 1428 3409 1496; x_wconf 90' lang='lat' dir='ltr'><strong>Iesus</strong></span> <span class='ocrx_word' id='word_1_477' title='bbox 3475 1426 3783 1495; x_wconf 85' lang='lat' dir='ltr'><strong>Christus</strong></span> <span class='ocrx_word' id='word_1_478' title='bbox 3848 1436 4021 1492; x_wconf 89' lang='lat' dir='ltr'><strong>esset</strong></span> <span class='ocrx_word' id='word_1_479' title='bbox 4077 1426 4245 1492; x_wconf 81' lang='lat' dir='ltr'><strong>fabri</strong></span> 
     </span>
     <span class='ocr_line' id='line_1_70' title="bbox 2303 1511 4242 1603; baseline -0.003 -19"><span class='ocrx_word' id='word_1_480' title='bbox 2303 1520 2503 1598; x_wconf 88' lang='lat' dir='ltr'><strong>filius,</strong></span> <span class='ocrx_word' id='word_1_481' title='bbox 2570 1515 2741 1603; x_wconf 91' lang='lat' dir='ltr'><strong>quod</strong></span> <span class='ocrx_word' id='word_1_482' title='bbox 2803 1536 2937 1582; x_wconf 93' lang='lat' dir='ltr'><strong>non</strong></span> <span class='ocrx_word' id='word_1_483' title='bbox 3002 1535 3256 1584; x_wconf 90' lang='lat' dir='ltr'><strong>summo</strong></span> <span class='ocrx_word' id='word_1_484' title='bbox 3307 1513 3448 1581; x_wconf 91' lang='lat' dir='ltr'><strong>loco</strong></span> <span class='ocrx_word' id='word_1_485' title='bbox 3506 1526 3717 1594; x_wconf 82' lang='lat' dir='ltr'><strong>natus,</strong></span> <span class='ocrx_word' id='word_1_486' title='bbox 3781 1511 3952 1598; x_wconf 90' lang='lat' dir='ltr'><strong>quod</strong></span> <span class='ocrx_word' id='word_1_487' title='bbox 3998 1529 4129 1577; x_wconf 90' lang='lat' dir='ltr'><strong>non</strong></span> <span class='ocrx_word' id='word_1_488' title='bbox 4173 1514 4242 1578; x_wconf 93' lang='lat' dir='ltr'><strong>in</strong></span> 
     </span>
     <span class='ocr_line' id='line_1_71' title="bbox 2301 1598 4246 1684; baseline -0.005 -12"><span class='ocrx_word' id='word_1_489' title='bbox 2301 1604 2544 1672; x_wconf 87' lang='lat' dir='ltr'><strong>scholis</strong></span> <span class='ocrx_word' id='word_1_490' title='bbox 2588 1602 2854 1670; x_wconf 87' lang='lat' dir='ltr'><strong>edoctus</strong></span> <span class='ocrx_word' id='word_1_491' title='bbox 2897 1602 3143 1682; x_wconf 83' lang='lat' dir='ltr'><strong>fuisset,</strong></span> <span class='ocrx_word' id='word_1_492' title='bbox 3186 1598 3359 1684; x_wconf 87' lang='lat' dir='ltr'><strong>quod</strong></span> <span class='ocrx_word' id='word_1_493' title='bbox 3395 1599 3672 1683; x_wconf 87' lang='lat' dir='ltr'><strong>denique</strong></span> <span class='ocrx_word' id='word_1_494' title='bbox 3706 1598 4014 1684; x_wconf 86' lang='lat' dir='ltr'><strong>ignobilis</strong></span> <span class='ocrx_word' id='word_1_495' title='bbox 4050 1608 4246 1678; x_wconf 90' lang='lat' dir='ltr'><strong>esset,</strong></span> 
     </span>
     <span class='ocr_line' id='line_1_72' title="bbox 2300 1683 4241 1772; baseline -0.007 -12"><span class='ocrx_word' id='word_1_496' title='bbox 2300 1711 2378 1760; x_wconf 83' lang='lat' dir='ltr'><strong>ac</strong></span> <span class='ocrx_word' id='word_1_497' title='bbox 2420 1689 2799 1758; x_wconf 87' lang='lat' dir='ltr'><strong>mechanico</strong></span> <span class='ocrx_word' id='word_1_498' title='bbox 2842 1687 3120 1771; x_wconf 91' lang='lat' dir='ltr'><strong>cuipiam</strong></span> <span class='ocrx_word' id='word_1_499' title='bbox 3165 1706 3505 1772; x_wconf 89' lang='lat' dir='ltr'><strong>nunquam</strong></span> <span class='ocrx_word' id='word_1_500' title='bbox 3550 1685 3814 1750; x_wconf 90' lang='lat' dir='ltr'><strong>domum</strong></span> <span class='ocrx_word' id='word_1_501' title='bbox 3850 1703 4116 1768; x_wconf 90' lang='lat' dir='ltr'><strong>egresso</strong></span> <span class='ocrx_word' id='word_1_502' title='bbox 4152 1683 4241 1750; x_wconf 92' lang='lat' dir='ltr'><strong>si-</strong></span> 
     </span>
     <span class='ocr_line' id='line_1_73' title="bbox 2298 1767 4237 1859; baseline -0.004 -17"><span class='ocrx_word' id='word_1_503' title='bbox 2298 1775 2637 1842; x_wconf 88' lang='lat' dir='ltr'><strong>millimus.</strong></span> <span class='ocrx_word' id='word_1_504' title='bbox 2721 1773 2871 1843; x_wconf 83' lang='lat' dir='ltr'><strong>Hoc</strong></span> <span class='ocrx_word' id='word_1_505' title='bbox 2913 1774 3122 1859; x_wconf 86' lang='lat' dir='ltr'><strong>igitur</strong></span> <span class='ocrx_word' id='word_1_506' title='bbox 3163 1772 3304 1837; x_wconf 93' lang='lat' dir='ltr'><strong>loco</strong></span> <span class='ocrx_word' id='word_1_507' title='bbox 3349 1770 3735 1837; x_wconf 87' lang='lat' dir='ltr'><strong>nominatim</strong></span> <span class='ocrx_word' id='word_1_508' title='bbox 3782 1769 4025 1838; x_wconf 89' lang='lat' dir='ltr'><strong>dictum</strong></span> <span class='ocrx_word' id='word_1_509' title='bbox 4068 1767 4237 1834; x_wconf 91' lang='lat' dir='ltr'><strong>illud</strong></span> 
     </span>
     <span class='ocr_line' id='line_1_74' title="bbox 2298 1855 4237 1945; baseline -0.006 -14"><span class='ocrx_word' id='word_1_510' title='bbox 2298 1862 2708 1945; x_wconf 83' lang='lat' dir='ltr'><strong>exprimitur,</strong></span> <span class='ocrx_word' id='word_1_511' title='bbox 2767 1866 2846 1926; x_wconf 92' lang='lat' dir='ltr'><strong>ut</strong></span> <span class='ocrx_word' id='word_1_512' title='bbox 2902 1859 3226 1925; x_wconf 85' lang='lat' dir='ltr'><strong>discamus</strong></span> <span class='ocrx_word' id='word_1_513' title='bbox 3266 1878 3544 1941; x_wconf 88' lang='lat' dir='ltr'><strong>pravum</strong></span> <span class='ocrx_word' id='word_1_514' title='bbox 3589 1867 3654 1922; x_wconf 91' lang='lat' dir='ltr'><strong>et</strong></span> <span class='ocrx_word' id='word_1_515' title='bbox 3693 1855 3970 1922; x_wconf 89' lang='lat' dir='ltr'><strong>stultum</strong></span> <span class='ocrx_word' id='word_1_516' title='bbox 4011 1875 4237 1920; x_wconf 89' lang='lat' dir='ltr'><strong>eorum</strong></span> 
     </span>
     <span class='ocr_line' id='line_1_75' title="bbox 2298 1940 4236 2028; baseline -0.007 -10"><span class='ocrx_word' id='word_1_517' title='bbox 2298 1967 2443 2018; x_wconf 85' lang='lat' dir='ltr'><strong>esse</strong></span> <span class='ocrx_word' id='word_1_518' title='bbox 2484 1945 2801 2013; x_wconf 90' lang='lat' dir='ltr'><strong>iudicium</strong></span> <span class='ocrx_word' id='word_1_519' title='bbox 2846 1946 2958 2028; x_wconf 91' lang='lat' dir='ltr'><strong>qui</strong></span> <span class='ocrx_word' id='word_1_520' title='bbox 3000 1944 3156 2013; x_wconf 89' lang='lat' dir='ltr'><strong>filiis</strong></span> <span class='ocrx_word' id='word_1_521' title='bbox 3199 1951 3546 2027; x_wconf 89' lang='lat' dir='ltr'><strong>parentum</strong></span> <span class='ocrx_word' id='word_1_522' title='bbox 3590 1940 4027 2010; x_wconf 89' lang='lat' dir='ltr'><strong>conditionem</strong></span> <span class='ocrx_word' id='word_1_523' title='bbox 4071 1940 4236 2007; x_wconf 89' lang='lat' dir='ltr'><strong>obii·</strong></span> 
     </span>
     <span class='ocr_line' id='line_1_76' title="bbox 2296 2025 4234 2113; baseline -0.006 -9"><span class='ocrx_word' id='word_1_524' title='bbox 2296 2034 2496 2112; x_wconf 86' lang='lat' dir='ltr'><strong>ciunt,</strong></span> <span class='ocrx_word' id='word_1_525' title='bbox 2542 2040 2619 2098; x_wconf 89' lang='lat' dir='ltr'><strong>ut</strong></span> <span class='ocrx_word' id='word_1_526' title='bbox 2661 2030 2912 2098; x_wconf 87' lang='lat' dir='ltr'><strong>dicant:</strong></span> <span class='ocrx_word' id='word_1_527' title='bbox 2957 2029 3130 2113; x_wconf 79' lang='lat' dir='ltr'><strong>Quis</strong></span> <span class='ocrx_word' id='word_1_528' title='bbox 3171 2029 3368 2096; x_wconf 88' lang='lat' dir='ltr'><strong>huius</strong></span> <span class='ocrx_word' id='word_1_529' title='bbox 3412 2028 3518 2096; x_wconf 85' lang='lat' dir='ltr'><strong>vel</strong></span> <span class='ocrx_word' id='word_1_530' title='bbox 3553 2027 3732 2094; x_wconf 89' lang='lat' dir='ltr'><strong>illius</strong></span> <span class='ocrx_word' id='word_1_531' title='bbox 3766 2025 3995 2111; x_wconf 81' lang='lat' dir='ltr'><strong>pater?</strong></span> <span class='ocrx_word' id='word_1_532' title='bbox 4065 2026 4234 2092; x_wconf 89' lang='lat' dir='ltr'><strong>Nam</strong></span> 
     </span>
     <span class='ocr_line' id='line_1_77' title="bbox 2296 2113 4236 2199; baseline -0.005 -11"><span class='ocrx_word' id='word_1_533' title='bbox 2296 2131 2550 2188; x_wconf 87' lang='lat' dir='ltr'><strong>certum</strong></span> <span class='ocrx_word' id='word_1_534' title='bbox 2590 2115 2767 2186; x_wconf 86' lang='lat' dir='ltr'><strong>istud</strong></span> <span class='ocrx_word' id='word_1_535' title='bbox 2812 2127 2875 2182; x_wconf 89' lang='lat' dir='ltr'><strong>et</strong></span> <span class='ocrx_word' id='word_1_536' title='bbox 2919 2115 3361 2183; x_wconf 87' lang='lat' dir='ltr'><strong>indubitatum</strong></span> <span class='ocrx_word' id='word_1_537' title='bbox 3406 2113 3824 2199; x_wconf 89' lang='lat' dir='ltr'><strong>principium,</strong></span> <span class='ocrx_word' id='word_1_538' title='bbox 3866 2134 4002 2182; x_wconf 89' lang='lat' dir='ltr'><strong>non</strong></span> <span class='ocrx_word' id='word_1_539' title='bbox 4045 2133 4236 2197; x_wconf 91' lang='lat' dir='ltr'><strong>posse</strong></span> 
     </span>
     <span class='ocr_line' id='line_1_78' title="bbox 2294 2198 4234 2290; baseline -0.005 -18"><span class='ocrx_word' id='word_1_540' title='bbox 2294 2213 2598 2290; x_wconf 69' lang='lat' dir='ltr'><strong>parenoes</strong></span> <span class='ocrx_word' id='word_1_541' title='bbox 2681 2201 2836 2270; x_wconf 88' lang='lat' dir='ltr'><strong>filiis</strong></span> <span class='ocrx_word' id='word_1_542' title='bbox 2900 2202 3169 2270; x_wconf 86' lang='lat' dir='ltr'><strong>iniicere</strong></span> <span class='ocrx_word' id='word_1_543' title='bbox 3229 2200 3534 2285; x_wconf 88' lang='lat' dir='ltr'><strong>spiritum</strong></span> <span class='ocrx_word' id='word_1_544' title='bbox 3603 2198 3981 2283; x_wconf 89' lang='lat' dir='ltr'><strong>sapientiae,</strong></span> <span class='ocrx_word' id='word_1_545' title='bbox 4047 2219 4234 2263; x_wconf 82' lang='lat' dir='ltr'><strong>man·</strong></span> 
     </span>
     <span class='ocr_line' id='line_1_79' title="bbox 2294 2284 4234 2369; baseline -0.006 -8"><span class='ocrx_word' id='word_1_546' title='bbox 2294 2288 2682 2369; x_wconf 82' lang='lat' dir='ltr'><strong>suetudinis,</strong></span> <span class='ocrx_word' id='word_1_547' title='bbox 2739 2295 2857 2356; x_wconf 86' lang='lat' dir='ltr'><strong>aut</strong></span> <span class='ocrx_word' id='word_1_548' title='bbox 2916 2288 3113 2354; x_wconf 88' lang='lat' dir='ltr'><strong>ullius</strong></span> <span class='ocrx_word' id='word_1_549' title='bbox 3168 2286 3441 2353; x_wconf 89' lang='lat' dir='ltr'><strong>alterius</strong></span> <span class='ocrx_word' id='word_1_550' title='bbox 3483 2285 3773 2361; x_wconf 85' lang='lat' dir='ltr'><strong>virtutis.</strong></span> <span class='ocrx_word' id='word_1_551' title='bbox 3831 2294 3908 2351; x_wconf 90' lang='lat' dir='ltr'><strong>ut</strong></span> <span class='ocrx_word' id='word_1_552' title='bbox 3951 2284 4122 2350; x_wconf 89' lang='lat' dir='ltr'><strong>bona</strong></span> <span class='ocrx_word' id='word_1_553' title='bbox 4166 2293 4234 2349; x_wconf 89' lang='lat' dir='ltr'><strong>et</strong></span> 
     </span>
     <span class='ocr_line' id='line_1_80' title="bbox 2292 2369 4233 2461; baseline -0.005 -16"><span class='ocrx_word' id='word_1_554' title='bbox 2292 2376 2735 2461; x_wconf 83' lang='lat' dir='ltr'><strong>possessiones</strong></span> <span class='ocrx_word' id='word_1_555' title='bbox 2794 2385 3088 2442; x_wconf 86' lang='lat' dir='ltr'><strong>terrenas</strong></span> <span class='ocrx_word' id='word_1_556' title='bbox 3139 2372 3299 2457; x_wconf 91' lang='lat' dir='ltr'><strong>ipsis</strong></span> <span class='ocrx_word' id='word_1_557' title='bbox 3353 2371 3788 2440; x_wconf 85' lang='lat' dir='ltr'><strong>haereditario</strong></span> <span class='ocrx_word' id='word_1_558' title='bbox 3832 2369 4233 2454; x_wconf 90' lang='lat' dir='ltr'><strong>relinquunt.</strong></span> 
     </span>
     <span class='ocr_line' id='line_1_81' title="bbox 2294 2454 4232 2545; baseline -0.006 -14"><span class='ocrx_word' id='word_1_559' title='bbox 2294 2461 2608 2545; x_wconf 79' lang='lat' dir='ltr'><strong>Quinimo</strong></span> <span class='ocrx_word' id='word_1_560' title='bbox 2650 2459 2973 2544; x_wconf 87' lang='lat' dir='ltr'><strong>singulari</strong></span> <span class='ocrx_word' id='word_1_561' title='bbox 3016 2459 3145 2527; x_wconf 90' lang='lat' dir='ltr'><strong>Dei</strong></span> <span class='ocrx_word' id='word_1_562' title='bbox 3191 2457 3502 2524; x_wconf 89' lang='lat' dir='ltr'><strong>beneficio</strong></span> <span class='ocrx_word' id='word_1_563' title='bbox 3543 2458 3640 2535; x_wconf 90' lang='lat' dir='ltr'><strong>fit,</strong></span> <span class='ocrx_word' id='word_1_564' title='bbox 3689 2463 3762 2522; x_wconf 88' lang='lat' dir='ltr'><strong>ut</strong></span> <span class='ocrx_word' id='word_1_565' title='bbox 3802 2466 4107 2539; x_wconf 90' lang='lat' dir='ltr'><strong>parentes</strong></span> <span class='ocrx_word' id='word_1_566' title='bbox 4150 2454 4232 2520; x_wconf 88' lang='lat' dir='ltr'><strong>ad</strong></span> 
     </span>
     <span class='ocr_line' id='line_1_82' title="bbox 2289 2541 4236 2625; baseline -0.004 -11"><span class='ocrx_word' id='word_1_567' title='bbox 2289 2547 2528 2618; x_wconf 85' lang='lat' dir='ltr'><strong>liberos</strong></span> <span class='ocrx_word' id='word_1_568' title='bbox 2562 2565 2684 2612; x_wconf 87' lang='lat' dir='ltr'><strong>sua</strong></span> <span class='ocrx_word' id='word_1_569' title='bbox 2717 2546 2888 2612; x_wconf 87' lang='lat' dir='ltr'><strong>bona</strong></span> <span class='ocrx_word' id='word_1_570' title='bbox 2919 2545 3401 2614; x_wconf 83' lang='lat' dir='ltr'><strong>transmittant:</strong></span> <span class='ocrx_word' id='word_1_571' title='bbox 3446 2542 3559 2610; x_wconf 89' lang='lat' dir='ltr'><strong>sed</strong></span> <span class='ocrx_word' id='word_1_572' title='bbox 3596 2553 3816 2608; x_wconf 88' lang='lat' dir='ltr'><strong>tamen</strong></span> <span class='ocrx_word' id='word_1_573' title='bbox 3851 2541 4236 2625; x_wconf 89' lang='lat' dir='ltr'><strong>plerumque</strong></span> 
     </span>
     <span class='ocr_line' id='line_1_83' title="bbox 2291 2626 4237 2712; baseline -0.002 -12"><span class='ocrx_word' id='word_1_574' title='bbox 2291 2633 2360 2700; x_wconf 88' lang='lat' dir='ltr'><strong>id</strong></span> <span class='ocrx_word' id='word_1_575' title='bbox 2402 2631 2656 2711; x_wconf 84' lang='lat' dir='ltr'><strong>accidit,</strong></span> <span class='ocrx_word' id='word_1_576' title='bbox 2700 2641 2777 2699; x_wconf 90' lang='lat' dir='ltr'><strong>ut</strong></span> <span class='ocrx_word' id='word_1_577' title='bbox 2818 2631 3008 2699; x_wconf 87' lang='lat' dir='ltr'><strong>liberi</strong></span> <span class='ocrx_word' id='word_1_578' title='bbox 3051 2630 3323 2698; x_wconf 86' lang='lat' dir='ltr'><strong>veniant</strong></span> <span class='ocrx_word' id='word_1_579' title='bbox 3365 2631 3436 2695; x_wconf 91' lang='lat' dir='ltr'><strong>in</strong></span> <span class='ocrx_word' id='word_1_580' title='bbox 3477 2638 3738 2712; x_wconf 89' lang='lat' dir='ltr'><strong>patrum</strong></span> <span class='ocrx_word' id='word_1_581' title='bbox 3784 2626 3951 2694; x_wconf 92' lang='lat' dir='ltr'><strong>bona</strong></span> <span class='ocrx_word' id='word_1_582' title='bbox 3986 2637 4052 2692; x_wconf 89' lang='lat' dir='ltr'><strong>et</strong></span> <span class='ocrx_word' id='word_1_583' title='bbox 4083 2626 4237 2696; x_wconf 90' lang='lat' dir='ltr'><strong>hae-</strong></span> 
     </span>
     <span class='ocr_line' id='line_1_84' title="bbox 2291 2712 4236 2801; baseline -0.005 -15"><span class='ocrx_word' id='word_1_584' title='bbox 2291 2718 2658 2786; x_wconf 88' lang='lat' dir='ltr'><strong>reditatem.</strong></span> <span class='ocrx_word' id='word_1_585' title='bbox 2743 2717 2840 2784; x_wconf 90' lang='lat' dir='ltr'><strong>At</strong></span> <span class='ocrx_word' id='word_1_586' title='bbox 2893 2725 2971 2784; x_wconf 92' lang='lat' dir='ltr'><strong>ut</strong></span> <span class='ocrx_word' id='word_1_587' title='bbox 3025 2717 3297 2801; x_wconf 89' lang='lat' dir='ltr'><strong>spiritus</strong></span> <span class='ocrx_word' id='word_1_588' title='bbox 3353 2716 3525 2782; x_wconf 86' lang='lat' dir='ltr'><strong>dona</strong></span> <span class='ocrx_word' id='word_1_589' title='bbox 3580 2712 3964 2782; x_wconf 83' lang='lat' dir='ltr'><strong>excellentia</strong></span> <span class='ocrx_word' id='word_1_590' title='bbox 4022 2733 4064 2777; x_wconf 87' lang='lat' dir='ltr'><strong>a</strong></span> <span class='ocrx_word' id='word_1_591' title='bbox 4123 2732 4236 2797; x_wconf 88' lang='lat' dir='ltr'><strong>pa-</strong></span> 
     </span>
     <span class='ocr_line' id='line_1_85' title="bbox 2291 2798 4233 2872; baseline -0.005 0"><span class='ocrx_word' id='word_1_592' title='bbox 2291 2805 2502 2872; x_wconf 88' lang='lat' dir='ltr'><strong>tribus</strong></span> <span class='ocrx_word' id='word_1_593' title='bbox 2545 2802 2632 2871; x_wconf 88' lang='lat' dir='ltr'><strong>ad</strong></span> <span class='ocrx_word' id='word_1_594' title='bbox 2673 2803 2912 2872; x_wconf 87' lang='lat' dir='ltr'><strong>liberos</strong></span> <span class='ocrx_word' id='word_1_595' title='bbox 2955 2803 3439 2872; x_wconf 82' lang='lat' dir='ltr'><strong>transferantur</strong></span> <span class='ocrx_word' id='word_1_596' title='bbox 3480 2808 3547 2866; x_wconf 94' lang='lat' dir='ltr'><strong>et</strong></span> <span class='ocrx_word' id='word_1_597' title='bbox 3590 2821 3676 2864; x_wconf 87' lang='lat' dir='ltr'><strong>ex</strong></span> <span class='ocrx_word' id='word_1_598' title='bbox 3719 2798 3989 2866; x_wconf 89' lang='lat' dir='ltr'><strong>traduce</strong></span> <span class='ocrx_word' id='word_1_599' title='bbox 4033 2798 4233 2864; x_wconf 87' lang='lat' dir='ltr'><strong>relin-</strong></span> 
     </span>
     <span class='ocr_line' id='line_1_86' title="bbox 2290 2885 4232 2978; baseline -0.006 -18"><span class='ocrx_word' id='word_1_600' title='bbox 2290 2898 2597 2978; x_wconf 87' lang='lat' dir='ltr'><strong>quantur,</strong></span> <span class='ocrx_word' id='word_1_601' title='bbox 2641 2910 2978 2973; x_wconf 91' lang='lat' dir='ltr'><strong>nunquam</strong></span> <span class='ocrx_word' id='word_1_602' title='bbox 3019 2888 3361 2972; x_wconf 86' lang='lat' dir='ltr'><strong>contingit,</strong></span> <span class='ocrx_word' id='word_1_603' title='bbox 3403 2885 3516 2954; x_wconf 90' lang='lat' dir='ltr'><strong>sed</strong></span> <span class='ocrx_word' id='word_1_604' title='bbox 3562 2885 3778 2971; x_wconf 87' lang='lat' dir='ltr'><strong>potius</strong></span> <span class='ocrx_word' id='word_1_605' title='bbox 3814 2885 4232 2951; x_wconf 87' lang='lat' dir='ltr'><strong>contrarium.</strong></span> 
     </span>
     <span class='ocr_line' id='line_1_87' title="bbox 2288 2968 4233 3062; baseline -0.003 -16"><span class='ocrx_word' id='word_1_606' title='bbox 2288 2979 2510 3062; x_wconf 84' lang='lat' dir='ltr'><strong>Atque</strong></span> <span class='ocrx_word' id='word_1_607' title='bbox 2569 2973 2729 3044; x_wconf 89' lang='lat' dir='ltr'><strong>adeo</strong></span> <span class='ocrx_word' id='word_1_608' title='bbox 2781 2996 2930 3046; x_wconf 89' lang='lat' dir='ltr'><strong>raro</strong></span> <span class='ocrx_word' id='word_1_609' title='bbox 2985 2976 3062 3041; x_wconf 88' lang='lat' dir='ltr'><strong>fit</strong></span> <span class='ocrx_word' id='word_1_610' title='bbox 3120 2983 3195 3041; x_wconf 92' lang='lat' dir='ltr'><strong>ut</strong></span> <span class='ocrx_word' id='word_1_611' title='bbox 3248 2973 3352 3040; x_wconf 89' lang='lat' dir='ltr'><strong>vir</strong></span> <span class='ocrx_word' id='word_1_612' title='bbox 3451 2970 3732 3054; x_wconf 82' lang='lat' dir='ltr'><strong>uispiam</strong></span> <span class='ocrx_word' id='word_1_613' title='bbox 3776 2970 4061 3038; x_wconf 87' lang='lat' dir='ltr'><strong>eximius</strong></span> <span class='ocrx_word' id='word_1_614' title='bbox 4104 2968 4233 3040; x_wconf 87' lang='lat' dir='ltr'><strong>sibi</strong></span> 
     </span>
     <span class='ocr_line' id='line_1_88' title="bbox 2289 3053 4231 3144; baseline -0.005 -14"><span class='ocrx_word' id='word_1_615' title='bbox 2289 3062 2573 3130; x_wconf 88' lang='lat' dir='ltr'><strong>similem</strong></span> <span class='ocrx_word' id='word_1_616' title='bbox 2667 3060 2877 3128; x_wconf 88' lang='lat' dir='ltr'><strong>filium</strong></span> <span class='ocrx_word' id='word_1_617' title='bbox 2962 3060 3311 3144; x_wconf 90' lang='lat' dir='ltr'><strong>relinquat.</strong></span> <span class='ocrx_word' id='word_1_618' title='bbox 3472 3055 3596 3124; x_wconf 91' lang='lat' dir='ltr'><strong>uod</strong></span> <span class='ocrx_word' id='word_1_619' title='bbox 3684 3076 3886 3139; x_wconf 91' lang='lat' dir='ltr'><strong>quum</strong></span> <span class='ocrx_word' id='word_1_620' title='bbox 3975 3053 4231 3136; x_wconf 86' lang='lat' dir='ltr'><strong>accidit,</strong></span> 
     </span>
     <span class='ocr_line' id='line_1_89' title="bbox 2290 3138 4228 3228; baseline -0.006 -12"><span class='ocrx_word' id='word_1_621' title='bbox 2290 3147 2478 3216; x_wconf 89' lang='lat' dir='ltr'><strong>Deus</strong></span> <span class='ocrx_word' id='word_1_622' title='bbox 2532 3154 2611 3214; x_wconf 91' lang='lat' dir='ltr'><strong>ut</strong></span> <span class='ocrx_word' id='word_1_623' title='bbox 2666 3167 2999 3215; x_wconf 91' lang='lat' dir='ltr'><strong>summum</strong></span> <span class='ocrx_word' id='word_1_624' title='bbox 3059 3143 3449 3212; x_wconf 83' lang='lat' dir='ltr'><strong>beneficium</strong></span> <span class='ocrx_word' id='word_1_625' title='bbox 3492 3141 3762 3228; x_wconf 87' lang='lat' dir='ltr'><strong>agnosci</strong></span> <span class='ocrx_word' id='word_1_626' title='bbox 3805 3140 3969 3208; x_wconf 89' lang='lat' dir='ltr'><strong>vult.</strong></span> <span class='ocrx_word' id='word_1_627' title='bbox 4057 3138 4228 3206; x_wconf 85' lang='lat' dir='ltr'><strong>Nam</strong></span> 
     </span>
     <span class='ocr_line' id='line_1_90' title="bbox 2288 3226 4230 3312; baseline -0.006 -10"><span class='ocrx_word' id='word_1_628' title='bbox 2288 3235 2349 3302; x_wconf 87' lang='lat' dir='ltr'><strong>si</strong></span> <span class='ocrx_word' id='word_1_629' title='bbox 2412 3232 2583 3300; x_wconf 86' lang='lat' dir='ltr'><strong>filios</strong></span> <span class='ocrx_word' id='word_1_630' title='bbox 2634 3231 2762 3298; x_wconf 90' lang='lat' dir='ltr'><strong>sibi</strong></span> <span class='ocrx_word' id='word_1_631' title='bbox 2818 3233 2892 3300; x_wconf 90' lang='lat' dir='ltr'><strong>in</strong></span> <span class='ocrx_word' id='word_1_632' title='bbox 2947 3231 3251 3299; x_wconf 88' lang='lat' dir='ltr'><strong>omnibus</strong></span> <span class='ocrx_word' id='word_1_633' title='bbox 3306 3229 3553 3296; x_wconf 89' lang='lat' dir='ltr'><strong>similes</strong></span> <span class='ocrx_word' id='word_1_634' title='bbox 3596 3238 3821 3312; x_wconf 90' lang='lat' dir='ltr'><strong>patres</strong></span> <span class='ocrx_word' id='word_1_635' title='bbox 3865 3226 4230 3312; x_wconf 90' lang='lat' dir='ltr'><strong>gignerent,</strong></span> 
     </span>
     <span class='ocr_line' id='line_1_91' title="bbox 2289 3312 4232 3390; baseline -0.007 0"><span class='ocrx_word' id='word_1_636' title='bbox 2289 3320 2464 3390; x_wconf 85' lang='lat' dir='ltr'><strong>dona</strong></span> <span class='ocrx_word' id='word_1_637' title='bbox 2505 3318 2622 3384; x_wconf 89' lang='lat' dir='ltr'><strong>illa</strong></span> <span class='ocrx_word' id='word_1_638' title='bbox 2659 3340 2696 3385; x_wconf 89' lang='lat' dir='ltr'><strong>s</strong></span> <span class='ocrx_word' id='word_1_639' title='bbox 2741 3317 3033 3384; x_wconf 87' lang='lat' dir='ltr'><strong>iritualia</strong></span> <span class='ocrx_word' id='word_1_640' title='bbox 3072 3315 3462 3386; x_wconf 88' lang='lat' dir='ltr'><strong>viderentur</strong></span> <span class='ocrx_word' id='word_1_641' title='bbox 3503 3312 3940 3380; x_wconf 86' lang='lat' dir='ltr'><strong>haereditaria</strong></span> <span class='ocrx_word' id='word_1_642' title='bbox 3975 3331 4232 3379; x_wconf 89' lang='lat' dir='ltr'><strong>succes-</strong></span> 
     </span>
     <span class='ocr_line' id='line_1_92' title="bbox 2289 3398 4229 3487; baseline -0.006 -11"><span class='ocrx_word' id='word_1_643' title='bbox 2289 3407 2472 3475; x_wconf 88' lang='lat' dir='ltr'><strong>sione</strong></span> <span class='ocrx_word' id='word_1_644' title='bbox 2527 3403 2667 3472; x_wconf 85' lang='lat' dir='ltr'><strong>acci</strong></span> <span class='ocrx_word' id='word_1_645' title='bbox 2713 3425 2821 3472; x_wconf 88' lang='lat' dir='ltr'><strong>ere</strong></span> <span class='ocrx_word' id='word_1_646' title='bbox 2897 3413 3095 3487; x_wconf 86' lang='lat' dir='ltr'><strong>atque</strong></span> <span class='ocrx_word' id='word_1_647' title='bbox 3137 3403 3233 3469; x_wconf 90' lang='lat' dir='ltr'><strong>ita</strong></span> <span class='ocrx_word' id='word_1_648' title='bbox 3273 3401 3355 3468; x_wconf 91' lang='lat' dir='ltr'><strong>de</strong></span> <span class='ocrx_word' id='word_1_649' title='bbox 3399 3400 3528 3467; x_wconf 92' lang='lat' dir='ltr'><strong>Dei</strong></span> <span class='ocrx_word' id='word_1_650' title='bbox 3568 3398 3962 3466; x_wconf 82' lang='lat' dir='ltr'><strong>liberalitate</strong></span> <span class='ocrx_word' id='word_1_651' title='bbox 4005 3407 4074 3463; x_wconf 89' lang='lat' dir='ltr'><strong>et</strong></span> <span class='ocrx_word' id='word_1_652' title='bbox 4115 3398 4229 3464; x_wconf 91' lang='lat' dir='ltr'><strong>bo-</strong></span> 
     </span>
     <span class='ocr_line' id='line_1_93' title="bbox 2288 3453 4231 3570; baseline -0.006 -10"><span class='ocrx_word' id='word_1_653' title='bbox 2288 3492 2500 3562; x_wconf 83' lang='lat' dir='ltr'><strong>nitate</strong></span> <span class='ocrx_word' id='word_1_654' title='bbox 2558 3453 2946 3568; x_wconf 74' lang='lat' dir='ltr'><strong>tantundem</strong></span> <span class='ocrx_word' id='word_1_655' title='bbox 3002 3487 3473 3567; x_wconf 86' lang='lat' dir='ltr'><strong>detraheretur,</strong></span> <span class='ocrx_word' id='word_1_656' title='bbox 3539 3506 3615 3552; x_wconf 91' lang='lat' dir='ltr'><strong>ac</strong></span> <span class='ocrx_word' id='word_1_657' title='bbox 3673 3483 4093 3570; x_wconf 85' lang='lat' dir='ltr'><strong>semisepulta</strong></span> <span class='ocrx_word' id='word_1_658' title='bbox 4134 3484 4231 3550; x_wconf 91' lang='lat' dir='ltr'><strong>ia·</strong></span> 
     </span>
     <span class='ocr_line' id='line_1_94' title="bbox 2288 3568 4233 3659; baseline -0.005 -16"><span class='ocrx_word' id='word_1_659' title='bbox 2288 3585 2497 3645; x_wconf 88' lang='lat' dir='ltr'><strong>ceret:</strong></span> <span class='ocrx_word' id='word_1_660' title='bbox 2542 3596 2618 3642; x_wconf 91' lang='lat' dir='ltr'><strong>ac</strong></span> <span class='ocrx_word' id='word_1_661' title='bbox 2652 3576 2930 3659; x_wconf 86' lang='lat' dir='ltr'><strong>proinde</strong></span> <span class='ocrx_word' id='word_1_662' title='bbox 2962 3573 3155 3642; x_wconf 86' lang='lat' dir='ltr'><strong>laude</strong></span> <span class='ocrx_word' id='word_1_663' title='bbox 3192 3595 3312 3644; x_wconf 89' lang='lat' dir='ltr'><strong>sua</strong></span> <span class='ocrx_word' id='word_1_664' title='bbox 3344 3572 3532 3639; x_wconf 88' lang='lat' dir='ltr'><strong>Deus</strong></span> <span class='ocrx_word' id='word_1_665' title='bbox 3565 3571 3962 3655; x_wconf 84' lang='lat' dir='ltr'><strong>privaretur.</strong></span> <span class='ocrx_word' id='word_1_666' title='bbox 4009 3568 4233 3652; x_wconf 82' lang='lat' dir='ltr'><strong>Quare</strong></span> 
     </span>
     <span class='ocr_line' id='line_1_95' title="bbox 2288 3655 4231 3747; baseline -0.006 -15"><span class='ocrx_word' id='word_1_667' title='bbox 2288 3685 2480 3747; x_wconf 79' lang='lat' dir='ltr'><strong>saepe</strong></span> <span class='ocrx_word' id='word_1_668' title='bbox 2540 3662 2648 3727; x_wconf 90' lang='lat' dir='ltr'><strong>vel</strong></span> <span class='ocrx_word' id='word_1_669' title='bbox 2705 3663 2777 3727; x_wconf 91' lang='lat' dir='ltr'><strong>in</strong></span> <span class='ocrx_word' id='word_1_670' title='bbox 2835 3661 3215 3746; x_wconf 86' lang='lat' dir='ltr'><strong>parentibus</strong></span> <span class='ocrx_word' id='word_1_671' title='bbox 3272 3657 3519 3744; x_wconf 90' lang='lat' dir='ltr'><strong>aliquid</strong></span> <span class='ocrx_word' id='word_1_672' title='bbox 3565 3657 3972 3724; x_wconf 86' lang='lat' dir='ltr'><strong>desideratur</strong></span> <span class='ocrx_word' id='word_1_673' title='bbox 4014 3655 4231 3734; x_wconf 84' lang='lat' dir='ltr'><strong>officii,</strong></span> 
     </span>
     <span class='ocr_line' id='line_1_96' title="bbox 2286 3741 4234 3830; baseline -0.006 -12"><span class='ocrx_word' id='word_1_674' title='bbox 2286 3749 2397 3818; x_wconf 85' lang='lat' dir='ltr'><strong>vel</strong></span> <span class='ocrx_word' id='word_1_675' title='bbox 2439 3749 2509 3818; x_wconf 90' lang='lat' dir='ltr'><strong>in</strong></span> <span class='ocrx_word' id='word_1_676' title='bbox 2554 3747 2795 3814; x_wconf 90' lang='lat' dir='ltr'><strong>liberis.</strong></span> <span class='ocrx_word' id='word_1_677' title='bbox 2883 3747 3100 3830; x_wconf 81' lang='lat' dir='ltr'><strong>Saepe</strong></span> <span class='ocrx_word' id='word_1_678' title='bbox 3143 3745 3339 3813; x_wconf 86' lang='lat' dir='ltr'><strong>etiam</strong></span> <span class='ocrx_word' id='word_1_679' title='bbox 3385 3753 3612 3811; x_wconf 85' lang='lat' dir='ltr'><strong>contra</strong></span> <span class='ocrx_word' id='word_1_680' title='bbox 3653 3742 3758 3809; x_wconf 87' lang='lat' dir='ltr'><strong>vel</strong></span> <span class='ocrx_word' id='word_1_681' title='bbox 3805 3741 3888 3807; x_wconf 88' lang='lat' dir='ltr'><strong>ab</strong></span> <span class='ocrx_word' id='word_1_682' title='bbox 3931 3741 4095 3826; x_wconf 89' lang='lat' dir='ltr'><strong>ipsis</strong></span> <span class='ocrx_word' id='word_1_683' title='bbox 4137 3743 4234 3807; x_wconf 88' lang='lat' dir='ltr'><strong>in·</strong></span> 
     </span>
     <span class='ocr_line' id='line_1_97' title="bbox 2288 3827 4232 3918; baseline -0.004 -16"><span class='ocrx_word' id='word_1_684' title='bbox 2288 3833 2629 3902; x_wconf 81' lang='lat' dir='ltr'><strong>cunabulis</strong></span> <span class='ocrx_word' id='word_1_685' title='bbox 2671 3832 2901 3902; x_wconf 88' lang='lat' dir='ltr'><strong>videas</strong></span> <span class='ocrx_word' id='word_1_686' title='bbox 2943 3830 3258 3918; x_wconf 86' lang='lat' dir='ltr'><strong>quosdam</strong></span> <span class='ocrx_word' id='word_1_687' title='bbox 3302 3830 3384 3900; x_wconf 88' lang='lat' dir='ltr'><strong>iis</strong></span> <span class='ocrx_word' id='word_1_688' title='bbox 3419 3829 3650 3916; x_wconf 88' lang='lat' dir='ltr'><strong>gratiis</strong></span> <span class='ocrx_word' id='word_1_689' title='bbox 3683 3827 4023 3910; x_wconf 88' lang='lat' dir='ltr'><strong>excellere,</strong></span> <span class='ocrx_word' id='word_1_690' title='bbox 4068 3848 4232 3912; x_wconf 87' lang='lat' dir='ltr'><strong>quas</strong></span> 
     </span>
     <span class='ocr_line' id='line_1_98' title="bbox 2288 3914 4232 3988; baseline -0.005 0"><span class='ocrx_word' id='word_1_691' title='bbox 2288 3922 2402 3988; x_wconf 88' lang='lat' dir='ltr'><strong>alii</strong></span> <span class='ocrx_word' id='word_1_692' title='bbox 2466 3940 2598 3988; x_wconf 87' lang='lat' dir='ltr'><strong>non</strong></span> <span class='ocrx_word' id='word_1_693' title='bbox 2663 3918 2796 3986; x_wconf 88' lang='lat' dir='ltr'><strong>nisi</strong></span> <span class='ocrx_word' id='word_1_694' title='bbox 2856 3939 3112 3987; x_wconf 91' lang='lat' dir='ltr'><strong>summo</strong></span> <span class='ocrx_word' id='word_1_695' title='bbox 3179 3915 3404 3984; x_wconf 87' lang='lat' dir='ltr'><strong>labore</strong></span> <span class='ocrx_word' id='word_1_696' title='bbox 3468 3923 3536 3982; x_wconf 92' lang='lat' dir='ltr'><strong>et</strong></span> <span class='ocrx_word' id='word_1_697' title='bbox 3579 3914 3962 3981; x_wconf 83' lang='lat' dir='ltr'><strong>difficultate</strong></span> <span class='ocrx_word' id='word_1_698' title='bbox 4007 3935 4232 3980; x_wconf 91' lang='lat' dir='ltr'><strong>conse-</strong></span> 
     </span>
     <span class='ocr_line' id='line_1_99' title="bbox 2288 3999 4230 4091; baseline -0.006 -16"><span class='ocrx_word' id='word_1_699' title='bbox 2288 4014 2600 4091; x_wconf 88' lang='lat' dir='ltr'><strong>quuntur.</strong></span> <span class='ocrx_word' id='word_1_700' title='bbox 2687 4005 2993 4091; x_wconf 90' lang='lat' dir='ltr'><strong>Denique</strong></span> <span class='ocrx_word' id='word_1_701' title='bbox 3063 4002 3364 4070; x_wconf 89' lang='lat' dir='ltr'><strong>videmus</strong></span> <span class='ocrx_word' id='word_1_702' title='bbox 3421 4001 3699 4068; x_wconf 89' lang='lat' dir='ltr'><strong>heroum</strong></span> <span class='ocrx_word' id='word_1_703' title='bbox 3757 4009 3876 4068; x_wconf 87' lang='lat' dir='ltr'><strong>aut</strong></span> <span class='ocrx_word' id='word_1_704' title='bbox 3938 3999 4230 4065; x_wconf 90' lang='lat' dir='ltr'><strong>virorum</strong></span> 
     </span>
     <span class='ocr_line' id='line_1_100' title="bbox 2289 4084 4232 4173; baseline -0.007 -12"><span class='ocrx_word' id='word_1_705' title='bbox 2289 4090 2749 4161; x_wconf 84' lang='lat' dir='ltr'><strong>excellentium</strong></span> <span class='ocrx_word' id='word_1_706' title='bbox 2809 4089 3047 4156; x_wconf 89' lang='lat' dir='ltr'><strong>liberos</strong></span> <span class='ocrx_word' id='word_1_707' title='bbox 3102 4108 3230 4155; x_wconf 88' lang='lat' dir='ltr'><strong>non</strong></span> <span class='ocrx_word' id='word_1_708' title='bbox 3291 4108 3549 4173; x_wconf 86' lang='lat' dir='ltr'><strong>semper</strong></span> <span class='ocrx_word' id='word_1_709' title='bbox 3605 4107 3747 4156; x_wconf 83' lang='lat' dir='ltr'><strong>esse</strong></span> <span class='ocrx_word' id='word_1_710' title='bbox 3801 4084 4099 4170; x_wconf 83' lang='lat' dir='ltr'><strong>patribus</strong></span> <span class='ocrx_word' id='word_1_711' title='bbox 4142 4084 4232 4149; x_wconf 88' lang='lat' dir='ltr'><strong>si-</strong></span> 
     </span>
     <span class='ocr_line' id='line_1_101' title="bbox 2288 4172 4229 4259; baseline -0.006 -14"><span class='ocrx_word' id='word_1_712' title='bbox 2288 4179 2498 4248; x_wconf 85' lang='lat' dir='ltr'><strong>miles.</strong></span> <span class='ocrx_word' id='word_1_713' title='bbox 2586 4177 2680 4243; x_wconf 79' lang='lat' dir='ltr'><strong>Et</strong></span> <span class='ocrx_word' id='word_1_714' title='bbox 2748 4185 2978 4244; x_wconf 87' lang='lat' dir='ltr'><strong>contra</strong></span> <span class='ocrx_word' id='word_1_715' title='bbox 3040 4173 3315 4259; x_wconf 90' lang='lat' dir='ltr'><strong>ignobili</strong></span> <span class='ocrx_word' id='word_1_716' title='bbox 3381 4184 3450 4241; x_wconf 92' lang='lat' dir='ltr'><strong>et</strong></span> <span class='ocrx_word' id='word_1_717' title='bbox 3511 4172 3749 4240; x_wconf 89' lang='lat' dir='ltr'><strong>humili</strong></span> <span class='ocrx_word' id='word_1_718' title='bbox 3812 4172 3951 4237; x_wconf 91' lang='lat' dir='ltr'><strong>loco</strong></span> <span class='ocrx_word' id='word_1_719' title='bbox 4018 4180 4229 4245; x_wconf 89' lang='lat' dir='ltr'><strong>natos,</strong></span> 
     </span>
     <span class='ocr_line' id='line_1_102' title="bbox 2288 4258 4228 4359; baseline -0.006 -28"><span class='ocrx_word' id='word_1_720' title='bbox 2288 4285 2455 4349; x_wconf 87' lang='lat' dir='ltr'><strong>quos</strong></span> <span class='ocrx_word' id='word_1_721' title='bbox 2497 4282 2632 4329; x_wconf 91' lang='lat' dir='ltr'><strong>non</strong></span> <span class='ocrx_word' id='word_1_722' title='bbox 2676 4260 3091 4329; x_wconf 89' lang='lat' dir='ltr'><strong>commendat</strong></span> <span class='ocrx_word' id='word_1_723' title='bbox 3134 4260 3269 4327; x_wconf 89' lang='lat' dir='ltr'><strong>ulla</strong></span> <span class='ocrx_word' id='word_1_724' title='bbox 3308 4268 3570 4345; x_wconf 90' lang='lat' dir='ltr'><strong>patrum</strong></span> <span class='ocrx_word' id='word_1_725' title='bbox 3615 4258 3902 4359; x_wconf 78' lang='lat' dir='ltr'><strong>dignitas</strong></span> <span class='ocrx_word' id='word_1_726' title='bbox 3944 4264 4060 4321; x_wconf 91' lang='lat' dir='ltr'><strong>aut</strong></span> <span class='ocrx_word' id='word_1_727' title='bbox 4112 4276 4228 4321; x_wconf 90' lang='lat' dir='ltr'><strong>au-</strong></span> 
     </span>
     <span class='ocr_line' id='line_1_103' title="bbox 2289 4341 4228 4429; baseline -0.007 -11"><span class='ocrx_word' id='word_1_728' title='bbox 2289 4350 2543 4429; x_wconf 87' lang='lat' dir='ltr'><strong>toritas,</strong></span> <span class='ocrx_word' id='word_1_729' title='bbox 2599 4350 2670 4414; x_wconf 91' lang='lat' dir='ltr'><strong>in</strong></span> <span class='ocrx_word' id='word_1_730' title='bbox 2714 4348 2892 4416; x_wconf 83' lang='lat' dir='ltr'><strong>viros</strong></span> <span class='ocrx_word' id='word_1_731' title='bbox 2933 4347 3329 4414; x_wconf 88' lang='lat' dir='ltr'><strong>clarissimos</strong></span> <span class='ocrx_word' id='word_1_732' title='bbox 3372 4356 3440 4412; x_wconf 93' lang='lat' dir='ltr'><strong>et</strong></span> <span class='ocrx_word' id='word_1_733' title='bbox 3482 4346 3887 4422; x_wconf 73' lang='lat' dir='ltr'><strong>fortissimos,</strong></span> <span class='ocrx_word' id='word_1_734' title='bbox 3947 4341 4089 4406; x_wconf 92' lang='lat' dir='ltr'><strong>Deo</strong></span> <span class='ocrx_word' id='word_1_735' title='bbox 4133 4341 4228 4406; x_wconf 80' lang='lat' dir='ltr'><strong>fa-</strong></span> 
     </span>
     <span class='ocr_line' id='line_1_104' title="bbox 2287 4427 4233 4516; baseline -0.006 -14"><span class='ocrx_word' id='word_1_736' title='bbox 2287 4438 2517 4511; x_wconf 85' lang='lat' dir='ltr'><strong>ciente,</strong></span> <span class='ocrx_word' id='word_1_737' title='bbox 2556 4432 2856 4500; x_wconf 88' lang='lat' dir='ltr'><strong>evadere.</strong></span> <span class='ocrx_word' id='word_1_738' title='bbox 2945 4433 3084 4500; x_wconf 86' lang='lat' dir='ltr'><strong>Nos</strong></span> <span class='ocrx_word' id='word_1_739' title='bbox 3114 4431 3332 4516; x_wconf 83' lang='lat' dir='ltr'><strong>itaque</strong></span> <span class='ocrx_word' id='word_1_740' title='bbox 3368 4430 3598 4499; x_wconf 90' lang='lat' dir='ltr'><strong>demus</strong></span> <span class='ocrx_word' id='word_1_741' title='bbox 3633 4449 3917 4513; x_wconf 88' lang='lat' dir='ltr'><strong>operam,</strong></span> <span class='ocrx_word' id='word_1_742' title='bbox 3954 4427 4233 4509; x_wconf 85' lang='lat' dir='ltr'><strong>quoties-</strong></span> 
     </span>
     <span class='ocr_line' id='line_1_105' title="bbox 2286 4512 4226 4605; baseline -0.007 -15"><span class='ocrx_word' id='word_1_743' title='bbox 2286 4541 2547 4605; x_wconf 88' lang='lat' dir='ltr'><strong>cunque</strong></span> <span class='ocrx_word' id='word_1_744' title='bbox 2595 4519 2781 4588; x_wconf 90' lang='lat' dir='ltr'><strong>Deus</strong></span> <span class='ocrx_word' id='word_1_745' title='bbox 2824 4519 3078 4604; x_wconf 89' lang='lat' dir='ltr'><strong>aliquos</strong></span> <span class='ocrx_word' id='word_1_746' title='bbox 3120 4518 3193 4584; x_wconf 90' lang='lat' dir='ltr'><strong>in</strong></span> <span class='ocrx_word' id='word_1_747' title='bbox 3237 4518 3520 4602; x_wconf 85' lang='lat' dir='ltr'><strong>aliquem</strong></span> <span class='ocrx_word' id='word_1_748' title='bbox 3565 4514 3904 4599; x_wconf 85' lang='lat' dir='ltr'><strong>dignitatis</strong></span> <span class='ocrx_word' id='word_1_749' title='bbox 3948 4512 4226 4596; x_wconf 86' lang='lat' dir='ltr'><strong>gradum</strong></span> 
     </span>
     <span class='ocr_line' id='line_1_106' title="bbox 2285 4597 4227 4690; baseline -0.006 -17"><span class='ocrx_word' id='word_1_750' title='bbox 2285 4607 2534 4690; x_wconf 78' lang='lat' dir='ltr'><strong>evehit,</strong></span> <span class='ocrx_word' id='word_1_751' title='bbox 2579 4616 2646 4671; x_wconf 93' lang='lat' dir='ltr'><strong>et</strong></span> <span class='ocrx_word' id='word_1_752' title='bbox 2688 4601 3047 4673; x_wconf 86' lang='lat' dir='ltr'><strong>virtutibus</strong></span> <span class='ocrx_word' id='word_1_753' title='bbox 3089 4605 3416 4690; x_wconf 86' lang='lat' dir='ltr'><strong>insignem</strong></span> <span class='ocrx_word' id='word_1_754' title='bbox 3460 4602 3635 4683; x_wconf 86' lang='lat' dir='ltr'><strong>facit,</strong></span> <span class='ocrx_word' id='word_1_755' title='bbox 3693 4622 3778 4668; x_wconf 91' lang='lat' dir='ltr'><strong>ne</strong></span> <span class='ocrx_word' id='word_1_756' title='bbox 3823 4597 4028 4666; x_wconf 89' lang='lat' dir='ltr'><strong>oculis</strong></span> <span class='ocrx_word' id='word_1_757' title='bbox 4053 4597 4227 4674; x_wconf 31' lang='lat' dir='ltr'><strong>,cali-</strong></span> 
     </span>
    </p>

    <p class='ocr_par' dir='ltr' id='par_1_9' title="bbox 2369 4683 4228 4773">
     <span class='ocr_line' id='line_1_107' title="bbox 2369 4683 4228 4773; baseline -0.005 -15"><span class='ocrx_word' id='word_1_758' title='bbox 2369 4713 2537 4773; x_wconf 90' lang='lat' dir='ltr'><strong>mus,</strong></span> <span class='ocrx_word' id='word_1_759' title='bbox 2570 4699 2637 4758; x_wconf 89' lang='lat' dir='ltr'><strong>et</strong></span> <span class='ocrx_word' id='word_1_760' title='bbox 2669 4692 2742 4758; x_wconf 92' lang='lat' dir='ltr'><strong>in</strong></span> <span class='ocrx_word' id='word_1_761' title='bbox 2778 4690 3275 4757; x_wconf 87' lang='lat' dir='ltr'><strong>admirationem</strong></span> <span class='ocrx_word' id='word_1_762' title='bbox 3314 4690 3501 4773; x_wconf 86' lang='lat' dir='ltr'><strong>rapti,</strong></span> <span class='ocrx_word' id='word_1_763' title='bbox 3540 4687 4010 4754; x_wconf 86' lang='lat' dir='ltr'><strong>exclamemus:</strong></span> <span class='ocrx_word' id='word_1_764' title='bbox 4058 4683 4228 4767; x_wconf 82' lang='lat' dir='ltr'><strong>Quis</strong></span> 
     </span>
    </p>

    <p class='ocr_par' dir='ltr' id='par_1_10' title="bbox 2283 4768 4229 5293">
     <span class='ocr_line' id='line_1_108' title="bbox 2335 4768 4229 4861; baseline -0.005 -13"><span class='ocrx_word' id='word_1_765' title='bbox 2335 4781 2394 4848; x_wconf 85' lang='lat' dir='ltr'><strong>ic</strong></span> <span class='ocrx_word' id='word_1_766' title='bbox 2452 4777 2598 4843; x_wconf 84' lang='lat' dir='ltr'><strong>est?</strong></span> <span class='ocrx_word' id='word_1_767' title='bbox 2668 4778 2904 4861; x_wconf 88' lang='lat' dir='ltr'><strong>quibus</strong></span> <span class='ocrx_word' id='word_1_768' title='bbox 2961 4787 3142 4846; x_wconf 87' lang='lat' dir='ltr'><strong>ortus</strong></span> <span class='ocrx_word' id='word_1_769' title='bbox 3202 4773 3603 4842; x_wconf 81' lang='lat' dir='ltr'><strong>maioribus?</strong></span> <span class='ocrx_word' id='word_1_770' title='bbox 3675 4772 3917 4857; x_wconf 91' lang='lat' dir='ltr'><strong>quibus</strong></span> <span class='ocrx_word' id='word_1_771' title='bbox 3975 4768 4229 4838; x_wconf 87' lang='lat' dir='ltr'><strong>artibus</strong></span> 
     </span>
     <span class='ocr_line' id='line_1_109' title="bbox 2285 4854 4227 4948; baseline -0.006 -17"><span class='ocrx_word' id='word_1_772' title='bbox 2285 4863 2367 4931; x_wconf 87' lang='lat' dir='ltr'><strong>ad</strong></span> <span class='ocrx_word' id='word_1_773' title='bbox 2432 4864 2605 4929; x_wconf 87' lang='lat' dir='ltr'><strong>hanc</strong></span> <span class='ocrx_word' id='word_1_774' title='bbox 2669 4862 3056 4948; x_wconf 86' lang='lat' dir='ltr'><strong>dignitatem</strong></span> <span class='ocrx_word' id='word_1_775' title='bbox 3121 4861 3454 4948; x_wconf 87' lang='lat' dir='ltr'><strong>pervenit:</strong></span> <span class='ocrx_word' id='word_1_776' title='bbox 3533 4868 3730 4944; x_wconf 91' lang='lat' dir='ltr'><strong>atque</strong></span> <span class='ocrx_word' id='word_1_777' title='bbox 3796 4857 3950 4924; x_wconf 89' lang='lat' dir='ltr'><strong>inde</strong></span> <span class='ocrx_word' id='word_1_778' title='bbox 4012 4854 4227 4921; x_wconf 89' lang='lat' dir='ltr'><strong>reiici-</strong></span> 
     </span>
     <span class='ocr_line' id='line_1_110' title="bbox 2284 4943 4228 5034; baseline -0.004 -18"><span class='ocrx_word' id='word_1_779' title='bbox 2284 4949 2438 5018; x_wconf 86' lang='lat' dir='ltr'><strong>endi</strong></span> <span class='ocrx_word' id='word_1_780' title='bbox 2502 4947 2632 5016; x_wconf 92' lang='lat' dir='ltr'><strong>Dei</strong></span> <span class='ocrx_word' id='word_1_781' title='bbox 2697 4950 2996 5034; x_wconf 83' lang='lat' dir='ltr'><strong>gratiam,</strong></span> <span class='ocrx_word' id='word_1_782' title='bbox 3062 4968 3259 5032; x_wconf 90' lang='lat' dir='ltr'><strong>quam</strong></span> <span class='ocrx_word' id='word_1_783' title='bbox 3323 4944 3700 5012; x_wconf 90' lang='lat' dir='ltr'><strong>hominibus</strong></span> <span class='ocrx_word' id='word_1_784' title='bbox 3765 4943 4060 5026; x_wconf 89' lang='lat' dir='ltr'><strong>largitur,</strong></span> <span class='ocrx_word' id='word_1_785' title='bbox 4119 4962 4228 5008; x_wconf 87' lang='lat' dir='ltr'><strong>oc-</strong></span> 
     </span>
     <span class='ocr_line' id='line_1_111' title="bbox 2284 5029 4227 5119; baseline -0.006 -15"><span class='ocrx_word' id='word_1_786' title='bbox 2284 5037 2612 5104; x_wconf 89' lang='lat' dir='ltr'><strong>casionem</strong></span> <span class='ocrx_word' id='word_1_787' title='bbox 2686 5036 3097 5119; x_wconf 89' lang='lat' dir='ltr'><strong>accipiamus.</strong></span> <span class='ocrx_word' id='word_1_788' title='bbox 3184 5032 3286 5099; x_wconf 90' lang='lat' dir='ltr'><strong>Ac</strong></span> <span class='ocrx_word' id='word_1_789' title='bbox 3355 5030 3644 5098; x_wconf 89' lang='lat' dir='ltr'><strong>sciamus</strong></span> <span class='ocrx_word' id='word_1_790' title='bbox 3701 5050 3852 5098; x_wconf 90' lang='lat' dir='ltr'><strong>eum</strong></span> <span class='ocrx_word' id='word_1_791' title='bbox 3915 5029 4227 5094; x_wconf 90' lang='lat' dir='ltr'><strong>honorem</strong></span> 
     </span>
     <span class='ocr_line' id='line_1_112' title="bbox 2286 5113 4228 5206; baseline -0.006 -17"><span class='ocrx_word' id='word_1_792' title='bbox 2286 5143 2410 5206; x_wconf 90' lang='lat' dir='ltr'><strong>quo</strong></span> <span class='ocrx_word' id='word_1_793' title='bbox 2498 5121 2684 5188; x_wconf 90' lang='lat' dir='ltr'><strong>Deus</strong></span> <span class='ocrx_word' id='word_1_794' title='bbox 2765 5121 3063 5187; x_wconf 88' lang='lat' dir='ltr'><strong>homines</strong></span> <span class='ocrx_word' id='word_1_795' title='bbox 3133 5118 3459 5203; x_wconf 88' lang='lat' dir='ltr'><strong>-dignatur</strong></span> <span class='ocrx_word' id='word_1_796' title='bbox 3542 5137 3744 5202; x_wconf 90' lang='lat' dir='ltr'><strong>quum</strong></span> <span class='ocrx_word' id='word_1_797' title='bbox 3824 5114 4035 5180; x_wconf 88' lang='lat' dir='ltr'><strong>sancti</strong></span> <span class='ocrx_word' id='word_1_798' title='bbox 4123 5113 4228 5180; x_wconf 90' lang='lat' dir='ltr'><strong>sui</strong></span> 
     </span>
     <span class='ocr_line' id='line_1_113' title="bbox 2283 5199 4225 5293; baseline -0.005 -19"><span class='ocrx_word' id='word_1_799' title='bbox 2283 5209 2556 5293; x_wconf 89' lang='lat' dir='ltr'><strong>spiritus</strong></span> <span class='ocrx_word' id='word_1_800' title='bbox 2622 5206 2812 5276; x_wconf 90' lang='lat' dir='ltr'><strong>donis</strong></span> <span class='ocrx_word' id='word_1_801' title='bbox 2875 5227 2986 5273; x_wconf 91' lang='lat' dir='ltr'><strong>eos</strong></span> <span class='ocrx_word' id='word_1_802' title='bbox 3052 5202 3270 5286; x_wconf 85' lang='lat' dir='ltr'><strong>donat,</strong></span> <span class='ocrx_word' id='word_1_803' title='bbox 3360 5224 3491 5269; x_wconf 93' lang='lat' dir='ltr'><strong>non</strong></span> <span class='ocrx_word' id='word_1_804' title='bbox 3555 5199 3905 5290; x_wconf 85' lang='lat' dir='ltr'><strong>pervenire</strong></span> <span class='ocrx_word' id='word_1_805' title='bbox 3971 5222 4225 5269; x_wconf 90' lang='lat' dir='ltr'><strong>succes-</strong></span> 
     </span>
    </p>
   </div>
  </div>
 </body>
</html>
