5059 6059
814 327 947 394 423

821 538 967 587 cnm
1002 517 1140 601 filio
1182 516 1346 590 Isai,
1398 535 1507 582 nec
1546 518 1638 582 est

824 605 942 682 bis,
1000 623 1109 668 nec
1165 604 1274 685 qni
1319 602 1648 667 annuntiet
1699 600 1875 666 mihi.
1965 599 2222 681 Quibus
2279 600 2564 682 querelis
2608 600 2770 667 Saul

948 688 1120 754 viter
1161 688 1309 753 illos
1362 708 1592 752 omnes
1648 696 1965 769 tanquam
2024 685 2308 770 perfidos
2361 687 2770 769 perstrinxit.

893 775 1157 860 einceps
1216 784 1436 839 autem
1491 774 1791 856 sequitur
1846 771 2149 855 Doegum
2212 771 2598 837 Idumaeum
2659 773 2772 856 qui

943 862 1133 946 gibus
1176 858 1398 928 Saulis
1487 869 1761 939 raeerat,
1805 857 1994 923 Sauli
2038 857 2404 924 declarasse
2448 879 2518 923 se
2562 857 2772 922 Davi·

869 969 973 1013 em
1017 946 1262 1013 vidisse
1299 946 1370 1010 in
1479 944 1598 1011 obe
1653 943 1827 1028 apud
1871 942 2412 1009 Achimelechum
2470 943 2769 1009 sacerdo·

822 1043 976 1113 tem,
1034 1033 1145 1116 qui
1204 1041 1275 1097 et
1331 1029 1574 1096 cibaria
1615 1030 1739 1114 ipsi
1780 1029 2195 1113 praebuerat,
2251 1037 2317 1095 et
2374 1029 2434 1095 ei
2478 1027 2767 1115 gladium

821 1128 892 1185 et
943 1138 1129 1183 arma
1189 1115 1490 1184 dederat:
1551 1116 1899 1199 Deumque
1957 1134 2077 1198 pro
2129 1115 2275 1200 ipso
2332 1115 2770 1191 consuluerat,

822 1226 911 1270 an
934 1205 1062 1270 iter
1098 1204 1301 1286 ipsius
1335 1201 1740 1280 secundaret,
1787 1212 1856 1266 et
1887 1220 2272 1286 prosperum
2312 1201 2574 1268 faceret.
2621 1199 2773 1281 Qua

821 1289 1036 1376 Doegi
1079 1288 1457 1355 narratione
1502 1286 1721 1354 Saulis
1768 1286 1951 1353 furor
1993 1286 2417 1354 vehementer
2453 1285 2772 1353 adversus

821 1375 1192 1444 sacerdotes
1255 1372 1534 1453 exarsit,
1596 1380 1665 1439 et
1716 1394 1793 1438 eo
1852 1375 2062 1456 usque
2126 1373 2391 1456 quidem
2444 1382 2521 1438 ut
2571 1372 2770 1438 morti

823 1482 1054 1529 omnes
1098 1459 1463 1525 tradiderit.
1517 1459 1648 1525 Hic
1681 1467 1902 1524 autem
1941 1467 2350 1524 terrenorum
2395 1459 2769 1542 principum

825 1547 1366 1614 consuetudinem
1428 1552 1742 1628 tauquam
1802 1546 1868 1609 in
1938 1546 2204 1629 speculo
2260 1565 2610 1628 possumus
2667 1545 2769 1609 in-

823 1634 1017 1715 tueri,
1075 1632 1187 1717 qui
1224 1653 1264 1698 a
1307 1632 1446 1697 suis
1487 1629 1766 1696 subditis
1812 1629 2004 1695 fidem
2052 1630 2173 1695 sibi
2221 1631 2454 1696 volunt
2496 1629 2767 1708 servari,

824 1740 986 1804 quos
1035 1717 1375 1802 pelliciunt
1433 1737 1547 1801 spe
1605 1715 1982 1783 divitiarum
2038 1717 2206 1799 quod
2253 1737 2442 1802 reges
2485 1716 2769 1781 habeant

820 1813 1213 1891 potestatem
1277 1803 1348 1868 in
1406 1822 1561 1869 suos
1622 1802 1935 1868 satellites
1992 1812 2059 1867 et
2112 1802 2451 1869 ministros
2511 1800 2766 1866 ditandi

821 1899 890 1957 et
929 1888 1393 1973 locupletandi.
1468 1887 1564 1954 At
1606 1890 1663 1954 si
1706 1887 1848 1954 solo
1890 1888 2021 1953 isto
2064 1887 2490 1954 fundamento
2535 1887 2771 1952 nititur

821 1976 1109 2043 amicitia
1166 1985 1232 2040 et
1289 1974 1453 2040 fides
1496 1994 1665 2057 quae
1709 1974 1867 2059 ipsis
1911 1972 2201 2053 debetur,
2257 1972 2628 2040 miserrima
2670 1980 2770 2037 est

820 2061 1112 2147 ipsorum
1159 2059 1473 2127 conditio:
1531 2060 1648 2127 sed
1690 2059 1787 2125 ita
1830 2058 2045 2125 solent
2087 2080 2279 2144 reges
2323 2080 2398 2126 ac
2440 2060 2769 2144 principes

820 2168 942 2215 sua
984 2148 1280 2231 potentia
1321 2146 1653 2224 inebriari,
1713 2155 1783 2211 et
1840 2165 1971 2210 non
2029 2153 2392 2229 agnoscunt
2433 2145 2767 2211 meliorem

821 2235 961 2300 fore
1005 2254 1192 2299 suam
1236 2231 1699 2309 conditionem,
1751 2232 1808 2296 si
1853 2233 1920 2296 in
1967 2231 2282 2298 mediocri
2327 2238 2548 2298 essent
2591 2231 2768 2297 vitae

822 2329 1022 2401 statu,
1066 2330 1133 2383 et
1177 2317 1334 2401 quid
1379 2321 1465 2383 sit
1496 2338 1655 2383 vera
1698 2317 1985 2382 amicitia
2029 2318 2229 2401 probe
2268 2326 2553 2384 nossent.
2634 2316 2769 2381 Vix

819 2405 1000 2471 enim
1045 2425 1233 2490 reges
1278 2421 1355 2469 ac
1400 2404 1727 2486 principes
1771 2402 1894 2468 sibi
1926 2402 2207 2486 aliquem
2254 2405 2537 2469 amicum
2582 2423 2767 2485 repe·

724 2525 731 2532 ·
821 2492 1024 2568 riunt,
1080 2501 1146 2556 et
1200 2489 1443 2554 amicos
1503 2490 1673 2554 ferre
1731 2510 1859 2554 non
1918 2498 2216 2572 possunt.
2310 2487 2442 2556 Sed
2487 2487 2770 2554 oderunt

817 2578 1040 2661 potius
1084 2577 1138 2641 si
1183 2576 1293 2659 qui
1338 2577 1514 2659 ipsos
1538 2597 1626 2639 ex
1647 2576 1865 2641 animo
1903 2574 2201 2659 diligant,
2242 2583 2311 2640 et
2338 2596 2450 2641 eos
2485 2575 2767 2640 fortunis

819 2662 1123 2730 omnibus
1155 2670 1485 2745 evertunt,
1530 2682 1659 2726 nou
1697 2661 2149 2744 permittentes
2184 2681 2554 2745 quenquam
2583 2668 2768 2726 tanta

818 2751 1035 2834 gratia
1090 2768 1162 2813 se
1206 2747 1427 2812 valere
1485 2747 1656 2830 apud
1713 2748 1888 2830 ipsos
1947 2747 2327 2812 existimare
2385 2757 2461 2813 ut
2515 2747 2768 2813 amicus

817 2835 994 2921 regis
1035 2834 1310 2901 dicatur.
1371 2834 1589 2917 Reges
1623 2833 1886 2917 quidem
1923 2833 2179 2917 aliquos
2222 2832 2494 2918 diligere
2539 2832 2768 2899 dicun·

817 2930 961 2987 tur:
1021 2921 1134 2986 sed
1194 2940 1359 3003 quae
1417 2940 1576 2986 vera
1632 2920 1718 2986 sit
1772 2920 2059 2985 amicitia
2116 2938 2385 3002 prorsus
2440 2920 2768 3004 ignorant,

818 3008 944 3075 hoc
990 3006 1209 3072 Saulis
1247 3006 1636 3090 principium
1683 3007 2059 3082 retinentes,
2118 3024 2317 3088 penes
2375 3026 2445 3072 se
2489 3025 2633 3072 esse
2675 3005 2769 3069 fa·

818 3094 1128 3159 cultatem
1198 3092 1539 3158 ministros
1609 3112 1763 3157 suos
1827 3091 2308 3176 locupletandi,
2373 3100 2441 3157 et
2504 3091 2768 3156 illorum

817 3180 1173 3245 amicitiam
1217 3179 1698 3244 benefactorum
1737 3176 2135 3261 obligatione
2173 3178 2573 3260 acquirendi.
2634 3174 2770 3243 Sed

818 3274 896 3330 ut
929 3273 1083 3330 ante
1119 3262 1255 3328 dixi
1296 3262 1487 3330 valde
1524 3262 1863 3329 infirmum
1899 3272 2004 3328 est
2036 3262 2209 3330 istud
2246 3264 2767 3330 fundamentum.

818 3350 990 3417 Nam
1034 3353 1143 3434 qui
1181 3350 1353 3416 solas
1391 3350 1656 3416 divitias
1692 3358 1760 3415 et
1795 3369 1951 3432 opes
1994 3350 2265 3432 quaerit,
2309 3351 2376 3415 in
2411 3350 2608 3416 horas
2632 3370 2768 3414 mu-

822 3439 950 3502 tari
1009 3443 1257 3518 potest,
1324 3444 1391 3500 et
1447 3435 1642 3501 fidem
1706 3434 1925 3500 datam
1988 3457 2251 3501 servare
2296 3437 2460 3502 solet
2518 3434 2770 3501 tamdiu

826 3519 1139 3604 quamdiu
1177 3521 1315 3588 suis
1359 3519 1715 3588 commodis
1758 3520 2154 3587 conveniens
2200 3529 2334 3588 est:
2376 3521 2491 3588 sed
2537 3524 2592 3587 si
2635 3542 2772 3587 me·

824 3608 952 3673 lior
987 3607 1346 3673 occurrerit
1379 3606 1633 3673 occasio
1669 3606 2007 3673 faciendae
2043 3608 2140 3671 rei
2167 3616 2438 3692 repente
2460 3615 2772 3686 mutatur,

824 3693 1137 3777 quoniam
1173 3692 1354 3758 hunc
1378 3701 1634 3758 tantum
1673 3692 1795 3759 sibi
1833 3714 2100 3777 scopum
2140 3695 2460 3777 proponit,
2508 3704 2584 3758 ut
2617 3715 2773 3778 opes

825 3788 895 3845 et
936 3779 1216 3865 gratiam
1261 3799 1337 3845 ac
1379 3779 1658 3844 honores
1716 3780 1839 3846 sibi
1883 3791 2233 3863 comparet.
2321 3780 2629 3863 Denique
2671 3781 2772 3845 vi-

829 3865 1064 3930 demus
1087 3874 1382 3930 terrenos
1404 3866 1730 3949 principes
1767 3885 1902 3930 non
1931 3885 2120 3947 posse
2160 3866 2516 3949 tranquillo
2553 3866 2773 3931 animo

829 3972 993 4029 esse,
1039 3958 1108 4016 et
1150 3952 1603 4034 conquiescere
1647 3954 1713 4015 in
1761 3950 2172 4031 satellitibus,
2218 3972 2497 4035 quorum
2523 3952 2775 4036 aliquos

826 4057 1088 4121 semper
1131 4037 1430 4103 inimicos
1489 4037 1611 4106 sibi
1656 4038 1792 4103 fore
1847 4038 2283 4120 suspicantur,
2344 4058 2512 4121 quae
2557 4047 2774 4103 tamen

829 4123 1251 4207 quantumvis
1311 4124 1552 4188 misera
1609 4122 1894 4189 conditio
1952 4125 2046 4190 sic
2105 4125 2238 4190 illis
2296 4125 2526 4208 placet,
2588 4135 2655 4188 et
2697 4144 2775 4188 ea

828 4210 1239 4276 delectantur
1280 4229 1416 4275 non
1477 4229 1663 4275 secus
1720 4232 1795 4275 ac
1850 4210 1908 4274 si
1966 4211 2113 4293 quis
2167 4219 2470 4295 aegrotus
2526 4209 2770 4275 malum

827 4317 1018 4363 suum
1067 4297 1287 4363 foveat
1327 4303 1393 4360 et
1437 4303 1670 4377 sponte
1714 4304 1973 4379 augeat.
2057 4297 2333 4361 Terreni
2376 4298 2555 4361 enim
2599 4295 2777 4378 prin-

828 4382 1004 4465 cipes
1047 4403 1184 4447 non
1228 4381 1441 4447 solum
1497 4380 1710 4446 solent
1752 4401 2067 4463 quaerere
2112 4383 2355 4449 amicos
2404 4381 2773 4466 largitioni-

828 4468 951 4534 bus
1010 4479 1077 4532 et
1135 4468 1391 4551 magnis
1451 4466 1713 4550 opibus:
1774 4467 1886 4533 sed
1947 4468 2211 4533 illorum
2263 4469 2460 4534 etiam
2507 4468 2775 4551 explere

826 4555 1214 4631 satietatem,
1272 4553 1658 4636 nullumque
1727 4556 1927 4618 finem
1986 4553 2236 4619 ditandi
2295 4556 2473 4637 ipsos
2538 4554 2772 4633 facere,

828 4663 912 4706 ue
981 4639 1240 4722 quando
1311 4641 1600 4722 ipsorum
1670 4640 1956 4707 amicitia
2033 4641 2430 4724 refrigescat.
2542 4640 2772 4724 Itaque

830 4747 1089 4811 semper
1131 4726 1415 4809 aliquem
1458 4727 1614 4809 ipsis
1657 4723 1875 4791 bolum
1936 4725 2005 4790 in
2052 4747 2122 4792 os
2165 4727 2462 4792 iniiciant
2506 4747 2771 4792 necesse

830 4823 948 4892 est,
993 4824 1299 4895 tanquam
1346 4812 1615 4877 canibus
1653 4812 1985 4892 famelicis,
2031 4833 2113 4877 ne
2145 4812 2507 4877 mordeant.
2554 4813 2773 4895 Atque

830 4898 989 4965 haec
1035 4908 1134 4965 est
1179 4897 1548 4981 principum
1594 4896 2012 4977 consuetude,
2058 4918 2428 4982 quanquam
2474 4898 2530 4964 si
2577 4919 2770 4982 quae-

828 5004 938 5050 ras
982 5005 1063 5049 ex
1122 4985 1303 5067 ipsis,
1359 4985 1723 5067 probentne
1781 4983 2149 5049 istiusmodi
2210 4984 2548 5060 amicitias,
2605 5005 2772 5067 quae

832 5070 970 5134 sola
1029 5071 1308 5136 utilitate
1366 5079 1789 5153 quaeruntur,
1861 5070 2290 5135 vehementer
2348 5071 2767 5153 negaverint:

830 5165 896 5222 et
939 5156 996 5222 si
1035 5176 1329 5237 quaeras,
1377 5156 1663 5222 velintne
1711 5157 1948 5222 vitium
1992 5156 2166 5221 istud
2211 5157 2470 5241 corrigi,
2515 5177 2769 5222 asseve-

830 5243 1073 5308 rarint:
1107 5242 1221 5306 sed
1245 5242 1669 5308 nihilominus
1694 5252 1915 5306 tamen
1942 5242 2246 5308 inebriati
2270 5264 2390 5308 sua
2415 5244 2768 5309 autoritate

2431 325 2848 395 HOMILIA
2890 324 3186 392 LXXX.
4654 329 4745 394 424

1677 515 1789 597 Qui
1820 514 2015 580 vicem
2057 533 2261 579 nicam
2301 514 2506 581 doleat
2546 535 2622 581 ex
2664 534 2767 581 vo-
2880 522 2945 580 et
2963 514 3278 617 potentia,
3302 522 3583 600 pergant
3603 515 3674 580 in
3693 514 4019 581 instituto.
4045 514 4400 582 anterum
4424 514 4630 596 quales
4642 525 4755 583 sunt

2877 621 3231 686 principes,
3255 601 3418 668 tales
3437 609 3596 667 sunt
3610 600 3809 666 etiam
3832 601 4124 683 ipsorum
4150 599 4486 677 satellites,
4509 601 4759 669 nimirum

2876 707 3157 770 quorum
3182 688 3307 754 hoc
3329 706 3537 753 unum
3564 695 3665 753 est
3694 684 4007 766 studium,
4048 697 4120 752 ut
4150 688 4537 753 miserorum
4577 687 4754 771 opibus

2875 772 3155 852 inhient,
3195 782 3262 838 et
3286 793 3544 856 semper
3568 792 3861 855 expansa
3883 771 4051 838 retia
4071 773 4155 838 ad
4179 771 4489 857 praedam
4512 772 4757 851 habeant,

2874 857 3028 925 licet
3048 880 3164 944 spe
3184 878 3305 924 sua
3326 879 3519 941 saepe
3543 857 3862 936 decidant,
3902 868 3969 924 et
3988 879 4100 926 eos
4132 858 4350 943 opinio
4385 877 4509 923 sua
4539 858 4757 925 husus·

2875 952 3019 1009 tur:
3065 965 3217 1010 nam
3261 965 3456 1028 saepe
3490 945 3565 1010 fit
3607 951 3682 1009 ut
3716 943 3914 1009 multi
3948 965 4089 1011 sese
4117 946 4295 1028 ipsos
4338 943 4681 1022 absumant,
4712 955 4761 1012 et

2873 1030 3217 1097 facultates
3240 1051 3395 1097 suas
3417 1029 3549 1095 dila
3596 1030 3781 1095 ident
3801 1052 3916 1115 spe
3949 1031 4089 1096 sola
4110 1030 4499 1116 dignitatem
4530 1030 4759 1113 aliquam

2872 1117 3151 1181 aulicam
3197 1116 3531 1199 adipiscen
3580 1118 3634 1181 i:
3679 1124 3755 1181 ut
3787 1116 3942 1181 inde
3978 1126 4204 1183 natum
4240 1118 4329 1182 sit
4365 1115 4762 1199 proverbium:

2869 1200 2951 1266 In
2998 1202 3167 1268 aulis
3206 1203 3580 1286 principum
3625 1221 3906 1287 regnare
3947 1203 4296 1282 fortunam,
4356 1200 4533 1285 quod
4572 1203 4631 1266 in
4668 1201 4764 1269 inin

2874 1309 3114 1373 magna
3172 1289 3560 1373 plerumque
3616 1287 3706 1353 sit
3761 1289 4073 1373 confusio,
4132 1288 4279 1355 aliis
4340 1289 4425 1354 ad
4487 1309 4763 1353 summum

2871 1374 3147 1457 gradum
3183 1374 3521 1459 dignitatis
3562 1373 4113 1458 pervenientibus,
4159 1374 4304 1440 aliis
4340 1384 4561 1439 autem
4596 1373 4666 1437 ad
4694 1375 4767 1438 iu·

2870 1460 3100 1526 fimum
3143 1480 3350 1544 usque
3395 1459 3753 1544 depressis:
3798 1480 4074 1544 quarum
4112 1471 4334 1525 tamen
4370 1461 4766 1525 mutationum

2870 1566 3068 1612 causa
3111 1546 3333 1630 ignota
3376 1555 3478 1611 est
3520 1545 3917 1627 hominibus,
3975 1546 4088 1612 sed
4134 1548 4214 1612 ab
4258 1545 4639 1611 admirando
4677 1544 4771 1611 Dei

2869 1632 3140 1699 consilio
3197 1641 3572 1716 promanat,
3643 1633 3753 1715 qui
3822 1632 3996 1698 ridet
4052 1632 4479 1698 ambitionem
4543 1630 4771 1696 istorum

2869 1719 2981 1801 qui
3024 1719 3234 1784 multa
3276 1719 3502 1784 ferunt
3544 1717 3974 1796 incommoda,
4016 1719 4385 1802 multosque
4434 1718 4676 1784 labores
4711 1715 4771 1781 ad

2951 1805 3150 1869 atiam
3214 1805 3339 1870 sibi
3398 1804 3869 1870 conciliandam
3928 1804 4102 1888 apud
4162 1805 4517 1887 principes,
4580 1802 4773 1886 quibus

2895 1889 3107 1956 icebat
3172 1889 3346 1956 domi
3404 1891 3611 1955 beatis
3671 1910 3852 1968 esse,
3913 1903 3983 1955 et
4044 1891 4357 1974 quaesitis
4413 1891 4606 1954 bonis
4661 1890 4770 1953 frui.

2869 1976 3056 2042 Deus
3098 1977 3366 2059 inquam
3421 1978 3690 2041 istorum
3739 1975 4160 2041 ambitionem
4205 1992 4275 2041 et
4330 1975 4653 2041 honorum
4689 1995 4773 2040 cu·

2868 2060 3209 2146 piditatem
3232 2060 3421 2141 ridet,
3458 2082 3659 2146 quum
3696 2062 3907 2144 multa
3939 2061 4178 2126 damna
4200 2063 4374 2144 ipsos
4410 2061 4568 2144 pati,
4604 2071 4662 2124 et
4690 2080 4772 2142 op-

2869 2147 3133 2232 probria
3177 2148 3519 2224 sustinere,
3582 2159 3648 2213 et
3702 2159 4011 2231 tanquam
4073 2149 4346 2213 miseros
4403 2148 4481 2211 in
4539 2146 4775 2211 vinculis

2870 2234 3159 2316 torqueri
3214 2253 3492 2316 suasque
3534 2234 3873 2300 facultates
3929 2233 4270 2299 absumere
4330 2235 4678 2317 permittit,
4726 2243 4775 2295 ut

2872 2320 3058 2386 Deus
3101 2318 3469 2385 istiusmodi
3513 2320 3830 2402 exemplis
3872 2322 4048 2403 ipsos
4092 2319 4365 2385 erudiat.
4427 2319 4617 2385 Alios
4653 2337 4775 2383 vcro

2872 2405 3057 2471 Deus
3099 2406 3298 2470 etiam
3345 2405 3690 2488 aliquando
3749 2415 4096 2489 promovet
4139 2405 4217 2471 ad
4266 2426 4566 2471 summos
4620 2405 4777 2468 hono·

2872 2513 2996 2570 res,
3042 2501 3109 2557 et
3151 2491 3457 2556 maximis
3501 2490 3752 2556 divitiis
3795 2500 3865 2555 et
3901 2491 4135 2575 opibus
4172 2501 4392 2576 auget,
4441 2491 4670 2557 deinde
4696 2488 4776 2554 de-

2871 2576 3268 2661 primendos,
3313 2585 3379 2641 et
3415 2578 3483 2642 in
3521 2588 3977 2662 paupertatem
4003 2577 4415 2662 redigendos.
4465 2576 4657 2658 Quod
4680 2595 4776 2640 non

2871 2664 3088 2747 aliquo
3134 2684 3293 2728 sane
3338 2663 3641 2731 fortunae
3681 2684 3838 2730 casu
3881 2663 4157 2729 volubili
4195 2664 4457 2744 accidit,
4502 2664 4613 2727 sed
4658 2680 4777 2744 que·

2870 2751 3049 2814 niam
3093 2750 3202 2814 isti
3245 2748 3546 2814 homines
3580 2749 3937 2816 ambitione
3979 2761 4046 2815 et
4096 2751 4427 2815 honorum
4466 2747 4779 2833 cupiditate

2872 2838 3190 2919 flagrant:
3249 2836 3434 2901 Deus
3491 2835 3641 2900 illos
3686 2835 4041 2901 honoribus
4086 2837 4338 2921 explet:
4404 2847 4477 2899 et
4519 2837 4779 2919 quoniam

2873 2922 3147 2987 avaritia
3190 2921 3571 3006 inexplebili
3614 2922 3935 2998 laborant,
3994 2921 4129 2987 illis
4172 2922 4367 2987 etiam
4420 2942 4645 2987 rerum
4684 2939 4782 2985 om-

2872 3008 3060 3073 nium
3118 3006 3586 3073 abundantiam
3645 3015 3711 3073 et
3755 3008 4002 3090 copiam
4062 3007 4482 3092 suppeditat:
4539 3019 4617 3072 ut
4651 3008 4781 3089 ipso-

2872 3115 3022 3159 rum
3069 3095 3446 3177 arrogantia
3488 3101 3838 3171 crescente,
3883 3103 3949 3158 et
3993 3094 4102 3160 siti
4130 3115 4206 3161 ac
4249 3092 4584 3160 desiderio
4624 3089 4783 3157 facul·

2873 3188 3081 3246 tatum
3106 3178 3709 3262 amplificandarum
3738 3180 3951 3264 magis
3970 3182 4313 3264 flagrante,
4357 3180 4434 3245 in
4464 3180 4600 3245 illis
4619 3177 4782 3241 maius

2873 3265 3151 3332 exitium
3198 3265 3562 3332 inveniant.
3653 3265 3818 3332 Inde
3877 3267 3952 3331 fit
4004 3277 4080 3332 ut
4121 3267 4191 3331 in
4233 3265 4404 3332 aulis
4452 3265 4781 3349 principum

2872 3361 3059 3418 tanta
3101 3353 3346 3435 passim
3406 3360 3641 3436 regnet
3697 3352 4018 3431 confusio:
4076 3372 4277 3436 quum
4335 3351 4460 3416 alii
4520 3352 4660 3417 sine
4694 3366 4783 3413 sua

2873 3439 3117 3506 virtute
3162 3437 3246 3502 ad
3291 3437 3571 3503 honores
3618 3439 4006 3517 evehuntur,
4067 3438 4179 3502 alii
4221 3457 4389 3504 vero
4438 3439 4553 3521 qui
4598 3432 4782 3501 officiis

2873 3524 3101 3590 multis
3153 3523 3266 3588 diu
3328 3533 3722 3606 prensarunt
3778 3525 3944 3590 istos
4003 3525 4284 3591 honores
4326 3524 4707 3591 reiiciantur
4736 3525 4783 3583 et

2874 3619 3396 3677 contemnantur.
3480 3609 3661 3675 Hinc
3716 3609 3869 3675 illae
3912 3610 4309 3675 mutationes
4352 3620 4430 3675 et
4474 3606 4781 3675 revolutio·

2876 3717 3011 3777 nes,
3070 3703 3147 3760 ut
3206 3697 3441 3761 merito
3477 3695 3719 3761 dixisse
3778 3695 4044 3779 quidam
4102 3696 4258 3761 olim
4310 3698 4499 3761 inter
4540 3694 4785 3761 ethnicos

2875 3780 3178 3848 videatur
3232 3781 3475 3847 aulicos
3534 3802 3676 3847 esse
3717 3782 4000 3861 calculis,
4058 3802 4337 3864 quorum
4401 3803 4568 3848 usus
4618 3791 4705 3846 est
4736 3778 4783 3841 in

2876 3867 3313 3936 subducendis
3353 3867 3738 3944 rationibus,
3799 3868 4184 3946 simillimos,
4244 3868 4357 3950 qui
4408 3867 4608 3933 modo
4648 3885 4785 3931 sum·

2877 3976 3051 4021 mam
3095 3954 3448 4038 ingentem,
3509 3964 3669 4036 puta
3714 3954 3912 4031 mille,
3971 3955 4075 4021 vel
4123 3952 4347 4019 decem
4396 3954 4675 4018 millium
4712 3967 4783 4015 co·

2878 4048 3278 4121 renatorum,
3337 4039 3529 4104 modo
3590 4060 3745 4104 vero
3788 4060 4081 4122 parvam,
4134 4050 4312 4122 puta,
4375 4039 4587 4106 unius
4636 4055 4782 4103 num·

2876 4127 3040 4192 muli
3086 4127 3351 4193 faciunt.
3419 4126 3672 4191 Eadem
3715 4126 4075 4192 aulicorum
4124 4127 4307 4204 ratio,
4357 4126 4707 4210 dignitates
4737 4129 4783 4184 et

2876 4213 3159 4278 honores
3198 4211 3647 4293 ambientium,
3692 4221 3765 4276 ut
3800 4213 4011 4295 gratia
4050 4221 4116 4277 et
4150 4211 4521 4277 autoritate
4552 4210 4783 4276 multum

2875 4299 3157 4363 valeant.
3246 4297 3571 4381 Denique,
3632 4309 3702 4362 ut
3752 4298 3907 4378 dixi,
3952 4299 4283 4381 principes
4326 4308 4397 4362 et
4444 4319 4637 4382 reges
4672 4313 4783 4376 spo·

2876 4393 3029 4449 rant
3071 4406 3140 4449 se
3178 4384 3246 4447 in
3285 4382 3414 4448 fide
3451 4384 3786 4449 ministros
3824 4405 3977 4451 suos
4015 4392 4410 4463 retenturos,
4462 4381 4631 4467 quod
4651 4377 4782 4446 mul·

2875 4473 2961 4536 tis
3004 4469 3358 4536 benefactis
3391 4490 3501 4535 eos
3537 4471 3661 4535 sibi
3698 4470 4148 4535 devinxerint:
4194 4478 4264 4535 et
4293 4469 4593 4536 vicissim
4634 4465 4781 4532 aulim‘

2876 4558 3157 4622 ministri
3217 4575 3478 4638 semper
3522 4555 3589 4620 in
3636 4557 3943 4638 praedam
4000 4557 4233 4622 intenti
4291 4565 4475 4637 sunt,
4536 4570 4602 4620 et
4650 4554 4783 4618 hune

2877 4645 3138 4708 unicum
3186 4641 3482 4707 laborum
3528 4640 3650 4706 sibi
3698 4662 3960 4726 scopum
4006 4651 4419 4727 proponunt:
4470 4651 4659 4725 atque
4695 4635 4783 4702 hoe

2873 4729 3164 4796 studium
3211 4727 3477 4792 unicum
3525 4729 3811 4809 ipsorum
3859 4739 3987 4793 est:
4033 4751 4109 4794 ac
4132 4728 4408 4813 proinde
4448 4748 4653 4812 neque
4680 4725 4781 4789 sin·

2873 4835 3020 4882 cero
3064 4834 3284 4880 amore
3345 4813 3671 4896 principes
3728 4823 3797 4879 et
3849 4814 4145 4904 dominos
4189 4835 4341 4880 suos
4386 4814 4781 4898 complectun-

2874 4911 3013 4978 tur,
3085 4921 3296 4985 neque
3363 4898 3557 4965 fidem
3613 4902 3695 4966 iis
3760 4909 4030 4966 servant
4094 4902 4289 4967 officii
4356 4904 4640 4966 ratione:
4696 4890 4777 4960 sed

2874 5009 3067 5071 opum
3105 4997 3172 5051 et
3215 4986 3596 5051 facultatum
3641 4986 4078 5071 cogendarum
4123 5008 4239 5071 spe
4284 4997 4351 5052 et
4396 4987 4743 5070 cupiditate.

3045 5077 3266 5155 Atque
3310 5072 3481 5138 istud
3528 5073 3713 5138 nobis
3758 5072 3975 5138 verbis
4011 5073 4142 5139 illis
4174 5071 4396 5139 Saulis
4444 5088 4775 5162 repr-sesa?-

2874 5167 3084 5236 tatur,
3167 5159 3402 5242 quibus
3480 5158 3618 5224 suis
3685 5159 4106 5242 stipatoribus
4172 5158 4517 5242 perfidiam
4583 5155 4776 5223 obiicit.

2873 5266 3075 5330 quum
3124 5246 3247 5310 ait:
3304 5243 3561 5311 Vobisne
3601 5244 3782 5326 filius
3827 5246 3973 5312 Isai
4006 5245 4178 5312 dabit
4223 5265 4412 5331 ayros
4462 5251 4521 5310 et
4562 5237 4773 5307 vineas-²
