5059 6059
261 370 368 435 257

258 560 362 623 hoc
394 556 521 621 loco
557 553 740 619 facile
775 555 1157 640 colligimus,
1202 577 1333 621 non
1370 576 1596 623 omnes
1631 558 1946 622 amicitias
1983 577 2139 623 con-

257 642 546 719 demnari,
606 650 682 705 ut
735 642 927 706 multi
983 642 1264 720 fanatici,
1323 642 1479 707 dum
1533 643 1735 707 videri
1792 644 2017 708 volunt
2060 641 2140 706 ad

259 747 553 794 summam
592 726 914 808 quandam
952 728 1307 805 scientiam,
1344 741 1410 792 et
1444 728 1521 792 ad
1557 729 1920 812 angelicum
1944 749 2141 810 quau-

256 815 389 878 dam
422 802 873 896 perfectionem
914 814 1183 891 venisse,
1229 813 1462 879 docent
1488 826 1783 896 oportere
1807 814 2140 897 aequalem

256 921 380 965 esse
441 918 593 981 erga
650 916 875 962 omnes
931 901 1301 980 natitatem,
1366 914 1429 965 et
1487 899 1768 982 reliquas
1826 899 2144 965 amicitias

259 985 366 1051 Dei
427 984 552 1066 legi
613 1003 994 1066 repugnare.
1080 984 1219 1050 Nae
1277 983 1637 1050 istiusmodi
1696 985 1989 1049 homines
2031 982 2143 1048 ad-

257 1090 462 1135 versus
528 1069 741 1151 ipsum
812 1069 1025 1134 Deum
1093 1090 1383 1154 pugnare
1451 1071 1615 1135 velle
1680 1069 2003 1147 videntur,
2078 1079 2145 1135 et

251 1156 483 1222 coelum
546 1166 756 1218 terrae
815 1156 1240 1220 commiscere.
1329 1155 1763 1236 Quamobrem
1822 1154 2144 1220 discamus

251 1245 363 1307 ista
416 1241 588 1305 iuter
643 1260 713 1303 se
756 1239 1024 1305 minime
1066 1261 1376 1325 pugnare,
1437 1261 1661 1305 omnes
1706 1260 1924 1306 amore
1966 1260 2142 1306 com-

249 1326 446 1410 plecti,
486 1336 561 1389 ut
601 1323 784 1388 Deus
829 1326 1024 1403 iubet,
1069 1337 1134 1391 et
1179 1337 1395 1391 tamen
1439 1325 1796 1409 peculiares
1832 1325 2142 1411 quasdam

247 1413 549 1477 amicitias
592 1421 660 1474 et
702 1412 1009 1475 arctiores
1052 1433 1198 1477 cum
1235 1411 1615 1494 quibusdam
1651 1412 1889 1477 colere:
1936 1431 2143 1493 neque

247 1498 446 1561 Deum
493 1495 856 1579 improbare
901 1498 954 1561 si
1000 1498 1141 1579 quis
1185 1496 1661 1563 necessitudine
1727 1497 1943 1579 aliqua
1987 1516 2140 1560 con-

243 1586 549 1666 iungatur
613 1602 761 1647 cum
826 1602 901 1647 eo
966 1602 1160 1664 quem
1224 1583 1346 1648 sibi
1414 1603 1665 1646 morum
1724 1579 2143 1648 similitudine

245 1688 450 1751 parem
513 1667 843 1749 repererit,
908 1668 1168 1748 quicum
1214 1688 1334 1733 sua
1375 1667 1645 1733 consilia
1685 1667 2144 1732 communicet:

239 1752 419 1817 modo
487 1754 843 1817 retineatur
907 1756 974 1815 in
1039 1754 1181 1818 istis
1238 1751 1497 1818 modus:
1565 1763 1630 1817 et
1688 1775 1769 1818 ne
1827 1752 2146 1818 amicitiae

243 1848 574 1922 praetextu
619 1838 806 1902 alteri
851 1857 1210 1917 noceamus,
1255 1859 1447 1920 quem
1492 1836 1767 1904 candide
1812 1836 2146 1903 uobiscum

239 1945 425 2008 agere
481 1923 867 1988 viderimus:
942 1933 1008 1986 et
1064 1944 1145 1988 ue
1204 1924 1483 2007 reliquos
1537 1922 1982 2006 despiciamus,
2038 1924 2146 2004 qui

240 2032 363 2074 non
422 2020 623 2075 erunt
677 2007 1010 2073 nobiscum
1070 2018 1203 2073 tam
1257 2021 1435 2074 arcta
1475 2008 1950 2074 necessitudine
1992 2029 2145 2073 cou-

238 2095 457 2177 iuucti‚
530 2105 643 2158 aut
700 2094 882 2176 parvi
941 2116 1095 2177 prae
1151 2094 1292 2159 istis
1348 2093 1771 2159 familiaribus
1812 2094 2144 2159 faciamus.

241 2180 411 2247 Sane
469 2182 529 2246 si
574 2180 718 2244 istis
761 2179 1094 2245 affectibus
1141 2180 1563 2255 moderemur,
1622 2190 1689 2244 et
1729 2199 1919 2262 quam
1965 2179 2147 2261 posui

237 2267 530 2349 regulam
592 2286 956 2348 sequamur,
1018 2266 1226 2329 Deum
1283 2286 1414 2329 non
1473 2265 1835 2348 improbare
1894 2276 2148 2329 nostras

236 2353 556 2417 amicitias
599 2350 927 2414 sciendum
975 2364 1091 2414 est.

401 2437 757 2502 Praeterea
820 2436 1114 2518 sequitur
1170 2433 1435 2500 Saulem
1490 2455 1707 2500 secum
1768 2434 2149 2500 assumsisse

237 2520 582 2598 Davidem,
628 2520 729 2586 his
773 2521 1016 2586 verbis:
1067 2521 1353 2602 Tulitque
1394 2541 1533 2584 eum
1577 2518 1738 2585 Saul
1776 2521 1847 2584 in
1879 2520 1982 2585 die
2015 2519 2149 2595 illa,

232 2615 285 2673 et
337 2628 463 2674 non
524 2606 812 2672 concessit
869 2607 928 2671 ei
981 2611 1048 2671 ut
1102 2610 1495 2671 reverteretur
1553 2606 1621 2669 in
1661 2606 1909 2670 domum
1940 2605 2152 2686 patris

231 2694 349 2758 sui.
446 2693 631 2774 Quin
690 2694 882 2755 etiam
927 2693 1141 2774 posuit
1179 2711 1316 2755 eum
1355 2710 1541 2773 super
1584 2691 1753 2756 viros
1793 2690 1962 2755 belli.-
2020 2711 2148 2755 nou

232 2777 496 2861 quidem
557 2780 1012 2860 imperatorem
1070 2779 1390 2842 exercitus
1433 2776 1603 2855 fecit,
1660 2796 1810 2839 nam
1855 2786 1929 2840 ut
1971 2775 2149 2840 vide-

235 2866 454 2929 bimus
530 2861 750 2927 Abner
814 2864 1194 2944 dignitatem
1261 2881 1515 2944 semper
1577 2862 1848 2926 retinuit
1912 2861 2150 2926 summi

231 2950 412 3014 ducis
460 2959 533 3013 et
575 2949 999 3030 imperatoris.
1091 2949 1334 3012 Verum
1380 2955 1595 3012 tamen
1639 2946 1857 3010 David
1895 2945 2152 3029 quibus-

233 3036 377 3100 dam
426 3035 635 3117 copiis
670 3034 1028 3114 praefectus
1062 3033 1202 3097 fuit.
1291 3031 1548 3096 Deinde
1587 3030 1745 3097 Saul
1782 3032 1920 3097 eius
1956 3052 2151 3113 opera

228 3123 295 3186 iu
333 3121 569 3186 multis
599 3141 754 3184 usus
790 3128 904 3196 est,
942 3117 1314 3201 dimisitque
1349 3115 1429 3180 ad
1469 3121 1685 3182 omnia
1718 3139 1836 3182 sua
1871 3118 2147 3200 negotia,

229 3207 471 3289 quibus
531 3205 630 3268 illi
689 3204 965 3287 gratiam
1021 3214 1086 3269 et
1144 3204 1554 3268 autoritatem
1613 3201 1781 3285 apud
1842 3202 2147 3286 populum

225 3292 628 3357 conciliaret.
720 3290 797 3352 ln
841 3290 982 3353 istis
1026 3300 1244 3353 autem
1290 3288 1524 3353 dicitur
1569 3287 1783 3352 David
1829 3309 1970 3353 sese
2003 3309 2148 3370 ges-

225 3382 391 3441 sisse
437 3376 805 3458 prudenter,
863 3395 1027 3456 quae
1073 3395 1197 3439 vox
1243 3375 1310 3438 in
1356 3373 1634 3438 hebraea
1674 3372 1898 3456 lingua
1941 3372 2147 3457 dupli·

224 3484 363 3528 cem
405 3460 612 3527 habet
645 3461 1208 3543 significationem.
1297 3459 1591 3523 Primum
1629 3460 1798 3523 enim
1838 3460 2151 3541 accipitur

223 3569 344 3631 pro
391 3548 729 3630 sapienter
771 3565 840 3610 se
883 3562 1142 3629 gerere:
1186 3555 1252 3610 et
1296 3543 1525 3608 deiude
1568 3565 1684 3626 pro
1720 3544 1966 3610 felicem
2002 3565 2149 3608 suc-

222 3654 489 3700 cessum
529 3632 782 3696 habere.
871 3630 1037 3694 Nam
1076 3630 1234 3696 haec
1268 3628 1394 3694 duo
1430 3628 1595 3693 solet
1632 3629 1808 3693 Deus
1843 3631 1907 3693 in
1945 3629 2149 3694 servis

214 3720 356 3784 suis
403 3718 841 3800 coniungere:
908 3736 1140 3797 nempe
1182 3717 1250 3778 in
1299 3715 1491 3778 rebus
1538 3714 1836 3797 gerendis
1877 3712 2153 3797 prudeu-

208 3806 397 3880 tiam,
473 3816 544 3868 et
586 3802 831 3866 felicem
878 3821 1245 3865 successum
1293 3801 1666 3881 exitumque
1708 3800 2146 3864 consiliorum.

209 3891 460 3974 Itaque
502 3909 628 3951 vox
665 3887 967 3952 Hebraea
1002 3886 1343 3968 aliquando
1382 3905 1495 3967 pro
1531 3884 1838 3948 felicitate
1874 3896 1940 3948 et
1975 3905 2151 3964 pros·

215 3979 510 4059 peritate
532 3973 831 4037 sumitur.
895 3973 1188 4053 Denique
1218 3969 1532 4036 Davidem
1564 3968 1806 4033 indicat
1830 3969 2151 4051 scriptura

210 4074 355 4126 tam
404 4058 771 4143 prudenter
816 4058 1073 4140 negotia
1109 4056 1326 4121 Saulis
1363 4056 1864 4132 administrasse,
1911 4066 1985 4117 ut
2018 4054 2148 4120 fac-

213 4159 323 4212 tus
388 4147 490 4211 sit
547 4143 845 4208 omuibus
903 4143 1167 4220 amicus,
1225 4153 1291 4205 et
1334 4160 1479 4204 cum
1525 4139 1725 4205 Saule
1769 4141 2153 4204 remanserit

209 4253 350 4297 non
411 4230 700 4312 amplius
745 4248 1043 4292 reversus
1088 4226 1346 4291 domum
1390 4234 1743 4309 paternam.
1833 4225 1978 4290 Etsi
2020 4226 2149 4290 iam

210 4320 500 4384 fovebat
536 4316 751 4378 animo
790 4312 950 4379 Saul
987 4311 1202 4377 odium
1241 4310 1421 4388 illud,
1472 4331 1597 4392 quo
1633 4310 1931 4393 deinceps
1966 4311 2150 4375 illum

211 4413 460 4487 aperte
529 4409 956 4483 persequutus
999 4407 1115 4467 est.
1181 4419 1261 4462 ex
1302 4395 1549 4462 invidia
1591 4406 1800 4461 ortum
1848 4398 1973 4460 iam
2012 4407 2147 4460 tum

210 4509 436 4572 quum
511 4507 551 4549 a
608 4486 801 4550 caede
867 4482 1160 4549 Goliatbi
1226 4481 1306 4547 ad
1371 4485 1582 4564 ipsum
1640 4483 1720 4547 ab
1763 4483 2151 4563 imperatore

214 4577 508 4639 Abnero
573 4570 802 4635 ductus
867 4580 996 4633 est:
1060 4567 1290 4632 deiude
1354 4577 1612 4632 auctum
1683 4567 1980 4633 laudibus
2024 4567 2151 4632 illis

208 4661 478 4743 quibus
537 4655 857 4720 Davidem
918 4655 1216 4718 mulieres
1261 4654 1411 4718 illae
1450 4674 1599 4718 cum
1647 4653 2002 4735 virginibus
2045 4674 2152 4717 ex-

211 4746 558 4822 tulerunt,
601 4761 798 4824 quum
837 4737 1024 4806 Sauli
1057 4761 1096 4804 a
1131 4739 1372 4823 praelio
1406 4742 1755 4803 revertenti
1792 4759 1938 4802 cum
1979 4751 2148 4822 tym-

207 4832 443 4915 panis,
515 4828 706 4904 tibiis,
779 4825 1065 4902 citharis,
1131 4836 1197 4890 et
1257 4824 1401 4889 aliis
1462 4823 1820 4888 istiusmodi
1885 4824 2151 4889 musicis

209 4915 713 4992 instrumentis,
755 4911 1022 4977 choreas
1065 4917 1329 4994 agentes
1372 4910 1820 4991 occurrissent,
1876 4920 1944 4972 et
1987 4908 2150 4974 dice·

207 5012 396 5077 rent,
447 4998 612 5065 Saul
642 4997 950 5080 interfecit
986 4996 1175 5074 mille,
1209 4994 1428 5061 David
1461 4999 1663 5060 autem
1694 4995 1893 5060 decem
1924 4994 2148 5060 millia.

201 5088 500 5153 Recens
554 5084 727 5150 istud
787 5083 1024 5148 vulnus
1080 5083 1348 5147 accessit
1405 5080 1739 5161 superiori,
1797 5078 1968 5162 quod
2014 5095 2148 5144 tam

199 5174 348 5239 alte
389 5172 478 5235 in
510 5170 712 5254 ipsius
747 5168 961 5234 haesit
985 5175 1261 5251 pectore,
1306 5176 1383 5231 ut
1402 5186 1734 5249 nunquam
1758 5184 2148 5249 concoquere

197 5256 543 5344 potuerit.
629 5253 951 5338 Equidem
993 5252 1178 5317 illum
1216 5253 1420 5318 fateor
1454 5264 1642 5318 antea
1674 5251 1870 5317 fuisse
1903 5270 1944 5315 a
1977 5250 2147 5317 malo

368 5356 603 5414 edwini
634 5371 819 5426 opera.
893 5354 1012 5411 Vol.
1042 5352 1236 5409 XXX.

1481 370 1575 434 IN
1620 369 1674 435 1.
1721 369 1898 435 LIB.
1945 367 2342 437 SAMUEL.
2388 369 2583 437 OAP.
2643 370 2903 437 XVIII.

4033 367 4165 435 258

2239 559 2471 641 spiritu
2509 559 2857 643 agitatum:
2893 556 3003 623 sed
3042 557 3141 622 aio
3177 578 3304 621 uon
3340 554 3540 621 fuisse
3576 562 3732 623 tuuc
3768 556 3835 621 in
3872 555 4160 639 aliquem

2240 646 2625 709 nominatim
2693 644 2862 709 malo
2927 643 3179 721 animo;
3260 640 3371 707 sed
3435 640 3654 723 potius
3712 642 3922 707 instar
3981 642 4157 708 ferae

2242 728 2573 795 cuiusdam
2620 731 2913 795 fraenum
2959 728 3336 804 arrodentis,
3396 726 3564 809 quod
3610 726 3794 792 Deus
3852 747 3970 811 per
4009 746 4158 810 pro·

2243 816 2505 898 phetam
2566 814 2664 879 illi
2729 815 3157 899 significasset
3219 812 3357 887 fore
3416 823 3491 876 ut
3546 833 3748 896 regno
3791 811 4160 879 excideret:

2243 903 2463 984 itaque
2507 902 2722 965 animo
2756 901 3041 965 furorem
3083 918 3276 964 suum
3320 898 3772 981 concoquebat,
3815 896 3985 981 quod
4024 917 4154 965 nou

2246 986 2512 1051 haberet
2576 986 2893 1052 obiectum
2958 985 3281 1068 peculiare
3343 984 3411 1048 in
3479 983 3652 1066 quod
3718 1004 3908 1049 suum
3975 983 4156 1050 virus

2244 1079 2587 1136 evomeret.
2660 1071 2752 1136 At
2786 1092 2985 1154 quum
3021 1067 3294 1135 Davidis
3328 1070 3605 1153 gratiam
3643 1078 3709 1134 et
3741 1069 4157 1134 autoritatem

2243 1177 2436 1240 quam
2479 1155 2675 1222 caede
2719 1155 3012 1223 Goliathi
3056 1154 3482 1238 acquisiverat
3526 1153 4001 1232 animadvertit,
4047 1155 4167 1219 in-

2243 1242 2421 1307 vidia
2479 1243 2776 1325 ringitur,
2842 1255 2905 1306 et
2952 1240 3241 1305 fraenum
3286 1238 3594 1305 arrodens
3638 1238 3955 1305 iuvidiam
4001 1260 4160 1306 con-

2244 1328 2478 1411 coquit,
2522 1328 2708 1391 illum
2752 1348 2888 1393 esse
2933 1326 3297 1391 coniectura
3339 1324 3700 1407 suspicatus
3739 1344 3929 1407 quem
3973 1324 4160 1392 Deus

2244 1432 2673 1479 successorem
2732 1412 2914 1497 regni
2975 1410 3356 1494 designavit·
3445 1409 3624 1476 Hinc
3680 1409 3885 1494 igitur
3940 1408 4162 1476 Saulis

2246 1498 2484 1581 odium,
2530 1496 2698 1581 quod
2741 1499 2858 1564 etsi
2904 1495 3360 1576 dissimulavit,
3406 1504 3621 1560 tamen
3668 1493 3841 1578 apud
3886 1515 3955 1560 se
3999 1494 4164 1560 aluit

2247 1591 2315 1649 et
2371 1583 2552 1648 fovit.
2640 1580 3078 1663 Quamobrem
3134 1578 3306 1664 quod
3364 1580 3685 1646 Davidem
3745 1600 3963 1646 secum
4022 1602 4165 1647 esse

2250 1668 2469 1746 voluit,
2507 1668 2675 1751 quod
2713 1666 3101 1733 militaribus
3137 1667 3336 1750 copiis
3372 1665 3701 1748 praefecit,
3737 1677 3805 1731 et
3837 1666 3917 1729 ad
3956 1667 4162 1731 multa

2248 1755 2504 1835 negotia
2551 1754 2862 1831 adhibuit,
2908 1772 3086 1817 mera
3130 1753 3251 1816 fuit
3294 1750 3656 1834 hypocrisis
3700 1762 3764 1815 et
3807 1750 4161 1829 simulatio,

2249 1851 2321 1905 ut
2363 1860 2438 1904 eo
2480 1849 2817 1922 praetextu
2861 1836 3112 1903 facilius
3155 1837 3486 1901 incautum
3531 1836 3961 1919 opprimeret:
4020 1857 4162 1902 ma·

2249 1926 2423 1990 xime
2481 1926 2771 1990 irritatus
2825 1923 2936 1989 illo
2994 1923 3339 1988 mulierum
3396 1941 3665 1987 occursu
3712 1933 3778 1987 et
3821 1921 4159 2004 applausu,

2247 2012 2316 2075 in
2362 2031 2485 2092 quo
2528 2010 2783 2074 summa
2825 2010 3026 2092 ipsius
3071 2007 3368 2091 apparuit
3409 2005 3828 2090 ingratitudo.

2416 2095 2848 2161 Transeamus
2885 2095 3085 2178 igitur
3122 2090 3202 2158 ad
3241 2113 3315 2157 ea
3352 2112 3517 2174 quae
3548 2092 3627 2157 de
3654 2091 3781 2156 isto
3811 2091 4167 2158 mulierum

2247 2202 2516 2246 occursu
2562 2189 3023 2257 memorantur,
3071 2179 3172 2243 his
3207 2176 3451 2242 verbis:
3496 2175 3698 2242 Porro
3730 2197 3922 2258 quum
3956 2198 4167 2243 rever·

2247 2270 2470 2330 teretur
2512 2285 2809 2348 percusso
2853 2264 3195 2329 Philistaeo
3236 2260 3470 2340 David,
3527 2282 3802 2345 eqressoe
3843 2268 3990 2327 sunt
4032 2283 4168 2328 mu·

2249 2351 2429 2416 lieres
2480 2351 2557 2415 de
2597 2352 2910 2416 universis
2952 2348 3207 2415 urbibus
3248 2348 3474 2429 lsrael,
3530 2351 3864 2424 cantantes,
3922 2347 4173 2414 choros·

2251 2456 2366 2519 que
2427 2435 2710 2501 ducentes
2770 2436 2841 2499 in
2904 2454 3215 2501 occursum
3274 2432 3435 2499 Saul
3484 2433 3673 2515 reqis,
3737 2433 3809 2497 in
3851 2434 4173 2514 tympanis

2251 2521 2519 2587 laetitiae
2559 2526 2613 2586 et
2653 2522 2722 2584 in
2763 2521 2989 2585 sistris.
3056 2520 3152 2584 De
3189 2517 3454 2585 vocibus
3492 2517 3789 2582 hebraeis
3827 2538 3959 2581 non
3998 2519 4170 2583 exis·

2252 2608 2409 2671 timo
2468 2627 2861 2690 magnopere
2915 2604 3358 2679 laborandum,
3430 2602 3664 2685 quibus
3728 2602 3832 2668 vel
3897 2602 4169 2668 choreae

2254 2691 2358 2758 vel
2424 2693 2756 2755 cantiones
2821 2689 3170 2774 significari
3233 2699 3533 2773 possunt:
3608 2687 3848 2753 sufficit
3892 2688 4067 2752 enim
4114 2689 4175 2753 si

2251 2797 2452 2860 quum
2486 2775 2566 2841 de
2596 2776 3021 2841 exsultatione
3062 2774 3412 2839 mulierum
3455 2774 3536 2837 fit
3578 2773 3840 2852 mentiO,
3892 2775 4175 2839 sciamus

2251 2884 2361 2927 eas
2404 2861 2660 2928 venisse
2709 2861 2774 2925 in
2817 2880 3150 2927 occursum
3199 2857 3417 2926 Saulis
3455 2872 3528 2922 ut
3564 2856 3707 2923 Deo
3744 2858 3971 2923 laudes
4009 2857 4172 2925 acci-

2254 2956 2482 3012 nerent
2541 2967 2658 3031 pro
2716 2946 3085 3031 ingentibus
3140 2944 3507 3019 benefactis,
3609 2943 3799 3008 uibus
3856 2942 4174 3026 populum

2253 3033 2575 3104 affecerat.
2621 3042 2689 3098 et
2728 3031 2809 3097 de
2856 3030 3142 3097 hostibus
3185 2964 3633 3114 triumphandi
3679 3029 4019 3093 materiam
4059 3027 4171 3093 de-

2254 3116 2456 3183 derat.
2545 3119 2750 3184 Porro
2806 3126 2941 3182 tam
2984 3118 3105 3182 hoc
3147 3115 3286 3182 loco
3331 3134 3520 3198 quam
3566 3117 3806 3197 passim
3852 3114 3919 3177 in
3965 3115 4166 3179 sacris

2254 3203 2539 3268 insolens
2595 3215 2661 3268 et
2719 3203 3032 3268 absonum
3080 3198 3428 3280 videretur,
3486 3198 3789 3263 mulieres
3833 3208 3946 3261 aut
3991 3210 4168 3282 tym-

2252 3308 2493 3370 panum
2537 3299 2650 3353 aut
2691 3287 2818 3353 alia
2861 3289 3107 3353 musica
3148 3287 3587 3351 instrumenta
3629 3283 3938 3366 pulsasse,
3996 3283 4168 3366 quod

2251 3374 2394 3439 istis
2436 3372 2829 3457 temporibus
2874 3384 2941 3437 et
2979 3371 3348 3455 regionibus
3386 3371 3506 3435 hoc
3539 3390 3673 3434 non
3709 3369 3795 3433 sit
3830 3369 4168 3433 usitatum.

2251 3457 2384 3524 Sed
2440 3467 2729 3541 tempora
2787 3468 2854 3524 et
2894 3459 3189 3542 regiones
3232 3457 3369 3522 suis
3408 3454 3694 3521 moribus
3735 3462 3803 3518 et
3846 3454 4168 3521 institutis

2252 3543 2585 3628 vixerunt,
2630 3565 2792 3627 quae
2834 3543 2994 3627 ipsis
3035 3541 3454 3625 relinquenda
3494 3547 3667 3606 sunt.
3755 3537 3912 3602 Fuit
3947 3549 4167 3604 autem

2252 3629 2521 3777 vulgare
2584 3642 2650 3695 et
2707 3630 3015 3694 usitatum
3073 3627 3143 3692 in
3200 3625 3618 3693 orientalibus
3675 3624 4051 3708 regionibus
4093 3634 4168 3691 ut

2252 3735 2365 3779 mu
2395 3716 2561 3780 ieres
2604 3716 2847 3780 musica
2892 3715 3320 3779 instrumenta
3362 3716 3754 3777 tractarent:
3818 3708 3983 3791 quod
4029 3729 4165 3776 ma-

2252 3800 2428 3865 xime
2495 3801 2570 3864 fit
2633 3799 3048 3882 conspicuum
3104 3820 3182 3862 ex
3242 3819 3318 3863 ea
3373 3795 3645 3862 historia
3704 3815 3898 3878 quam
3943 3814 4164 3861 sacrae

2251 3887 2609 3969 scripturae
2653 3884 2734 3950 de
2779 3884 2987 3950 Maria
3032 3883 3233 3948 Musis
3268 3902 3486 3947 sorore
3523 3890 3905 3946 memorant.
3994 3880 4163 3946 Nam

2252 3969 2488 4035 dicitur
2531 3970 2742 4036 Maria
2782 3980 2926 4052 post
2981 3967 3430 4034 admirandum
3474 3966 3671 4032 maris
3726 3966 3907 4031 rubri
3953 3976 4168 4031 trans-

2251 4055 2449 4133 itum,
2531 4065 2817 4121 assumto
2884 4069 3193 4139 tympano
3257 4074 3396 4119 sese
3456 4051 3720 4135 reliquis
3788 4050 4167 4117 mulieribus

2252 4140 2478 4206 ducem
2539 4141 2925 4223 praebuisse,
2971 4149 3035 4205 et
3078 4139 3334 4204 divinas
3369 4137 3590 4202 laudes
3627 4137 3892 4202 musicis
3931 4136 4165 4201 instru-

2252 4228 2485 4291 mentis
2546 4224 2937 4304 decantasse,
2998 4232 3066 4289 et
3104 4225 3344 4309 gratias
3386 4243 3504 4307 pro
3548 4222 3748 4287 tantis
3793 4243 3831 4284 a
3874 4218 4015 4285 Deo
4056 4241 4164 4287 ac-

2251 4313 2454 4394 ceptis
2494 4311 2816 4377 beneficiis
2860 4310 3085 4394 egisse,
3174 4310 3469 4375 Profecto
3515 4328 3646 4372 non
3689 4307 3955 4371 fuerunt
3997 4306 4163 4372 istae

2251 4397 2477 4461 inanes
2517 4399 2803 4475 naeniae,
2847 4416 3052 4478 neque
3096 4417 3177 4459 ex
3218 4392 3720 4478 intemperantia
3766 4390 4038 4472 quadam
4075 4391 4163 4455 ri-

2250 4481 2496 4547 diculae
2538 4482 2913 4547 saltationes
2955 4492 3022 4545 et
3063 4480 3352 4555 choreae,
3411 4477 3632 4562 quales
3675 4475 3865 4541 hodie
3906 4475 4161 4560 profani

2252 4567 2545 4632 homines
2605 4568 2850 4652 agitare
2905 4566 3133 4632 solent.
3224 4564 3354 4633 Sed
3398 4564 3620 4642 seriae,
3681 4560 3914 4644 quibus
3956 4561 4161 4627 conti-

2251 4653 2574 4717 nebantur
2629 4653 2886 4719 divinae
2942 4651 3184 4729 laudes,
3251 4670 3409 4735 quas
3452 4649 3531 4713 ad
3577 4656 3806 4713 cantus
3846 4660 3911 4712 et
3953 4645 4161 4712 tibici-

2251 4758 2395 4801 nem
2423 4739 3000 4821 prosequebantur:
3025 4733 3560 4820 quemadmodum
3587 4754 3667 4796 ex
3691 4732 3895 4814 ipsius
3910 4731 4162 4798 Mariae

2248 4824 2497 4889 cantico
2542 4825 2699 4889 satis
2743 4832 3025 4907 apparet,
3069 4822 3253 4888 cuius
3298 4830 3750 4903 argumentum
3797 4824 3957 4881 suut
3990 4816 4158 4883 divi-

2247 4929 2371 4973 nae
2416 4911 2893 4993 promissiones,
2953 4909 3184 4991 quibus
3225 4905 3453 4971 innixa
3507 4901 3719 4969 Maria
3775 4912 3909 4967 tam
3953 4902 4160 4968 admi-

2247 4992 2517 5058 randam
2555 4994 2999 5060 liberationem
3032 4992 3457 5077 praedicabat.
3512 4989 3689 5054 Sane
3722 5009 3853 5052 non
3892 4986 4160 5055 dubium

2248 5086 2363 5158 est,
2428 5080 2588 5161 quin
2658 5082 2831 5146 Deus
2892 5079 2990 5144 illi
3055 5078 3333 5143 musicae
3399 5073 3766 5159 praefuerit.
3857 5072 4027 5138 Nam
4093 5084 4160 5140 et

2246 5164 2516 5246 ipsemet
2559 5187 2676 5249 per
2711 5167 3006 5250 spiritum
3049 5183 3241 5231 suum
3284 5160 3532 5227 Mariae
3575 5158 3935 5225 dictaverat
3964 5178 4161 5246 argu·

2247 5263 2560 5329 mentum,
2617 5250 2785 5334 qnod
2843 5270 2919 5316 ea
2973 5256 3324 5334 praeeunte
3378 5245 3665 5329 reliquae
3708 5244 4013 5312 mulieres
4056 5266 4161 5312 se-
