5059 6059
271 318 386 383 469

267 508 443 576 risse:
488 506 602 572 sed
648 505 903 570 animos
944 504 1244 587 Ziphaeis
1290 505 1565 586 dedisse,
1613 517 1685 571 ut
1733 506 2011 590 vestigia
2053 504 2191 570 Da-

271 595 419 661 vidis
461 601 1026 677 persequerentur,
1071 601 1146 656 ut
1180 591 1391 675 possit
1434 591 1576 675 ipse
1613 593 1821 660 tutius
1856 591 2192 657 hominem

269 682 505 763 insequi
547 688 613 744 et
658 677 936 760 vestigia
978 697 1307 761 premere:
1356 699 1432 745 ac
1479 678 1883 761 praecepisse
1922 689 1994 742 ut
2016 676 2098 769 ad
2123 699 2192 742 se

272 774 761 842 reverterentur,
822 776 966 830 tum
1026 765 1161 827 fore
1226 773 1299 828 ut
1342 785 1492 830 cum
1538 765 1673 830 suis
1716 763 2038 829 militibus
2081 762 2190 827 deo

269 851 588 920 scenderet
630 849 712 914 ad
759 869 869 915 eos
912 857 979 912 et
1023 848 1354 913 Davidem
1415 850 1955 933 apprehenderet.
2042 848 2194 913 Hoc

270 959 412 1006 vero
452 936 724 1003 consilio
768 934 1045 1001 faciebat
1080 947 1154 999 ut
1187 943 1404 1017 posset
1439 956 1556 1019 per
1590 936 1796 1001 otium
1832 935 2191 1001 exercitum

270 1025 576 1108 colligere,
627 1041 1007 1105 quare·non
1055 1019 1504 1086 arbitrandum
1551 1028 1653 1087 est
1695 1022 1882 1086 illum
1928 1042 2192 1105 procra-

271 1112 561 1187 stinasse‚
630 1127 826 1191 quem
884 1114 1077 1171 antea
1135 1105 1437 1172 videmus
1493 1107 1712 1174 furore
1769 1117 1839 1173 et
1904 1107 2194 1172 amentia

268 1199 598 1282 flagrasse:
645 1193 760 1259 sed
793 1192 1001 1275 ipsius
1034 1191 1242 1257 furori
1268 1191 1451 1258 Deus
1478 1214 1726 1260 moram
1753 1193 1996 1271 iniecit,
2034 1192 2193 1258 dum

267 1281 517 1350 consilio
578 1303 683 1345 res
741 1298 892 1345 suas
947 1297 1334 1360 promovere
1391 1279 1742 1363 cogitavit,
1802 1289 1868 1344 et
1911 1280 2194 1354 ,incauta

268 1372 356 1434 ira
395 1363 723 1434 Davidem
779 1367 1168 1449 opprimere,
1231 1385 1315 1429 ne
1377 1365 1584 1447 possit
1627 1386 1664 1430 e
1709 1366 1846 1431 suis
1892 1364 2194 1431 manibus

268 1454 453 1520 elabi:
513 1465 583 1518 et
627 1453 876 1516 interea
918 1448 1136 1514 David
1199 1457 1458 1534 tempus
1515 1451 1599 1516 ad
1655 1450 2065 1517 evadendum
2114 1450 2193 1515 de

268 1540 694 1625 Ziphaeorum
742 1534 1105 1618 proditione
1141 1534 1514 1602 admonitus
1559 1535 1806 1602 habuit.
1853 1538 2002 1602 Etsi
2038 1555 2193 1603 vero

267 1627 460 1711 potuit
502 1623 775 1689 nuntius
818 1622 929 1687 ille
975 1622 1260 1686 humano
1295 1622 1565 1688 consilio
1609 1622 1688 1686 ad
1733 1623 2049 1688 Davidem
2092 1642 2193 1687 ve-

265 1716 416 1796 nire,
473 1719 695 1775 tamen
756 1706 979 1773 divina
1038 1707 1454 1789 providentia
1499 1707 1781 1773 Davidis
1840 1709 2193 1774 miserente

265 1798 521 1865 missum
568 1813 911 1880 persuasos
953 1813 1095 1858 esse
1131 1815 1249 1859 nos
1295 1803 1568 1876 oportet.
1615 1794 1823 1860 Porro
1857 1816 1987 1860 non
2033 1794 2195 1879 legi-

267 1905 398 1950 mus
429 1882 538 1949 hic
573 1901 904 1948 summum
929 1878 1330 1945 sacerdotem
1365 1881 1716 1962 quidquam
1760 1881 1884 1964 ipsi
1924 1901 2191 1964 respon-

263 1971 440 2049 disse,
496 1964 1024 2051 quandoquidem
1075 1962 1157 2028 ad
1212 1964 1401 2030 illum
1447 1966 1652 2032 veluti
1710 1965 1982 2032 fortuito
2025 1987 2192 2032 nnn·

264 2057 383 2121 tius
415 2054 524 2120 ille
550 2052 808 2118 delatus
832 2059 963 2116 est:
1012 2059 1449 2117 veruntamen
1486 2051 1654 2117 nihil
1688 2050 1902 2118 obstat
1936 2053 2189 2135 quomi-

262 2163 377 2207 nus
409 2161 648 2207 arcana
676 2139 795 2203 Dei
833 2136 1244 2219 providentia
1279 2147 1490 2203 totum
1529 2137 1703 2203 istud
1727 2138 2189 2204 administarit.

262 2227 440 2293 Unde
474 2237 748 2309 apparet
785 2246 853 2289 re
897 2223 1040 2305 ipsa
1063 2243 1291 2287 verum
1330 2224 1504 2306 quod
1541 2224 1730 2288 initio
1767 2223 1927 2303 dixi,
1976 2226 2190 2290 Deum

265 2314 566 2379 nimirum
627 2309 937 2394 periculis
982 2308 1284 2374 omnibus
1329 2312 1570 2376 nostris
1628 2310 1886 2375 obviam
1932 2311 2029 2376 ire
2072 2330 2191 2375 sua

265 2398 694 2482 providentia:
742 2397 883 2461 sine
917 2395 1103 2461 cuius
1140 2394 1340 2460 ductu
1375 2406 1439 2459 et
1476 2395 1781 2479 auspiciis
1804 2418 1889 2461 ne
1924 2416 2190 2480 passum

261 2486 508 2568 quidem
573 2502 959 2566 promovere
1020 2500 1378 2565 possemus,
1440 2492 1506 2546 et
1563 2501 1731 2565 quae
1787 2481 2081 2549 labantes
2124 2491 2193 2547 et

261 2573 527 2637 incertos
572 2568 773 2634 etiam
808 2567 1090 2633 sustinet
1129 2588 1212 2631 ue
1249 2567 1443 2650 plane
1476 2589 1875 2634 corruamus.
1923 2566 2036 2635 Sic
2080 2567 2191 2632 ad·

263 2657 572 2722 monitum
621 2654 945 2720 Davidem
990 2653 1096 2718 hic
1156 2652 1236 2718 de
1280 2652 1502 2719 Saulis
1546 2653 1836 2720 adventu
1891 2654 2188 2739 legimus,

263 2753 331 2807 ut
370 2742 491 2808 sibi
537 2739 924 2807 consulendi
970 2739 1254 2821 spatium
1308 2739 1627 2806 habuerit.
1710 2740 1904 2807 Hanc
1950 2741 2190 2806 doctri·

265 2850 403 2893 nam
447 2829 618 2894 serio
662 2825 1071 2900 meditemur,
1119 2837 1183 2887 et
1227 2844 1658 2908 agnoscamus
1703 2846 1819 2891 nos
1864 2826 2037 2908 quod
2083 2847 2192 2890 na-

265 2925 400 2979 tura
457 2912 633 2979 caeci
701 2912 904 2977 simus
965 2931 1004 2975 a
1062 2912 1206 2975 Deo
1263 2913 1403 2996 regi
1455 2923 1773 2993 oportere,
1830 2912 1999 2994 quod
2056 2933 2188 2977 non

263 3001 576 3082 possimus
647 2997 872 3080 procul
947 2996 1285 3061 oculorum
1349 2998 1553 3064 aciem
1620 2996 1997 3078 extendere,
2066 2999 2192 3063 nisi

265 3086 473 3152 oculos
495 3083 847 3168 aperuerit.
889 3082 981 3146 Et
1017 3082 1171 3148 licet
1203 3083 1494 3164 pericula
1529 3084 1686 3148 satis
1724 3103 2193 3166 cognoscamus

267 3171 686 3244 imminentia,
740 3169 1061 3234 rationem
1121 3177 1339 3233 tamen
1402 3169 1516 3234 illa
1559 3169 1858 3253 fugiendi
1903 3191 2032 3234 non
2079 3169 2192 3235 ha-

267 3255 539 3336 beamus,
589 3256 718 3321 nisi
760 3275 1029 3320 manum
1073 3254 1215 3336 ipse
1258 3257 1567 3339 porrigat,
1609 3266 1676 3319 et
1711 3257 1888 3321 viam
1925 3258 2192 3340 aperiat.

266 3342 476 3423 Quare
523 3341 850 3409 discamus
905 3341 976 3405 in
1031 3340 1175 3423 ipso
1218 3342 1674 3424 conquiescere
1734 3350 1802 3406 et
1843 3342 1937 3407 sic
1978 3343 2193 3424 ipsum

267 3429 565 3495 invocare
608 3427 680 3493 in
719 3427 1059 3510 angustiis,
1107 3434 1181 3489 ut
1214 3428 1496 3492 sciamus
1530 3426 1959 3493 nihilominus
1981 3428 2195 3511 ipsum

268 3535 481 3595 preces
526 3523 785 3579 nostras
844 3512 1246 3595 praevenire.
1310 3534 1516 3596 neque
1573 3522 1952 3595 exspectare
1994 3515 2197 3579 donec

270 3599 344 3664 ad
388 3601 605 3683 ipsum
650 3599 1118 3681 confugiamus.
1208 3596 1377 3663 Nam
1424 3619 1619 3683 saepe
1663 3599 1817 3664 dum
1862 3600 2198 3665 stertimus

268 3706 374 3767 pro
419 3685 606 3751 nobis
651 3685 836 3750 illum
883 3690 1140 3767 oportet
1183 3683 1478 3768 vigilare.

430 3772 783 3838 Caeterum
822 3772 943 3835 etsi
970 3769 1248 3835 Davidis
1272 3770 1448 3836 salus
1472 3771 1811 3854 desperata
1833 3768 2196 3850 videbatur,

269 3856 687 3923 nihilominus
729 3867 946 3922 tamen
994 3855 1208 3920 Deum
1252 3855 1604 3932 invocavit,
1649 3855 2195 3941 quemadmodum

267 3942 533 4024 ipsemet
578 3944 689 4009 Ps.
735 3943 822 4008 34
865 3962 1052 4026 quem
1100 3941 1184 4006 de
1227 3943 1349 4008 hac
1393 3942 1667 4008 historia
1711 3944 1989 4025 scripsit,
2037 3942 2197 4007 satis

271 4038 483 4111 aperte
539 4039 852 4095 testatur:
923 4026 1037 4092 ubi
1091 4049 1242 4093 suas
1309 4029 1704 4094 tentationes
1770 4028 2196 4113 gravissimas

267 4115 589 4198 exprimit,
647 4115 884 4198 quibus
926 4113 1022 4180 sic
1071 4134 1457 4179 concussum
1504 4138 1575 4181 se
1620 4114 1867 4180 fatetur
1911 4123 1979 4179 et
2020 4125 2197 4179 metu

270 4219 340 4263 ac
380 4199 733 4267 formidine
777 4220 1167 4283 suspensum
1205 4209 1272 4264 et
1305 4200 1463 4283 quid
1508 4221 1580 4266 se
1616 4202 1852 4267 misero
1899 4199 2198 4265 futurum

268 4297 436 4351 esset
469 4288 953 4371 ingnorantem,
998 4294 1073 4352 ut
1108 4306 1179 4350 se
1204 4295 1428 4351 tamen
1464 4285 1547 4351 ad
1569 4286 1787 4351 Deum
1824 4287 2201 4370 confugisse

271 4374 668 4450 profiteatur.
755 4373 932 4438 Hinc
977 4371 1130 4437 illae
1189 4371 1397 4454 ipsius
1440 4372 1522 4437 ad
1568 4372 1929 4438 Dominum
1975 4394 2198 4439 voces:

270 4455 530 4523 Domine
571 4479 754 4524 serva
797 4479 893 4524 me
934 4458 1006 4522 in
1048 4460 1293 4524 nomine
1337 4463 1460 4538 tuo,
1504 4464 1560 4524 et
1591 4459 1665 4524 in
1697 4460 1924 4524 υίνιιιέε
1962 4463 2075 4524 tua
2105 4478 2201 4524 me

271 4541 488 4609 iudica.
539 4542 795 4624 Quibus
839 4543 1057 4610 verbis
1101 4545 1386 4627 primum
1430 4566 1571 4610 sese
1616 4554 1827 4610 totum
1864 4544 2007 4610 Deo
2049 4566 2200 4628 per-

273 4628 480 4707 mittit,
526 4629 702 4713 quod
747 4630 828 4695 de
872 4652 941 4696 se
986 4640 1050 4694 et
1086 4630 1226 4695 vita
1259 4650 1382 4697 sua
1415 4629 1756 4696 videretur
1792 4641 2008 4698 actum
2036 4651 2198 4697 esse.

272 4710 523 4781 Deinde
572 4715 996 4782 nihilominus
1039 4737 1110 4781 se
1155 4736 1286 4780 non
1324 4723 1569 4782 temere
1613 4737 1826 4799 neque
1868 4716 1948 4782 de
1995 4715 2202 4781 nihilo

273 4797 349 4862 ad
406 4799 628 4865 Deum
683 4804 1030 4886 confugere
1089 4801 1304 4880 docet,
1366 4823 1566 4886 quum
1625 4823 1766 4868 sese
1825 4802 2016 4867 offert
2076 4803 2200 4885 ipsi

273 4882 707 4972 iudicandum,
765 4898 834 4953 et
889 4887 1048 4972 petit
1093 4894 1171 4952 ut
1212 4887 1572 4954 secuudum
1616 4909 1799 4954 suam
1858 4888 2200 4971 integrita-

275 4977 396 5035 tem
462 4972 543 5038 de
611 4993 806 5039 causa
862 4995 980 5039 sua
1041 4975 1220 5040 Deus
1276 4974 1444 5039 ferat
1505 4976 1918 5040 seutentiam.
2010 4972 2202 5055 Quod

274 5054 536 5140 dignum
600 5067 700 5125 est
755 5058 1234 5127 observatione.
1317 5060 1487 5125 Nam
1544 5082 1735 5144 saepe
1796 5060 1985 5126 multi
2047 5069 2204 5125 sunt

275 5143 425 5210 satis
460 5142 737 5212 audaces
781 5155 848 5212 et
890 5145 1303 5229 impudentes
1361 5146 1444 5211 ad
1488 5147 1702 5212 Deum
1747 5146 2203 5224 invocandum,

275 5247 430 5310 quos
474 5238 694 5297 tamen
739 5232 793 5298 si
839 5252 1096 5299 summo
1140 5231 1285 5298 iure
1329 5252 1482 5298 cnm
1528 5233 1690 5316 ipsis
1734 5231 1915 5299 Deus
1962 5243 2204 5317 ageret,

1505 315 1600 380 IN
1649 316 1703 383 I.
1748 314 1930 382 LIB.
1976 314 2380 384 SAMUEL.
2426 316 2628 385 OAP.
2675 317 2947 384 XXIII.

4111 321 4245 388 470

2298 512 2554 570 certum
2611 515 2714 572 est
2770 507 3010 572 mereri
3064 506 3304 572 millies
3360 509 3430 573 in
3489 508 3798 592 abyssum
3860 509 4245 578 divinorum

2297 589 2687 657 iudiciorum
2748 591 3025 669 detrudi,
3087 592 3263 676 quod
3320 594 3483 660 falso
3541 595 3807 660 nomine
3869 595 4089 661 Deum
4136 598 4243 662 in-

2303 685 2554 742 vocent.
2653 677 2982 743 Davidem
3045 679 3249 763 igitur
3313 681 3733 746 observemus
3801 681 4243 751 exauditionis

2300 782 2456 827 suae
2502 761 3005 828 fundamentum
3049 785 3294 847 ponere
3351 767 3671 831 iustitiam
3728 788 3917 833 suam
3961 779 4028 831 et
4062 769 4242 836 vitae

2298 849 2782 932 integritatem:
2838 870 3036 933 quam
3088 849 3171 916 ob
3219 871 3485 917 causam
3538 852 3812 919 indicari
3872 873 3942 917 se
4002 874 4043 919 a
4097 854 4241 920 Deo

2298 934 2620 1017 postulat:
2686 935 2869 1017 quasi
2939 935 3185 1002 diceret
3249 959 3320 1002 se
3378 957 3511 1003 non
3572 938 3880 1004 invocare
3938 940 4007 1003 in
4066 939 4242 1006 mala

2297 1040 2494 1085 causa
2516 1020 2737 1085 Deum
2773 1028 3142 1105 patronum,
3191 1031 3262 1088 ut
3298 1044 3493 1106 saepe
3528 1023 3722 1089 multi
3756 1023 3973 1088 Deum
4012 1036 4242 1091 contra

2298 1105 2402 1171 ius
2461 1127 2654 1171 omne
2713 1114 2779 1171 et
2834 1126 3117 1190 aequum
3175 1109 3399 1174 favere
3472 1107 3597 1175 sibi
3664 1111 3734 1174 in
3801 1111 3976 1176 mala
4040 1132 4241 1178 causa

2300 1203 2647 1276 exoptant,
2717 1203 2782 1256 et
2847 1194 2984 1258 suis
3042 1194 3515 1277 cupiditatibus
3581 1203 3650 1260 et
3713 1196 4242 1280 corruptionibus

2299 1277 2552 1345 subiici.
2613 1276 2748 1344 Sed
2794 1278 3012 1344 David
3056 1300 3128 1345 se
3174 1281 3316 1345 Deo
3359 1280 3871 1346 examinandum
3918 1283 4244 1365 proponit,

2300 1374 2365 1428 et
2388 1373 2597 1449 rogat,
2645 1373 2717 1429 ut
2737 1383 2932 1430 causa
2955 1366 3217 1449 cognita
3239 1367 3629 1431 sententiam
3658 1379 3971 1450 tanquam
3996 1387 4246 1451 aequus

2298 1448 2495 1515 iudex
2541 1450 2725 1516 ferat.
2777 1450 3038 1516 Interea
3078 1461 3300 1516 tamen
3344 1451 3469 1518 Dei
3517 1453 3833 1517 virtutem
3877 1455 4074 1518 etiam
4119 1455 4246 1519 im-

2299 1534 2529 1618 plorat.
2623 1535 2802 1602 Satis
2855 1538 3029 1602 enim
3090 1547 3282 1602 norat
3345 1549 3647 1622 oportere
3695 1540 3910 1604 Deum
3971 1539 4053 1604 ad
4123 1560 4246 1605 nos

2298 1622 2655 1687 servandos
2680 1623 2990 1687 virtutem
3013 1643 3201 1689 suam
3224 1645 3543 1704 exserere,
3581 1624 3732 1690 licet
3754 1625 3830 1689 in
3864 1626 4001 1690 inte
4050 1624 4248 1691 ritate

2302 1708 2499 1772 vitam
2548 1707 2784 1791 degere
2828 1707 3290 1775 studuerimus.
3381 1709 3533 1790 Qua
3576 1711 3644 1774 in
3690 1731 3761 1776 re
3805 1731 3926 1774 nos
3971 1731 4010 1774 a
4098 1711 4244 1776 eth-

2297 1793 2464 1858 nicis
2507 1792 2771 1859 differre
2817 1815 2936 1876 par
2980 1804 3096 1872 est,
3157 1805 3228 1860 ut
3270 1795 3422 1862 licet
3464 1816 3699 1861 causae
3748 1809 4005 1862 nostrae
4050 1797 4235 1861 boni-

2297 1887 2436 1945 tate
2476 1887 2543 1943 et
2564 1881 2888 1961 aequitate
2921 1880 3073 1945 freti
3117 1880 3342 1957 simus,
3389 1894 3455 1946 et
3498 1881 3877 1966 integritate
3900 1883 4234 1948 conscien-

2297 1965 2444 2042 tiae,
2514 1964 2736 2030 Deum
2782 1977 2999 2030 tamen
3044 1976 3341 2049 oportere
3398 1968 3683 2033 sciamus
3730 1989 3996 2032 manum
4042 1988 4229 2033 suam

2296 2051 2379 2116 ad
2409 2071 2529 2117 nos
2562 2050 2918 2118 servandos
2961 2072 3282 2126 exserere,
3327 2053 3469 2117 sine
3513 2073 3642 2136 qua
3685 2052 3851 2119 nihil
3892 2053 4007 2117 illa
4050 2052 4238 2120 nobis

2294 2136 2683 2219 profuerint.
2787 2136 3108 2218 Querelas
3165 2136 3398 2203 deinde
3458 2137 3756 2221 pluribus
3820 2139 4235 2222 persequitur

2296 2243 2372 2288 eo
2428 2222 2682 2305 psalmo
2727 2221 2964 2303 David,
3026 2225 3325 2305 inquiens
3368 2224 3682 2291 adversus
3740 2245 3810 2290 se
3854 2225 4235 2308 peregrinos

2295 2308 2751 2382 insurrexisse,
2812 2319 2877 2373 et
2934 2308 3229 2375 crudeles
3285 2331 3359 2376 ac
3420 2310 3727 2377 barbaras
3780 2322 4008 2394 gentes
4051 2311 4233 2376 vitae

2296 2393 2501 2478 ipsius
2545 2392 2889 2460 insidiatas
2932 2396 3149 2461 fuisse.
3207 2394 3422 2476 Quam
3456 2398 3781 2480 pen-cyrini
3826 2417 4049 2462 vocem
4092 2397 4235 2479 qui-

2297 2479 2444 2545 dam
2492 2480 2587 2546 sic
2640 2482 2982 2563 accipiunt,
3041 2494 3116 2546 ut
3167 2503 3207 2547 a
3252 2480 3511 2549 Davide
3556 2482 3835 2547 Iudaeos
3876 2482 4086 2547 velint
4121 2480 4233 2546 de·

2294 2567 2564 2651 signari,
2619 2574 2685 2632 et
2728 2565 3082 2650 degeneres
3125 2569 3375 2634 animos
3417 2567 3577 2651 ipsis
3619 2569 4017 2651 exprobrari,
4061 2566 4235 2650 quod

2297 2652 2379 2718 ab
2424 2651 2789 2718 Abrahami
2846 2654 3159 2737 progenie
3217 2652 3591 2718 defecerint.
3679 2653 3869 2735 Quae
3927 2652 4234 2737 loquendi

2298 2738 2577 2803 formula
2618 2740 2777 2804 satis
2821 2749 2922 2804 est
2964 2740 3033 2802 in
3081 2758 3265 2805 sacra
3308 2739 3634 2824 scriptura
3667 2739 4011 2823 frequens:
4058 2739 4235 2804 natio

2297 2824 2473 2888 enim
2517 2823 2633 2888 illa
2675 2845 2935 2906 semper
2979 2824 3059 2890 de
3102 2825 3307 2907 stirpe
3342 2846 3460 2890 sua
3504 2826 3926 2908 gloriabatur,
3973 2834 4038 2889 et
4081 2846 4236 2890 avos

2298 2908 2747 2992 praedicabat:
2800 2909 2916 2975 sed
2960 2912 3160 2976 etiam
3203 2931 3396 2994 saepe
3431 2921 3659 2976 contra
3698 2911 3885 2976 Deus
3926 2909 4237 2993 illis-pri-

2299 3016 2475 3060 mam
2498 2996 2818 3080 originem
2842 2996 3081 3075 obiicit,
3118 3005 3187 3060 et
3210 3005 3470 3079 patrum
3494 2997 3974 3080 corruptionem
3997 3016 4233 3077 expro-

2301 3081 2465 3161 brat,
2503 3091 2567 3145 et
2593 3094 2904 3164 tanquam
2945 3081 3378 3147 adulterinam
3415 3090 3680 3166 gentem
3716 3082 3943 3147 reiicit.
3981 3080 4237 3147 Verum

2301 3167 2469 3233 duae
2503 3167 2656 3233 illae
2696 3188 2887 3234 voces
2924 3169 3160 3250 quibus
3196 3166 3417 3233 David
3454 3170 3676 3246 utitur,
3721 3169 3915 3234 simul
3954 3168 4239 3244 iunctae,

2300 3254 2518 3337 potius
2553 3254 2847 3319 indicant
2867 3253 3190 3337 Ziphaeos
3225 3275 3375 3320 cum
3400 3252 3621 3333 Saule,
3668 3263 3733 3318 et
3770 3253 4020 3336 reliqua
4042 3261 4234 3335 parte

2301 3340 2544 3423 populi,
2602 3359 2745 3405 esse
2804 3341 3016 3405 instar
3074 3338 3496 3405 barbararum
3559 3342 3852 3424 gentium
3921 3339 4239 3405 adversus

2303 3427 2553 3492 vicinos
2576 3427 3059 3509 insurgentium
3084 3434 3153 3490 et
3174 3425 3527 3491 crudeliter
3547 3426 3997 3492 saevientium.
4042 3423 4238 3505 Quod

2301 3511 2497 3595 longe
2540 3511 2767 3577 durius
2811 3520 2929 3591 est,
2989 3532 3189 3594 quam
3246 3513 3301 3576 si
3361 3532 3400 3576 a
3459 3512 3729 3577 remotis
3764 3510 4068 3596 gentibus
4111 3512 4242 3576 ista

2301 3598 2570 3662 fierent:
2629 3596 2953 3680 siquidem
2997 3597 3193 3662 vicini
3241 3620 3279 3662 a
3327 3597 3576 3674 vicinis,
3638 3607 3754 3663 aut
3796 3597 4240 3662 familiaritate

2302 3682 2585 3765 quadam
2632 3683 2890 3761 iunctis,
2940 3679 3250 3748 beneficia
3292 3684 3509 3766 potius
3543 3704 3739 3767 quam
3769 3683 3851 3749 ab
3896 3683 4243 3766 incognitis

2304 3781 2371 3833 et
2415 3769 2609 3852 longe
2653 3769 2922 3833 remotis
2957 3777 3361 3851 exspectant.
3409 3767 3544 3834 Sed
3579 3769 3932 3864 quumtilla
3966 3769 4242 3835 familia-

2306 3856 2465 3920 ritas
2523 3856 2593 3919 in
2650 3855 3045 3920 contrariam
3094 3855 3529 3921 conditionem
3575 3855 3873 3935 vertitur,
3935 3864 4000 3920 et
4057 3857 4239 3921 omni

2304 3941 2511 4022 posito
2570 3940 2822 4024 pudore
2880 3940 2946 4004 in
3008 3941 3257 4007 vicinos
3314 3942 3624 4025 saevitur,
3684 3941 3879 4026 longe
3935 3942 4240 4026 graviora

2304 4025 2452 4091 odia
2496 4035 2564 4091 et
2608 4026 2780 4093 facta
2824 4025 3189 4092 crudeliora
3213 4035 3602 4093 exercentur
3645 4048 3839 4110 quam
3878 4048 3917 4092 a
3939 4028 4241 4092 remotio-

2305 4112 2485 4178 ribus
2544 4111 2933 4188 nationibus,
2995 4124 3072 4176 ut
3123 4111 3321 4195 plane
3383 4113 3693 4179 barbaros
3736 4123 3801 4179 et
3860 4111 4247 4178 furibundos

2305 4200 2541 4265 merito
2601 4199 2847 4264 dixeris
2905 4199 3016 4282 qui
3076 4199 3261 4282 prius
3317 4200 3506 4266 amici
3554 4209 3762 4264 erant.
3848 4199 3996 4264 Hoc
4041 4198 4244 4281 igitur

2304 4306 2503 4351 sensu
2551 4284 2772 4350 David
2830 4296 3064 4369 gentes
3127 4283 3433 4351 barbaras
3492 4295 3559 4349 et
3616 4283 3910 4352 crudeles
3968 4304 4042 4349 se
4099 4305 4244 4366 per·

2304 4372 2526 4454 sequi,
2592 4381 2906 4456 tanquam
2964 4372 3386 4455 peregrinum
3444 4381 3510 4437 et
3570 4373 3872 4456 ignotum
3938 4369 4243 4452 aliquem,

2304 4458 2428 4523 etsi
2474 4469 2692 4523 tamen
2737 4458 3057 4542 sauguine
3114 4458 3413 4523 iunctum
3469 4456 3903 4539 conqueritur.
3991 4455 4243 4521 Idcirco

2306 4544 2506 4626 igitur
2550 4544 2870 4609 terribiles
2916 4552 2983 4607 et
3017 4542 3315 4609 crudeles
3353 4552 3561 4620 vocat,
3606 4562 3868 4608 causam
3904 4562 4087 4606 suam
4113 4541 4245 4607 Dei

2304 4628 2542 4695 iudicio
2586 4630 2952 4708 subiiciens,
3015 4639 3081 4693 et
3138 4629 3454 4695 arbitrum
3514 4647 3749 4694 causae
3791 4626 4005 4693 Deum
4053 4627 4247 4693 advo-

2306 4735 2502 4781 cans:
2549 4730 2615 4782 et
2659 4716 2975 4782 adversus
3021 4714 3172 4780 illos
3216 4715 3534 4779 auxilium
3581 4713 3907 4796 implorat,
3954 4724 4020 4778 et
4060 4734 4131 4778 se
4174 4715 4243 4779 in

2308 4801 2609 4884 precibus
2654 4811 2718 4866 et
2763 4800 3340 4886 supplicationibus
3384 4799 3466 4863 ad
3513 4801 3731 4866 Deum
3787 4811 4245 4882 perseveratu-

2307 4908 2454 4952 rum
2498 4889 2866 4971 profitetur.
2914 4886 3105 4970 Quod
3152 4887 3408 4969 insigne
3447 4887 3568 4950 fuit
3602 4885 3808 4968 ipsius
3852 4884 4006 4951 fidei
4049 4907 4246 4971 argu-

2308 4983 2627 5038 mentum.
2714 4974 2937 5040 Facile
3003 4975 3179 5038 enim
3246 4982 3345 5036 est
3410 4983 3601 5037 extra
3666 4991 3926 5036 omnem
3996 4973 4244 5037 ictuum

2309 5059 2519 5124 aleam
2565 5059 2646 5125 de
2694 5061 2816 5125 Dei
2863 5060 3156 5143 potentia
3189 5066 3256 5122 et
3299 5057 3593 5124 bonitate
3638 5056 3835 5139 loqui,
3897 5069 3963 5122 et
4019 5079 4245 5124 sacrae

2309 5146 2671 5229 scripturae
2728 5146 2903 5213 locos
2961 5163 3500 5224 commemorare,
3574 5142 3899 5225 fidemque
3957 5144 4242 5228 aliquam
4318 5155 4329 5168 ·

2313 5231 2822 5316 imperterritam
2868 5243 2932 5297 et
2974 5231 3289 5296 invictam
3344 5230 3671 5314 profiteri:
3729 5227 3844 5294 sed
3884 5250 4087 5313 quum
4134 5251 4245 5314 pe-

3734 5330 3836 5386 300
