5059 6059
865 302 993 369 551

2547 303 2949 408 noMImA
2992 305 3177 371 xol.

4654 309 4746 374 552

874 490 1282 575 potissimum
1343 511 1464 557 usa
1524 501 1621 555 est
1675 491 2071 557 rationibus:
2131 512 2403 575 quarum
2450 493 2632 576 prior
2675 492 2814 571 fuit,
2914 495 2984 560 in
3030 494 3201 559 hanc
3237 503 3352 558 aut
3393 493 3574 558 illam
3619 502 3876 575 partem
3921 491 4330 570 inclinemus,
4372 501 4436 556 et
4455 495 4611 559 vanis
4633 497 4750 561 effu·

875 571 1200 643 Davidem
1267 575 1439 640 bella
1504 576 1781 641 Domini
1842 590 2176 660 gerentem
2240 578 2474 642 bonam
2553 598 2815 644 causam

876 660 1081 737 tueri,
1144 681 1219 727 ac
1280 661 1551 744 proinde
1617 682 1952 746 nunquam
2021 662 2502 729 destituendum
2574 663 2817 728 auxilio

875 746 1167 823 Domini,
1216 769 1254 812 a
1293 767 1420 830 quo
1466 748 1719 813 felicem
1756 770 1975 813 rerum
2015 750 2302 813 omnium
2340 759 2651 814 eventum
2679 771 2817 833 spe-

873 854 1023 898 rare
1084 833 1302 898 debet:
1365 833 1573 899 altera
1636 854 1812 911 vero,
1871 833 2196 900 Davidem
2259 833 2489 899 bonam
2554 855 2814 901 causam

872 919 1041 984 bene
1078 928 1403 1000 agentem,
1451 918 1692 1001 duplici
1737 921 1932 984 etiam
1978 922 2193 1003 gratia
2222 920 2494 985 Domini
2531 922 2814 986 afficien-

875 1003 1054 1069 dum.
1103 1004 1207 1070 Ex
1256 1005 1490 1087 quibus
1536 1005 1713 1069 utilis
1759 1004 1946 1069 nobis
1994 1004 2285 1070 doctrina
2309 1006 2673 1089 colligenda
2696 1017 2817 1071 est.

874 1090 965 1154 Et
1023 1091 1094 1154 in
1161 1091 1420 1173 primis,
1488 1111 1598 1155 eos
1664 1092 1772 1174 qui
1853 1090 2097 1174 aliquid
2164 1092 2387 1174 magni
2455 1093 2819 1175 suscipiunt

876 1183 1176 1259 oportere
1213 1174 1292 1240 de
1329 1197 1447 1240 sua
1470 1177 1806 1243 vocatione
1843 1187 2054 1241 certos
2091 1199 2251 1250 esse,
2297 1178 2350 1241 si
2377 1175 2592 1241 Deum
2632 1178 2815 1242 adiu-

877 1270 1084 1326 torem
1133 1260 1371 1326 habere
1413 1262 1680 1326 volunt:
1727 1273 1791 1326 et
1827 1262 1992 1327 nihil
2030 1276 2273 1327 temere
2310 1265 2655 1345 suscipere,
2703 1262 2816 1327 sed

874 1345 1023 1412 Deo
1048 1366 1306 1411 eausam
1332 1368 1518 1411 suam
1569 1348 1865 1430 probare.
1915 1346 2141 1428 Quare
2185 1350 2359 1432 agite
2407 1350 2610 1413 vitam
2646 1351 2819 1430 quis·

876 1454 1003 1517 que
1048 1432 1141 1498 sic
1185 1433 1504 1511 instituat,
1566 1444 1643 1497 ut
1700 1434 1867 1497 nihil
1929 1443 2175 1498 temere
2219 1433 2550 1516 suscipiat,
2609 1456 2816 1517 neque

878 1518 1048 1602 quod
1096 1518 1295 1582 libido
1340 1516 1703 1594 dictaverit,
1749 1519 1861 1584 sed
1909 1520 2083 1601 quod
2118 1519 2302 1585 Deus
2339 1521 2670 1602 praecipit,
2717 1542 2815 1584 se·

877 1615 1134 1686 quatur.
1212 1603 1381 1668 Nam
1432 1624 1625 1686 saepe
1672 1605 1840 1669 mira
1884 1604 2004 1668 sibi
2053 1605 2349 1671 homines
2394 1608 2659 1689 fingunt
2701 1627 2820 1671 sua

875 1692 1045 1756 facta
1089 1689 1343 1753 laudari
1391 1693 1748 1773 cupientes,
1817 1702 1884 1754 et
1927 1692 2064 1755 suis
2108 1691 2470 1756 rationibus
2516 1692 2818 1756 nitentes.

871 1776 963 1840 Et
1007 1797 1167 1841 sane
1230 1773 1680 1858 expendamus
1727 1775 2053 1859 Abigailis
2114 1798 2304 1842 voces
2364 1777 2527 1854 illas,
2589 1777 2820 1860 quibus

871 1860 1200 1928 Davidem
1262 1862 1355 1925 ait
1414 1860 1586 1926 bella
1628 1860 1901 1926 Domini
1962 1884 2205 1945 gerere,
2268 1863 2501 1928 melius
2560 1885 2645 1926 ex
2689 1862 2821 1927 illis

874 1945 1233 2031 apparebit,
1282 1967 1408 2010 uon
1440 1947 1569 2010 alia
1593 1947 1841 2012 ratione
1877 1968 2065 2030 posse
2090 1947 2343 2030 probari
2385 1950 2555 2015 sacta
2579 1961 2819 2026 nostra,

874 2054 1066 2117 quam
1114 2033 1168 2097 si
1216 2032 1338 2096 hoc
1382 2032 1810 2097 fundamento
1855 2033 2173 2113 nitantur,
2220 2033 2343 2098 Dei
2384 2034 2709 2099 voluntati
2756 2045 2824 2098 et

874 2119 1274 2184 ordinationi
1321 2139 1450 2182 non
1500 2139 1640 2183 esse
1686 2119 2036 2190 contraria,
2082 2119 2192 2184 sed
2241 2118 2320 2184 ad
2358 2121 2564 2202 ipsius
2602 2120 2819 2186 decre-

875 2216 1018 2270 tum
1066 2204 1259 2286 exigi.
1334 2204 1692 2269 Praeterea
1739 2205 2117 2281 tenendum,
2172 2227 2279 2269 eos
2323 2206 2433 2289 qui
2477 2226 2633 2269 vere
2678 2226 2824 2289 pro-

873 2290 1050 2356 fiteri
1119 2300 1391 2373 possunt
1456 2311 1526 2355 se
1585 2290 1729 2354 Deo
1797 2289 1962 2355 duce
2026 2290 2335 2373 quidquid
2395 2299 2823 2374 susceperunt

879 2396 1225 2460 aggressos
1270 2397 1430 2454 esse,
1493 2384 1560 2440 et
1604 2396 1816 2457 neque
1875 2376 1955 2440 ad
2004 2376 2303 2440 dextram
2349 2398 2564 2460 neque
2608 2377 2689 2441 ad
2736 2378 2821 2442 si·

876 2463 1150 2527 nistram
1189 2461 1728 2526 deflexisseavia
1762 2481 1953 2543 quam
2002 2461 2398 2545 praescribit,
2447 2463 2600 2527 licet
2623 2464 2822 2528 variis

882 2545 1378 2630 tempestatibus
1423 2547 1773 2630 agitentur,
1835 2546 2092 2613 felicem
2138 2547 2567 2613 nihilominus
2610 2550 2818 2614 consi·

880 2632 1118 2698 liorum
1164 2640 1233 2696 et
1275 2633 1594 2697 factorum
1663 2633 1912 2697 exitum
1961 2633 2318 2699 habituros.
2407 2633 2542 2700 Sed
2588 2634 2822 2699 bonam

881 2739 1026 2783 esse
1069 2736 1330 2782 causam
1378 2738 1511 2781 non
1555 2719 1815 2796 sufficit,
1863 2740 2048 2784 suam
2095 2720 2367 2785 eandem
2413 2720 2612 2786 etiam
2660 2719 2826 2783 bene

880 2804 988 2888 agi
1034 2811 1307 2885 oportet.
1389 2801 1562 2867 Nam
1609 2803 1953 2886 plerosque
2012 2802 2235 2871 videas
2278 2805 2517 2872 bonam
2560 2803 2824 2889 quidem

875 2897 1301 2970 sanctamque
1370 2905 1636 2953 causam
1698 2888 2076 2956 defendere:
2144 2888 2262 2955 sed
2329 2901 2547 2958 tamen
2614 2891 2821 2973 impa-

877 2974 1116 3041 tientia
1159 2973 1349 3038 modo
1392 2975 1463 3038 in
1511 2973 1699 3053 hanc,
1746 2974 1939 3040 modo
1984 2977 2053 3040 in
2110 2973 2291 3041 illam
2349 2985 2607 3061 partem
2667 2975 2823 3041 ferri

879 3071 948 3126 et
992 3058 1255 3144 quidem
1313 3060 1697 3143 plerumque
1756 3060 1824 3125 in
1880 3061 2055 3126 istud
2117 3062 2348 3128 vitium
2394 3061 2523 3127 Dei
2568 3062 2685 3127 filii
2729 3061 2823 3127 la·

878 3147 1160 3214 buntur:
1206 3144 1730 3228 quandoquidem
1776 3145 1967 3212 facile
2007 3157 2109 3212 est
2153 3156 2342 3213 extra
2384 3148 2627 3214 limites
2673 3147 2826 3213 ferri

875 3241 943 3299 et
986 3231 1231 3316 vagari.
1316 3229 1767 3311 Quamobrem
1814 3231 2031 3297 danda
2074 3234 2288 3298 omnis
2331 3255 2528 3317 opera
2572 3244 2691 3312 est,
2749 3243 2826 3298 ut

874 3321 930 3384 si
974 3317 1144 3402 quod
1170 3318 1353 3382 Deus
1399 3317 1735 3401 praecepit
1779 3318 2202 3402 suscepimus,
2249 3320 2450 3385 etiam
2488 3317 2631 3384 Deo
2677 3341 2825 3402 pro-

874 3404 1046 3471 batis
1093 3402 1456 3468 rationibus
1503 3414 1572 3467 et
1614 3402 1848 3468 mediis
1892 3403 2054 3469 illud
2102 3426 2571 3488 persequamur
2636 3418 2703 3470 et
2746 3426 2828 3470 ne

879 3489 1158 3573 quodam
1203 3488 1517 3554 bonitatis
1574 3509 1806 3554 causae
1867 3500 2216 3573 praetextu
2271 3454 2590 3575 quidquid²
2628 3490 2829 3556 libido

879 3575 1224 3642 dictaverit
1268 3595 1656 3656 sequamur:
1717 3574 1829 3640 sed
1877 3574 2037 3658 quid
2081 3575 2272 3642 liceat
2316 3598 2575 3660 semper
2622 3578 2829 3642 intue-

877 3682 1091 3727 amur.
1184 3658 1320 3726 Sed
1355 3661 1564 3744 igitur
1608 3659 1946 3745 infigenda
1989 3661 2117 3727 ista
2160 3662 2405 3729 nostris
2451 3663 2707 3743 animis,
2765 3669 2831 3728 et

879 3745 1190 3829 quamdiu
1230 3749 1369 3811 vita
1415 3757 1749 3828 superstes
1794 3750 1918 3812 erit
1961 3746 2357 3825 meditanda,
2407 3746 2716 3832 Deusque
2759 3749 2829 3812 in

888 3831 1203 3897 omnibus
1251 3832 1492 3897 nostris
1540 3832 2042 3898 difficultatibus
2088 3833 2516 3900 invocandus:
2565 3855 2831 3916 speran-

883 3917 1171 4000 dumque
1214 3916 1428 3999 ipsum
1489 3918 1555 3982 in
1603 3917 1903 3983 omnibus
1959 3919 2283 4001 angustiis
2342 3918 2523 3985 nobis
2569 3920 2830 3986 adfutu-

885 4024 1055 4082 rum,
1102 4011 1168 4067 et
1204 4021 1627 4085 quaecunque
1663 4004 2032 4069 necessaria
2068 4003 2150 4067 ad
2174 4005 2492 4070 auxilium
2534 4016 2827 4071 nostrum

882 4090 1150 4167 fuerint,
1188 4087 1789 4170 suppeditaturum:
1838 4089 2387 4173 quemadmodum
2428 4105 2493 4155 et
2515 4090 2832 4175 propheta

885 4177 1080 4253 canit,
1140 4173 1361 4238 Deum
1422 4173 1675 4258 angelis
1732 4176 1867 4240 suis
1911 4174 2259 4241 mandasse
2304 4187 2380 4242 ut
2423 4173 2831 4243 ambulantes

882 4263 953 4328 in
1000 4261 1128 4327 viis
1169 4259 1442 4326 Domini
1478 4260 1869 4338 custodiant,
1917 4271 1984 4325 et
2019 4262 2326 4327 manibus
2370 4263 2506 4329 suis
2551 4270 2832 4347 portent,

886 4370 962 4415 ac
1018 4356 1351 4427 tueantur,
1414 4366 1496 4409 ne
1557 4346 1727 4410 forte
1773 4345 1855 4411 ad
1913 4346 2194 4429 lapidem
2255 4348 2610 4414 offendant.
2698 4347 2830 4416 Ubi

887 4431 1373 4500 observandum
1436 4428 1646 4495 iuberi
1705 4451 2030 4514 quemque
2086 4433 2154 4498 in
2203 4434 2326 4500 viis
2386 4437 2542 4514 suis,
2599 4434 2668 4500 id
2714 4440 2834 4514 est,

886 4520 1011 4586 viis
1055 4540 1214 4606 quas
1258 4518 1397 4601 ipse
1435 4515 1761 4582 Dominus
1785 4518 2226 4602 praescripsit,
2271 4520 2642 4586 ambulare:
2689 4520 2829 4603 qui-

886 4606 1011 4673 bus
1055 4603 1273 4670 verbis
1318 4624 1396 4666 ea
1441 4602 1522 4666 de
1570 4601 1807 4685 quibus
1850 4605 2153 4686 superius
2189 4627 2223 4669 e
2273 4606 2442 4671 imus
2486 4606 2829 4671 continen-

888 4703 1016 4770 tur,
1064 4699 1141 4755 ut
1184 4688 1500 4753 nimirum
1544 4686 1921 4754 obediamus
1956 4688 2122 4770 Deo,
2167 4691 2234 4753 ni
2286 4687 2461 4774 ilque
2496 4701 2744 4756 temere
2766 4698 2834 4756 et

888 4775 1372 4843 inconsiderate
1394 4774 1863 4856 suscipiamus:
1909 4784 1974 4840 et
2018 4786 2363 4859 propterea
2401 4785 2495 4854 ut,
2540 4777 2695 4843 licet
2736 4798 2834 4842 se·-

892 4863 1176 4930 cundum
1223 4861 1635 4925 vocationem
1680 4861 1952 4925 Domini
1998 4861 2390 4941 incedamus,
2433 4862 2587 4927 licet
2628 4862 2834 4928 variis

893 4947 1362 5014 tentationibus
1408 4945 1835 5012 sollicitemur
1879 4946 1959 5010 ad
2007 4946 2275 5026 malum,
2322 4957 2541 5012 tamen
2588 4947 2833 5013 affecti·

892 5036 1016 5103 bus
1051 5032 1294 5099 nostris
1315 5031 1615 5097 fraenum
1639 5032 2032 5112 iniiciamus,
2063 5041 2132 5096 et
2158 5034 2250 5098 ita
2286 5054 2404 5099 nos
2434 5054 2738 5119 geramus
2761 5042 2835 5098 ut

893 5139 1052 5185 vere
1094 5118 1221 5183 dici
1264 5118 1469 5201 possit
1510 5117 1672 5192 nihil
1722 5117 1879 5183 mali
1923 5116 2153 5184 diebus
2189 5119 2431 5184 nostris
2463 5120 2833 5204 contigisse,

894 5205 964 5270 id
1008 5211 1109 5271 est
1141 5204 1235 5271 sic
1272 5225 1391 5270 nos
1435 5204 1612 5269 intra
1646 5203 1891 5270 limites
1914 5203 2386 5285 contineamus,
2424 5227 2506 5271 ne
2548 5227 2833 5290 unquam

2917 581 3044 665 giis
3089 580 3257 645 facta
3302 580 3465 643 tueri
3513 579 3817 643 velimus.
3862 576 4167 642 Difficilis
4204 578 4378 641 enim
4423 580 4602 644 estin
4637 581 4752 648 bono

2915 667 3422 748 perseverantia,
3468 673 3533 727 et
3578 663 3784 729 facilis
3829 663 3911 728 ad
3948 662 4271 747 quaelibet
4305 665 4553 728 consilia
4583 666 4753 748 lapsus.

2918 751 3136 833 Quare
3183 771 3259 814 eo
3305 751 3514 833 magis
3558 748 3984 814 laborandum
4046 756 4146 812 est
4182 760 4254 812 ut
4298 748 4416 814 sub
4455 748 4567 813 Dei
4603 756 4754 835 auspi-

2916 839 3032 903 ciis
3076 835 3450 912 militemus,
3493 845 3560 899 et
3603 834 3775 899 nihil
3820 834 3947 899 nisi
3992 832 4285 899 consulto
4321 844 4385 898 et
4421 834 4755 920 iubenteipso

2914 923 3249 999 faciamus,
3297 932 3364 986 et
3410 921 3768 987 voluntatis
3803 920 4011 1005 ipsius
4054 920 4435 984 firmissima
4476 922 4783 988 testimonis·

2917 1008 3288 1073 habeamus.

3086 1093 3382 1176 Pergens
3426 1107 3642 1157 autem
3684 1090 3939 1174 Abigail
3984 1089 4065 1153 ad
4109 1092 4467 1156 sententiae
4498 1113 4634 1156 suae
4664 1115 4762 1158 eon·

2918 1178 3351 1243 firmationem
3412 1178 3663 1242 adiicit:
3737 1176 3812 1240 Si
3876 1177 4044 1240 enim
4099 1177 4443 1241 surrexerit
4500 1177 4762 1259 aliquando

2916 1265 3093 1329 homo
3140 1284 3519 1345 persequens
3576 1269 3631 1328 te
3683 1267 3736 1326 et
3792 1282 4094 1342 quaerens
4149 1264 4431 1326 animam
4479 1268 4648 1342 mam,
4690 1267 4765 1328 en‘t

2917 1351 3134 1416 anima
3180 1350 3425 1414 domini
3460 1349 3579 1412 mei
3622 1348 3923 1413 custodita
3966 1350 4157 1428 quasi
4198 1349 4269 1411 in
4307 1349 4597 1428 fascialo
4625 1350 4764 1412 υίυαι·

2916 1437 3077 1501 tium
3120 1435 3293 1516 apud
3338 1434 3679 1500 Dominum
3700 1433 3909 1499 Deum
3943 1439 4139 1498 tuum.
4188 1431 4615 1499 Similitudine
4632 1455 4766 1518 perro

2920 1522 3148 1599 utitur,
3204 1540 3372 1604 quae
3418 1518 3639 1584 durior
3682 1517 3867 1584 nobis
3912 1518 4127 1584 videri
4167 1521 4400 1584 merito
4444 1529 4653 1602 posset,
4692 1520 4770 1585 sed

2919 1628 3087 1691 quae
3133 1617 3352 1672 tamen
3396 1603 3560 1670 nihil
3605 1604 4021 1669 obscuritatis
4060 1606 4126 1668 in
4162 1626 4234 1669 se
4280 1604 4494 1678 babet,
4534 1607 4774 1688 quamsit

2920 1695 3207 1759 animam
3251 1690 3530 1756 Davidis
3574 1688 3967 1755 custoditam
4014 1691 4150 1755 fore
4208 1691 4399 1773 quasi
4441 1691 4506 1754 in
4550 1691 4777 1756 fasciculo

2923 1776 3094 1861 apud
3140 1775 3376 1842 Deum.
3419 1775 3551 1841 Sed
3599 1776 3905 1857 quoniam
3952 1773 4082 1839 Dei
4129 1775 4570 1857 providentiae
4606 1796 4776 1840 arcens

2923 1875 3054 1926 tam
3073 1863 3377 1927 sublimia
3390 1873 3564 1937 sunt,
3608 1873 3677 1924 ut
3697 1881 3772 1925 ea
3791 1881 3918 1925 non
3936 1862 4095 1926 satis
4112 1861 4413 1926 sensibus
4431 1864 4778 1927 nostrisasse-

2922 1969 3220 2031 quamur,
3268 1946 3505 2012 idcireo
3541 1948 3865 2029 scriptura
3891 1947 4087 2012 veluti
4114 1947 4453 2013 nobiscum
4478 1947 4779 2023 balbutiens,

2918 2035 3035 2098 illa
3092 2031 3476 2116 quibusdam
3536 2032 3794 2097 usitatis
3842 2032 4014 2114 apud
4074 2053 4189 2096 nos
4245 2032 4589 2116 phrasibus
4625 2034 4779 2115 expri-

2923 2122 3062 2184 mit.
3128 2117 3240 2184 Sic
3285 2117 3545 2202 Abigail
3594 2116 3715 2184 boc
3775 2116 3912 2182 loco
3956 2118 4083 2182 Dei
4143 2119 4585 2201 providentiae
4623 2139 4780 2185 curam

2924 2206 3046 2271 hac
3080 2203 3510 2270 similitudine
3553 2213 3979 2286 representat,
4024 2205 4208 2285 quasi
4236 2205 4421 2268 Deus
4456 2224 4608 2285 quos
4638 2215 4781 2269 custo·

2923 2292 3018 2356 dit
3042 2289 3348 2356 fasciculo
3387 2289 3699 2366 involvat,
3739 2298 3804 2352 et
3840 2297 4151 2371 tanquam
4192 2293 4540 2371 pretiosam
4575 2290 4783 2370 aliquam

2924 2397 3248 2461 gemmam
3295 2375 3363 2438 in
3412 2374 3629 2458 aliquo
3673 2375 3936 2457 puriore
3981 2387 4047 2438 et
4079 2376 4411 2441 sanctiore
4453 2375 4587 2441 loco
4624 2394 4781 2439 recon-

2926 2463 3056 2541 dat,
3094 2483 3183 2526 ·ne
3225 2482 3388 2543 opus
3447 2463 3531 2526 sit
3588 2480 3899 2542 quaerere
3958 2459 4202 2524 diutius
4259 2461 4574 2526 abiectam
4626 2473 4684 2524 et
4713 2480 4786 2522 ne-

2973 2548 3226 2612 lectam.
3278 2545 3388 2612 Sic
3413 2544 3595 2610 Deus
3641 2546 3892 2610 animas
3930 2546 4281 2611 electorum
4304 2567 4575 2618 suorum
4612 2544 4786 2610 habere

2927 2571 3168 2698 {icitur
3223 2643 3533 2714 tanquam
3593 2631 3664 2695 in
3724 2631 4030 2696 fasciculo
4086 2645 4484 2714 compactas,
4540 2631 4687 2715 quod
4718 2651 4788 2694 eas

2927 2741 3047 2784 sua
3103 2717 3520 2801 providentia
3576 2724 3908 2799 protegat:
3966 2728 4033 2781 et
4089 2718 4182 2782 ita
4234 2718 4522 2783 Davidis
4573 2718 4785 2781 animam

2928 2804 3192 2888 Abigail
3217 2804 3371 2869 dicit
3391 2823 3430 2866 a
3447 2803 3588 2868 Deo
3608 2801 4097 2886 protegendam.
4142 2803 4354 2869 Porro
4382 2804 4534 2870 licet
4555 2803 4789 2868 feminam

2929 2890 3036 2956 hic
3094 2890 3462 2972 loquentem
3521 2886 3894 2966 audiamus,
3954 2886 4388 2954 nihilominus
4451 2901 4655 2954 tamen
4701 2889 4791 2949 eius

2930 2975 3227 3042 doctrina
3270 2983 3372 3039 est
3426 2986 3735 3057 tanquam
3797 2972 3879 3038 ab
3934 2974 4076 3056 ipso
4121 2975 4249 3040 Dei
4300 2975 4540 3059 spiritu
4581 2973 4794 3057 proteus

2931 3060 3316 3144 recipienda,
3361 3059 3548 3123 cuius
3584 3058 3698 3123 illa
3726 3059 3850 3124 fuit
3871 3080 4190 3142 organum
4227 3071 4295 3124 et
4336 3062 4793 3127 instrumentum.

2931 3147 3373 3229 Quamobrem
3410 3145 3849 3220 observemus,
3898 3147 4098 3211 vitam
4126 3156 4450 3228 nostram,
4494 3167 4649 3230 quae
4683 3140 4793 3208 nihil

2929 3234 3056 3298 nisi
3094 3231 3359 3315 quidam
3399 3230 3646 3295 halitus
3671 3230 3945 3308 videtur,
3991 3241 4055 3295 et
4091 3232 4301 3297 instar
4343 3254 4554 3316 aquae
4575 3231 4793 3296 diffluere

2930 3318 3129 3399 solet,
3196 3330 3414 3381 tamen
3481 3336 3624 3382 esse
3688 3315 4128 3382 firmissimam
4197 3317 4376 3400 quod
4444 3318 4583 3383 eius
4636 3331 4795 3382 euram

2931 3424 3158 3490 gerere
3203 3404 3389 3468 Deus
3432 3400 3767 3485 dignetur.
3826 3400 4078 3467 Idcirco
4121 3404 4452 3486 propheta
4495 3405 4562 3468 in
4604 3401 4797 3485 psalmis

2929 3489 3104 3556 canit
3148 3490 3277 3554 Dei
3320 3486 3831 3553 misericordiam
3888 3486 4083 3568 longe
4139 3491 4671 3572 praestantiorem
4702 3502 4794 3549 aaa

2929 3577 3105 3641 omni
3142 3575 3301 3640 vita.
3347 3573 3519 3639 Nam
3555 3573 3613 3638 si
3649 3574 3873 3638 multis
3909 3573 4277 3640 rationibus
4314 3575 4617 3640 instructi
4645 3571 4796 3637 vides·

2929 3682 3080 3727 mur
3123 3659 3204 3725 ad
3251 3660 3430 3724 vitae
3490 3668 3750 3724 nostrae
3808 3660 4199 3724 tutationem
4242 3662 4791 3743 protectionemque.

2931 3755 2999 3812 et
3031 3746 3101 3811 in
3146 3744 3310 3811 illud
3349 3744 3636 3810 studium
3661 3745 3829 3810 serio
3865 3744 4342 3824 incumbamus,
4390 3746 4612 3812 irritus
4648 3755 4799 3808 tamen

2930 3843 2997 3899 et
3040 3832 3252 3898 inanis
3297 3829 3409 3897 ille
3452 3831 3711 3896 futurus
3755 3840 3854 3896 est
3898 3829 4099 3904 labor,
4156 3832 4282 3896 nisi
4333 3831 4524 3899 Deus
4576 3832 4693 3914 ipse
4722 3844 4797 3890 ποι

2932 3914 3284 3986 custodiat:
3331 3916 3443 3983 sed
3481 3936 3681 3998 quum
3723 3936 3843 3982 nos
3878 3936 4018 3982 esse
4050 3915 4194 3982 Deo
4225 3939 4456 4000 curae,
4501 3927 4567 3984 et
4584 3911 4796 3999 quando-

2930 4002 3195 4088 quidem
3237 4024 3358 4068 nos
3403 4003 3472 4066 in
3518 4005 3638 4067 hoc
3674 4001 3921 4068 mundo
3965 4000 4329 4081 collocavit,
4379 4004 4577 4070 etiam
4595 3997 4797 4069 subala·

2932 4111 3085 4155 rum
3126 4109 3392 4154 suarum
3438 4087 3671 4153 umbra
3714 4088 3934 4152 fovere
3975 4089 4237 4169 scimus,
4281 4088 4500 4157 denec
4532 4110 4609 4156 ex
4643 4082 4799 4154 eodm

2933 4177 3094 4242 velit
3116 4195 3439 4253 revocare,
3481 4172 3696 4237 omnis
3738 4184 3955 4238 metus
3992 4173 4239 4240 occasio
4284 4175 4554 4242 sublata
4584 4172 4798 4240 videtur:

2932 4272 3001 4327 et
3041 4261 3309 4326 maioris
3346 4257 3642 4325 facienda
3673 4256 3789 4322 illa
3811 4257 4084 4323 Domini
4117 4261 4441 4340 custodia,
4483 4280 4659 4344 quam
4684 4254 4795 4322 aliae

2932 4368 3159 4412 omnes
3205 4346 3534 4411 humanae
3569 4354 3743 4408 artes
3777 4357 3841 4409 et
3864 4343 4256 4413 monitiones
4292 4347 4537 4429 quibus
4576 4366 4677 4410 nos
4700 4358 4794 4424 pm·

2934 4433 3068 4517 tegi
3112 4442 3586 4515 expeteremus.
3676 4428 3858 4510 Deus
3918 4432 4131 4513 itaque
4191 4432 4525 4516 singulari
4560 4450 4664 4498 nos
4692 4440 4795 4491 cun

2933 4519 3364 4602 prosequitur,
3422 4514 3944 4600 quandoquidem
4002 4525 4200 4582 amat.
4266 4518 4366 4583 Et
4408 4519 4538 4584 nisi
4589 4512 4795 4608 prfltffoss

2933 4605 3030 4670 illi
3076 4602 3212 4671 vita
3253 4613 3483 4669 nostra
3527 4610 3717 4678 esset,
3765 4622 3923 4667 sane
3966 4600 4128 4667 illud
4171 4603 4562 4687 protegendi
4589 4600 4793 4693 offimtffm

2934 4690 3058 4756 sibi
3094 4711 3224 4755 non
3247 4697 3605 4772 arrogaret.
3648 4686 3881 4771 Neque
3905 4708 4060 4754 vero
4101 4689 4347 4756 nostris
4388 4688 4632 4755 meritis
4655 4687 4795 4767 ipsus

2934 4778 3004 4841 in
3048 4797 3170 4841 nos
3229 4773 3486 4841 bonitas
3544 4783 3611 4840 et
3653 4772 4094 4839 misericordia
4151 4785 4251 4840 est
4293 4771 4678 4847 ascribenda,
4718 4761 4789 4831 00¹³

2933 4864 3294 4927 immensae
3331 4862 3544 4943 potius
3578 4858 3788 4944 ipsius
3827 4858 4228 4940 clementiae,
4271 4863 4391 4943 qui
4414 4867 4789 4935 seseeousqt·

2935 4946 3250 5028 demittit,
3306 4957 3382 5012 ut
3440 4956 3575 5011 tam
3634 4945 3905 5012 miseros
3963 4946 4441 5014 homunciones
4498 4963 4709 5017 amm.
4750 4945 4789 4996 ὅ

2935 5054 3057 5101 nos
3096 5034 3166 5098 in
3211 5053 3403 5100 suam
3445 5030 3739 5112 tutelam,
3783 5051 3906 5096 nos
3947 5033 4232 5114 inquam,
4276 5054 4421 5099 non
4456 5041 4687 5100 tantum
4716 5023 4787 5088 lw-

2936 5119 3335 5197 munciones,
3383 5116 3499 5184 sed
3554 5115 3958 5184 miserrimas
4013 5124 4376 5202 creaturas,
4435 5130 4635 5185 terrae
4676 5111 4783 5176 lun·

2937 5206 3168 5284 bricos,
3227 5204 3508 5271 vanitati
3567 5215 3632 5269 et
3688 5204 4091 5289 corruptioni
4147 5202 4473 5273 obnoxios
4524 5199 4785 5284 sumpse.
