5059 6059
843 315 977 385 599

846 503 961 591 sed
1016 505 1212 569 etiam
1270 502 1674 571 habitatione
1734 512 1798 568 et
1858 505 2221 570 usufructu.
2314 501 2424 572 Sic
2477 504 2668 571 Deus
2723 504 2796 571 in

845 589 1059 661 medio
1104 597 1400 655 nostrum
1446 601 1513 654 et
1558 589 1872 669 habitare,
1930 600 1997 655 et
2040 612 2111 655 se
2172 611 2303 655 non
2362 590 2556 661 aliter
2605 589 2797 657 nobis

847 675 1154 741 delectari
1192 676 1560 757 profitetur,
1604 697 1801 759 quam
1839 676 2025 741 dives
2060 676 2384 760 quispiam
2421 677 2613 743 bonis
2656 676 2796 743 suis

842 782 1122 845 quorum
1187 756 1502 843 adspectu
1569 770 1635 825 et
1702 763 2044 829 usufructu
2112 761 2488 828 delectatur.
2602 760 2794 843 Quod

843 868 999 913 vero
1025 845 1265 926 David,
1310 868 1381 911 se
1421 848 1824 930 possessione
1847 845 2119 913 Domini
2156 849 2433 915 eiectum
2476 851 2794 932 queritur,

843 933 1014 1018 quod
1051 930 1134 998 ad
1175 932 1425 999 alienos
1463 933 1618 999 deos
1653 933 1959 1000 colendos
1995 934 2296 1015 pellatur,
2346 955 2426 999 ex
2465 955 2540 998 eo
2584 934 2795 1000 disca-

843 1039 996 1087 mus
1056 1040 1185 1083 non
1252 1026 1508 1083 tantum
1567 1020 1791 1103 fugere
1835 1022 2289 1102 corruptiones
2335 1020 2796 1101 idololatricae,

843 1116 909 1170 et
960 1104 1128 1189 ipsis
1188 1104 1381 1169 fidem
1442 1125 1574 1170 non
1636 1105 1966 1183 adhibere,
2026 1105 2139 1171 sed
2198 1107 2397 1173 etiam
2441 1106 2794 1190 diligenter

841 1210 1214 1268 caveamus,
1276 1212 1360 1257 ne
1422 1189 1525 1256 vel
1584 1191 1789 1256 latum
1835 1212 2126 1275 unguem
2172 1213 2213 1256 a
2255 1192 2540 1275 puritate
2584 1192 2793 1258 divini

841 1276 1062 1347 uultus
1130 1274 1540 1355 recedamus,
1616 1284 1685 1341 et
1743 1275 1910 1341 nihil
1970 1278 2275 1343 simulate
2334 1299 2565 1342 eorum
2626 1298 2793 1360 quae

841 1362 1028 1427 Deus
1052 1362 1374 1444 praecipit
1410 1362 1746 1446 faciamus,
1784 1361 1954 1445 quod
1992 1364 2215 1431 nullus
2251 1364 2335 1429 sit
2373 1362 2546 1447 apud
2569 1363 2793 1429 Deum

840 1444 1106 1514 futurus
1164 1446 1349 1513 nobis
1398 1449 1803 1514 excusationi
1848 1450 2042 1514 loeus.
2129 1449 2351 1514 David
2395 1458 2793 1531 conquestus

842 1532 942 1600 est
1006 1533 1178 1616 quod
1246 1532 1494 1599 Iudaea
1559 1535 1770 1617 patria
1836 1535 2155 1611 exsulare,
2223 1546 2289 1599 et
2352 1537 2422 1599 in
2488 1538 2793 1619 profanas

841 1622 1141 1703 regiones
1200 1620 1272 1682 in
1332 1619 1571 1702 quibus
1632 1617 1996 1686 idololatria
2048 1619 2382 1686 obtinebat
2439 1622 2792 1706 confugere

841 1715 1201 1790 cogeretur,
1258 1715 1326 1768 et
1382 1705 1556 1788 apud
1616 1706 1919 1772 inimicos
1977 1708 2273 1772 veritatis
2319 1709 2589 1783 versari,
2648 1708 2790 1773 ani-

839 1813 1022 1859 mum
1085 1811 1328 1875 purum
1389 1793 1697 1869 retinenS,
1760 1805 1823 1856 et
1884 1793 1951 1856 in
2004 1791 2157 1858 fidei
2200 1793 2603 1859 confessione
2647 1815 2793 1877 per-

840 1899 1170 1953 severans,
1217 1888 1282 1940 et
1320 1877 1495 1942 vitae
1530 1878 1822 1960 periculo
1859 1879 2036 1942 illam
2074 1880 2463 1944 confirmare
2505 1888 2790 1961 paratus.

838 1962 1008 2029 Nam
1076 1961 1280 2046 probe
1346 1963 1610 2028 tenebat
1673 1985 1744 2029 se
1803 1965 1860 2029 si
1915 1965 2256 2030 simularet
2312 1985 2655 2030 assensum
2718 1967 2791 2032 in

840 2050 854 2063 '
908 2070 1130 2115 sorum
1194 2047 1601 2133 religionem,
1662 2071 1846 2115 reum
1894 2051 2030 2115 fore
2076 2072 2294 2117 coram
2343 2051 2629 2115 Domino
2675 2074 2788 2116 ne-

834 2157 879 2219 g
906 2135 1034 2201 ecti
1100 2133 1229 2199 Dei
1299 2144 1365 2199 et
1443 2136 1686 2217 recepti
1762 2136 1983 2200 cultus
2068 2136 2336 2203 deorum
2402 2137 2787 2215 alienorum,

836 2221 1095 2287 etiamsi
1131 2220 1324 2285 corde
1361 2219 1826 2286 abhorruisset.
1888 2221 2065 2303 Quid
2110 2224 2316 2306 igitur
2357 2222 2439 2288 iis
2483 2222 2788 2289 futurum

837 2318 957 2385 est,
1014 2310 1126 2401 qui
1183 2327 1252 2371 se
1314 2306 1489 2371 ultro
1544 2308 1615 2373 in
1676 2307 1798 2373 hoc
1861 2307 2221 2390 periculum
2278 2310 2663 2388 coniiciunt,
2723 2318 2791 2375 et

837 2392 962 2459 sibi
1019 2393 1179 2473 ipsis
1237 2391 1483 2457 malum
1529 2392 1918 2459 accersunt?
2008 2393 2450 2474 Quamobrem
2498 2395 2785 2477 primum

840 2478 1070 2543 demus
1105 2498 1389 2561 operam,
1437 2485 1513 2542 ut
1556 2479 1622 2543 in
1671 2480 1750 2544 iis
1794 2478 1952 2545 locis
1996 2499 2395 2561 maneamne,
2438 2482 2505 2544 in
2553 2481 2788 2563 quibus

838 2562 1110 2629 libertas
1154 2584 1315 2646 pure
1359 2563 1577 2628 Deum
1624 2564 1973 2631 invocandi
2017 2566 2416 2632 conceditur.
2476 2564 2787 2633 Secundo

841 2671 1189 2717 caveamus
1248 2669 1333 2712 ne
1390 2649 1473 2714 ob
1531 2651 1888 2732 quamlibet
1945 2653 2402 2718 necessitatem
2456 2652 2538 2717 iis
2592 2653 2788 2719 rebus

840 2756 1005 2820 quae
1053 2733 1273 2799 divino
1317 2735 1522 2800 cultui
1570 2745 1945 2820 repugnant
1988 2737 2477 2804 adhaereamus.
2557 2739 2789 2822 Neque

841 2822 1017 2887 enim
1077 2822 1204 2885 erit
1263 2821 1436 2903 apud
1496 2822 1712 2887 Deum
1772 2822 2070 2905 legitima
2124 2824 2263 2888 ulla
2321 2825 2672 2905 excusatio,
2733 2825 2788 2889 si

838 2907 1016 2973 idola
1097 2907 1310 2971 colere
1394 2929 1509 2972 nos
1586 2909 1970 2975 simulemus
1992 2957 2013 2992 ,
2094 2909 2391 2976 dicamus
2456 2930 2612 2976 vero
2678 2929 2790 2975 oor

839 3002 1142 3059 nostrum
1177 2992 1259 3056 ab
1287 2993 1370 3057 iis
1405 2992 1599 3076 longe
1644 2994 1886 3060 abesse.
1956 2996 2095 3059 Nec
2130 2997 2305 3060 enim
2353 2995 2789 3063 dubitandum

840 3088 942 3145 est
985 3079 1141 3161 quin
1184 3077 1299 3142 illa
1340 3079 1672 3145 simulatio
1712 3101 1929 3145 coram
1978 3079 2119 3146 Deo
2163 3081 2383 3148 cultus
2427 3082 2789 3149 alienorum

841 3162 1115 3233 deorum
1172 3174 1529 3246 reputetur.
1620 3165 1799 3233 Sane
1855 3177 2108 3232 certum
2168 3178 2267 3235 est
2312 3166 2639 3233 Davidem
2660 3218 2675 3247 ,
2734 3169 2790 3233 si

840 3251 1073 3317 fuisset
1134 3249 1207 3315 in
1273 3271 1416 3314 eam
1484 3251 1940 3319 necessitatem
2005 3253 2354 3333 coniectus,
2419 3275 2503 3320 ex
2571 3256 2789 3319 animo

841 3344 1100 3405 tantum
1160 3337 1209 3401 fl
1296 3335 1489 3401 itium
1552 3338 1752 3403 fuisse
1811 3337 2361 3417 abominaturum,
2422 3361 2625 3423 quum
2670 3361 2784 3424 ag-

841 3432 1072 3489 noscat
1109 3423 1239 3488 istu
1322 3442 1465 3488 esse
1511 3423 1634 3489 diis
1679 3424 1911 3490 alienis
1952 3426 2220 3503 servire,
2266 3425 2789 3509 quandoquidem

843 3530 1015 3575 unus
1063 3508 1247 3573 Deus
1299 3520 1400 3574 est
1459 3530 1675 3588 verus,
1735 3510 1852 3593 qui
1910 3508 2182 3592 proinde
2228 3510 2484 3577 adorari
2535 3512 2677 3577 vult
2719 3513 2792 3576 in

843 3594 1081 3676 spiritu
1140 3604 1207 3659 et
1265 3595 1564 3660 veritate.
1656 3596 1876 3661 Deum
1932 3596 2152 3678 itaque
2206 3598 2377 3663 ferre
2422 3619 2555 3665 non
2600 3618 2792 3681 posse

840 3679 1004 3745 istas
1062 3679 1407 3744 hominum
1468 3680 1921 3748 simulationes
1964 3681 2410 3767 observemus,
2468 3683 2791 3768 siquidem

842 3765 1187 3835 verissima
1243 3777 1345 3830 est
1399 3765 1520 3831 filii
1565 3768 1695 3832 Dei
1738 3771 2085 3847 sententia,
2131 3778 2230 3834 tot
2268 3769 2427 3834 locis
2471 3770 2543 3835 in
2589 3770 2793 3834 sacris

843 3852 1130 3933 repetita
1153 3900 1169 3927 ‚
1228 3871 1421 3932 quam
1492 3854 1637 3936 ipsa
1700 3854 2107 3936 experientia
2172 3854 2551 3938 comprobat
2575 3906 2594 3936 ‚
2660 3876 2792 3921 non

842 3957 1036 4023 posse
1080 3937 1382 4001 homines
1426 3936 1679 4005 duobus
1724 3938 2006 4005 dominis
2053 3940 2391 4017 inservire,
2430 3940 2547 4005 sed
2591 3941 2793 4005 alium

844 4030 1199 4098 amaturos,
1259 4021 1460 4087 alium
1520 4045 1680 4088 vero
1731 4025 1881 4089 odio
1928 4025 2283 4105 habituros,
2344 4027 2647 4092 homines
2692 4028 2795 4091 in-

842 4130 1044 4195 quam
1089 4130 1225 4172 non
1271 4128 1457 4191 posse
1484 4111 1627 4175 Deo
1669 4122 1735 4175 et
1780 4111 2039 4176 diabolo
2086 4113 2352 4177 servire.
2420 4111 2535 4181 Sic
2569 4112 2792 4178 David

842 4194 969 4263 hoc
1023 4194 1162 4261 loco
1214 4196 1563 4278 profitetur
1607 4217 1740 4262 non
1782 4195 1981 4262 licere
2022 4199 2148 4263 sibi
2191 4198 2537 4264 hominum
2582 4219 2796 4263 mores

842 4281 1111 4357 imitari,
1172 4293 1251 4361 ut
1306 4302 1450 4345 sese
1511 4282 1672 4365 ipsis
1730 4283 2194 4361 accommodet,
2254 4293 2322 4350 et
2363 4286 2795 4368 gratificetur.

848 4366 983 4434 Sed
1042 4368 1163 4431 ait:
1226 4367 1371 4432 Deo
1430 4388 1595 4450 pure
1651 4375 1718 4432 et
1760 4370 2009 4434 sincere
2053 4390 2195 4437 esse
2238 4370 2677 4449 serviendum,
2724 4381 2800 4435 ut

846 4475 1001 4521 vere
1056 4453 1350 4537 profiteri
1412 4454 1757 4537 possimus,
1828 4475 1948 4520 nos
2004 4456 2209 4539 ipsius
2263 4477 2405 4522 esse
2422 4507 2441 4537 ,
2495 4467 2560 4522 et
2619 4455 2796 4522 debi-

847 4549 984 4691 tiam
1053 4540 1494 4605 reverentiam
1573 4540 1699 4623 ipsi
1779 4538 1904 4605 soli
1972 4540 2214 4609 deberi.
2323 4542 2414 4607 Et
2482 4542 2798 4609 hactenus

893 4646 929 4691 6
971 4624 1136 4691 istis.

1021 4711 1385 4795 Pergamus
1457 4710 1525 4775 in
1605 4712 1955 4778 verborum
2028 4712 2305 4779 istorum
2360 4714 2800 4797 expositione:

852 4796 985 4866 Gur
1038 4797 1327 4880 procedit
1391 4816 1504 4863 rex
1570 4797 1845 4865 Israelis
1907 4798 1997 4865 ad
2051 4801 2477 4879 quaerendum
2522 4800 2803 4881 pulicem

849 4903 1049 4953 vnum
1064 4932 1080 4961 ,
1148 4902 1223 4948 ac
1285 4884 1348 4948 si
1403 4890 1876 4966 persequeretur
1928 4883 2205 4967 pulicem
2219 4884 2282 4970 ³²)
2341 4887 2414 4951 in
2474 4887 2800 4955 montibus.

2881 1619 3085 1685 'illum
3129 1619 3281 1685 inde
3321 1618 3587 1703 gloria?
3659 1617 3732 1686 Si
3778 1619 3924 1702 quis
3967 1619 4144 1685 enim
4189 1617 4472 1702 exempli

2518 315 2936 385 HOMILIA
2975 315 3192 383 XCV.
4643 319 4731 389 600

2897 501 3189 569 conditio
3248 502 3454 570 docet.
3547 501 3678 569 Sed
3739 522 3905 585 quae
3963 511 4185 569 tamen
4242 501 4368 584 ipsi
4422 503 4497 567 sit
4534 502 4732 588 boneta,

2944 588 3070 654 uod
3144 589 3396 656 inimici
3466 587 3877 672 superbiam,
3935 598 4002 654 et
4062 587 4493 673 arrogantiam
4538 588 4731 659 defient

3016 674 3156 741 ‘bus
3193 676 3421 741 'verbis
3466 674 3775 741 docemur
3818 674 4137 757 quomodo
4183 694 4300 738 nos
4342 673 4410 739 in
4451 675 4637 741 mediis
4666 699 4738 742 au·

2897 761 3134 845 gustiis
3194 761 3481 846 gaudere
3539 761 3901 845 oportebat,
3968 782 4170 860 quum
4227 760 4307 825 ab
4367 759 4540 824 huius
4583 762 4738 828 mundi

2896 846 3275 930 proceribus
3310 856 3378 912 et
3413 848 3762 930 primariae
3806 846 4152 931 dignitatis
4196 845 4357 910 viris
4401 846 4604 912 iniuste
4633 849 4744 913 affii-

2896 933 3131 1015 gimur.
3238 931 3328 999 Se
3404 933 3610 1017 igitur
3667 931 3889 997 David
3963 946 4300 1015 comparat
4373 932 4548 1014 pulici
4602 954 4649 1015 q.
4701 932 4739 998 <l

2898 1019 3143 1101 Ecquis
3179 1018 3448 1087 tandem
3492 1019 3705 1082 honor
3746 1027 3815 1082 et
3857 1018 4063 1102 gloria
4109 1018 4247 1101 regi
4293 1018 4639 1099 acquiretur,
4669 1020 4746 1103 qui

2897 1112 3111 1187 potest
3151 1102 3467 1173 adversus
3510 1123 3788 1187 magnos
3832 1104 4165 1170 exercitus
4209 1103 4449 1169 bellum
4488 1124 4683 1187 gerere,
4710 1106 4745 1169 si

2896 1191 3025 1254 iam
3086 1190 3262 1257 vires
3321 1211 3476 1256 suas
3538 1189 3825 1273 explicet
3883 1189 4201 1256 adversus
4243 1209 4467 1257 canem
4502 1200 4746 1255 mortuum

2896 1286 2962 1341 et
3005 1276 3336 1359 pulicem?
3419 1276 3560 1341 Nae
3600 1274 3867 1341 cuilibet
3908 1285 4142 1341 notum
4185 1283 4286 1340 est
4325 1294 4552 1359 magno
4589 1276 4748 1358 pudori

2895 1363 3065 1428 verti
3104 1364 3352 1447 potenti
3399 1362 3669 1439 homini,
3715 1370 3783 1427 et
3826 1362 4174 1445 primariae
4219 1360 4544 1444 dignitatis
4579 1362 4686 1425 viro
4713 1364 4748 1426 si

2895 1446 2965 1512 in
3011 1449 3322 1517 miserum
3368 1447 3869 1513 homuncionem
3916 1449 4232 1530 impetum
4279 1448 4514 1523 fecerit,
4563 1461 4654 1511 aut
4686 1469 4750 1510 ro·

2898 1534 3089 1598 busto
3153 1535 3212 1600 si
3270 1535 3340 1599 in
3398 1535 3736 1601 infirmum
3791 1533 4081 1610 irruerit,
4139 1553 4466 1616 quaenam
4518 1533 4665 1632 enini
4695 1533 4750 1597 ad

4509 1628 4682 1703 gratia
4706 1641 4754 1682 m

2896 1705 3282 1789 languidum
3314 1718 3382 1771 et
3425 1705 3651 1770 morbo
3694 1714 4039 1789 tantopere
4081 1704 4492 1770 debilitatum
4533 1704 4752 1786 aliquan,

2894 1799 2970 1855 ut
3029 1812 3111 1857 ne
3170 1790 3403 1875 pedem
3462 1789 3726 1874 quidem
3785 1811 4050 1857 movere
4107 1793 4346 1875 possit,
4405 1790 4670 1866 irrueret,
4706 1800 4755 1853 et

2894 1876 3110 1961 plagis
3168 1877 3502 1956 laceraret,
3560 1897 3775 1943 nonne
3825 1877 4169 1962 indignum
4227 1874 4513 1941 hominis
4565 1876 4754 1953 facinus

2894 1972 2961 2027 et
3019 1983 3289 2046 prorsus
3346 1962 3832 2029 intolerandum
3879 1984 4107 2029 omnes
4147 1960 4571 2028 iudicabunt?
4609 1972 4694 2025 aut
4719 1961 4757 2024 si

2892 2049 3042 2131 quis
3101 2050 3451 2133 primariae
3511 2047 3852 2132 dignitatis
3906 2049 4036 2129 vir,
4092 2068 4242 2113 cum
4301 2048 4551 2113 abiecto
4601 2058 4652 2110 et
4683 2046 4760 2109 vili

2892 2134 3111 2219 aliquo
3170 2133 3495 2199 nebulone
3540 2136 3819 2214 rixetur,
3875 2156 4099 2200 nonne
4144 2134 4433 2200 ludibrio
4474 2131 4761 2206 habebitur,

2892 2229 2957 2285 et
3018 2220 3186 2287 nihil
3243 2220 3415 2286 forte
3474 2234 3540 2285 et
3597 2221 4095 2304 magnanimum
4154 2221 4226 2285 in
4270 2241 4341 2285 se
4390 2220 4615 2285 habere
4647 2217 4761 2281 iudi-

2891 2306 3165 2386 cabitur,
3209 2314 3326 2371 aut
3368 2306 3426 2372 si
3471 2306 3618 2388 quis
3662 2308 3768 2371 vir
3813 2306 4117 2372 robustus
4159 2308 4230 2371 in
4272 2305 4588 2371 infantem
4623 2305 4762 2382 impo-

2892 2401 3031 2457 tum
3090 2393 3335 2471 fecerit,
3394 2413 3614 2456 nonne
3668 2400 3983 2476 tanquam
4045 2391 4259 2457 bellua
4301 2392 4604 2457 immanis
4635 2388 4764 2453 habe·

2891 2477 3118 2543 bitur?
3204 2477 3311 2542 Ita
3351 2476 3578 2544 David
3625 2475 3893 2544 Saulem
3955 2477 4259 2543 admonet
4305 2500 4438 2542 non
4484 2497 4654 2559 posse
4677 2473 4765 2555 ipsi

2894 2564 3127 2628 honori
3193 2562 3442 2643 cedere,
3506 2561 3677 2645 quod
3745 2572 3882 2628 tam
3950 2564 4271 2629 abiectum
4341 2562 4771 2628 homuncionem

2893 2659 3413 2732 persequeretur.
3520 2649 3755 2732 Neque
3829 2671 3985 2715 vero
4049 2649 4384 2715 Davidem
4454 2647 4772 2713 arbitremur

2895 2734 2975 2800 de
3010 2746 3286 2801 externa
3328 2756 3454 2801 sua
3491 2734 3860 2801 conditione
3905 2744 4164 2801 tantum
4212 2735 4417 2800 verba
4460 2735 4667 2810 facere,
4697 2726 4776 2795 sed

2894 2822 3303 2905 potissimum
3343 2820 3424 2885 de
3460 2821 3663 2887 animi
3697 2823 3798 2887 sui
3836 2822 4213 2900 abiectione,
4257 2834 4333 2885 ut
4360 2819 4582 2887 Saulis
4610 2837 4775 2900 super·

2894 2908 3071 2975 biam
3137 2908 3418 2973 deiiciat.
3528 2907 3591 2972 N
3594 2927 3666 2972 os
3745 2908 3951 2991 igitur
4016 2908 4477 2991 superborum,
4541 2920 4603 2969 et
4655 2921 4777 2968 arro·

2895 2994 3192 3077 gantium
3255 2993 3597 3059 hominum
3643 2992 3935 3058 furorem
3980 2993 4296 3059 deiecturi
4345 3015 4433 3058 ne
4479 2992 4780 3065 efferamur,

2894 3079 3058 3145 haec
3114 3080 3289 3144 enim
3335 3088 3434 3144 est
3476 3079 3968 3143 contentionum
4028 3088 4097 3145 et
4154 3080 4572 3161 querelarum
4615 3093 4780 3141 cause:

2894 3163 3057 3232 haec
3114 3164 3375 3230 flabella
3429 3163 3724 3230 caedium
3782 3175 3852 3230 et
3907 3165 4268 3249 iurgiorum
4288 3213 4306 3244 ,
4385 3186 4588 3248 quum
4634 3163 4696 3226 de
4731 3176 4783 3222 ee

2894 3251 3060 3316 nihil
3107 3250 3380 3316 modesti
3425 3252 3785 3316 sentientes
3828 3250 4129 3316 homines
4172 3253 4243 3315 in
4287 3252 4584 3315 furorem
4623 3263 4779 3311 erum·

2893 3346 3092 3420 punt,
3168 3358 3371 3419 quum
3431 3357 3502 3402 se
3556 3337 3783 3421 magni
3840 3338 3986 3401 fieri
4041 3345 4110 3401 et
4169 3335 4406 3402 haberi
4469 3335 4698 3410 volunt,
4735 3338 4787 3393 et

2892 3423 3148 3488 nullum
3208 3422 3492 3504 amplius
3549 3423 3787 3488 rationi
3843 3422 4057 3488 locum
4116 3422 4532 3506 relinquunt.
4629 3412 4789 3484 David

2893 3519 3124 3576 contra
3181 3509 3529 3591 profitetur
3573 3529 3644 3573 se
3687 3529 3824 3574 non
3866 3507 4073 3574 fuisse
4118 3507 4251 3573 ulla
4295 3508 4652 3573 ambitione
4687 3503 4792 3567 clue·

2895 3606 3054 3673 tum,
3114 3593 3230 3659 sed
3289 3614 3366 3659 eo
3432 3593 3639 3659 fuisse
3699 3602 4083 3660 contentum
4140 3594 4316 3677 quod
4377 3592 4569 3658 Deus
4622 3608 4791 3657 conce-

2894 3679 3109 3761 debat,
3154 3689 3221 3745 et
3264 3679 3529 3762 quidem
3573 3701 3644 3746 se
3687 3701 3728 3745 a
3748 3679 3895 3745 Deo
3940 3678 4263 3746 deiectum
4312 3689 4387 3746 et
4433 3678 4792 3745 humiliatum

2894 3767 3220 3851 patienter
3262 3765 3514 3842 tulisse,
3560 3776 3626 3831 et
3668 3765 3858 3832 facile
3903 3765 4244 3851 dignitatis
4287 3766 4482 3831 illius
4524 3776 4588 3830 et
4627 3774 4794 3847 poten·

2895 3852 3027 3917 tiae
3062 3851 3143 3917 ad
3181 3871 3377 3934 quam
3414 3850 3601 3934 prius
3635 3862 3906 3917 evectus
3949 3852 4161 3917 fuerat
4201 3851 4511 3917 oblitum.
4557 3850 4796 3932 Dignum

2895 3960 3054 4004 sane
3089 3936 3465 4022 exemplum
3500 3936 3671 4020 quod
3705 3937 4062 4017 imitemur,
4106 3948 4174 4001 et
4216 3960 4306 4003 ex
4349 3960 4490 4021 quo
4534 3937 4796 4001 discamm

2896 4026 3059 4091 rixis
3124 4022 3428 4089 omnibus
3489 4034 3557 4089 et
3608 4024 3891 4106 querelis
3945 4044 4213 4089 causam
4271 4023 4652 4107 praecidere
4697 4036 4795 4112 mo:

2897 4110 3111 4177 destia
3167 4118 3234 4175 et
3290 4109 3681 4188 humilitate,
3737 4119 3813 4174 ut
3871 4107 4062 4176 deiici
4118 4110 4337 4192 potius
4400 4120 4475 4175 et
4530 4117 4800 4176 contemm

2897 4217 3094 4280 quam
3152 4195 3378 4279 magni
3437 4196 3582 4260 fieri
3637 4195 3969 4261 malimus.
4057 4195 4250 4273 Nam,
4309 4204 4393 4260 ut
4454 4197 4548 4260 ait
4591 4190 4796 4259 Paulae.

2898 4282 3195 4348 omnium
3253 4282 3748 4346 contentionum
3805 4282 3952 4347 fons
4010 4289 4077 4347 et
4134 4282 4356 4363 origo,
4420 4290 4494 4346 et
4550 4275 4802 4366 pestifera

2899 4369 3041 4447 lues
3084 4376 3188 4432 est
3229 4368 3298 4430 in
3344 4366 3505 4432 alios
3550 4365 3931 4433 dominandi
3975 4366 4323 4449 cupiditas.
4413 4364 4802 4449 Quamobrm

2901 4453 3092 4520 deiici
3150 4472 3271 4518 nos
3313 4462 3383 4518 et
3423 4453 3756 4534 parvifieri
3800 4461 4075 4536 oportet,
4146 4474 4392 4519 verum
4441 4475 4580 4519 non
4620 4456 4802 4520 mmm.

2900 4539 3016 4605 sed
3071 4547 3338 4622 sponte:
3399 4557 3603 4621 quum
3661 4539 3757 4605 ita
3799 4538 3970 4605 ferre
4012 4539 4145 4604 Dei
4190 4539 4610 4607 voluntatem
4649 4537 4804 4602 eoire-

2902 4628 3142 4695 rimus:
3180 4633 3249 4689 et
3267 4629 3636 4693 cavendum
3673 4645 3759 4689 ne
3791 4625 4060 4709 propria
4096 4626 4462 4693 autoritate
4496 4625 4805 4695 efferamur·

2902 4712 3004 4779 Ac
3061 4712 3118 4776 si
3161 4710 3344 4777 Deus
3399 4730 3522 4777 nos
3578 4710 3651 4774 in
3709 4710 3990 4796 gradum
4050 4711 4338 4795 aliquem
4406 4710 4732 4797 dignitatis
4760 4710 4805 4765 et

2905 4796 3176 4867 honoris
3234 4796 3550 4873 evexerit,
3605 4797 3819 4881 parati
3878 4818 4139 4880 semper
4183 4798 4407 4864 simus
4453 4801 4698 4865 sincera
4726 4807 4804 4855 το·

2901 4886 3159 4951 luntate
3203 4883 3266 4947 ei
3309 4902 3430 4949 nos
3471 4893 3893 4966 nostramque
3936 4883 4329 4967 dignitatem
4381 4885 4726 4968 resignare,
4754 4882 4806 4939 ⁰2

851 4964 1108 5051 Quibus
1164 4968 1388 5034 verbis
1436 4960 1657 5035 David
1714 4991 1914 5053 quam
1956 4969 2208 5037 abiecta
2249 4971 2335 5037 sit
2379 4982 2445 5037 et
2485 4973 2641 5043 vilis
2677 4992 2805 5041 sua
2905 4972 2964 5038 si
3019 4967 3300 5043 abiicere
3343 4989 3461 5035 nos
3500 4967 3695 5048 volet,
3752 4970 3895 5037 eius
3938 4968 4268 5039 voluntati
4308 4968 4805 5052 obtemperemus,

1029 5243 1089 5311 ⁸¹)
1119 5243 1300 5311 Leuc-⁰
1334 5244 1627 5313 perdicem.

2906 5078 3029 5125 nec
3365 5054 3655 5121 feramus
3718 5054 3894 5138 quod
3951 5056 4024 5123 in
4077 5055 4218 5125 dies
4277 5077 4419 5123 non
4480 5068 4808 5123 crescamus,

2908 5142 3114 5219 donec
3158 5160 3361 5223 supra
3401 5139 3610 5206 nubes
3653 5140 3809 5206 elati
3849 5141 4187 5209 fuerimus.
4256 5140 4400 5209 Sed
4441 5140 4588 5208 Deo
4626 5154 4806 5233 regu?-

2911 5230 3029 5294 dos
3064 5248 3184 5295 nos
3218 5227 3530 5304 sinamus,
3567 5227 3679 5310 qui
3714 5227 3888 5310 quod
3924 5226 4194 5310 expedit
4225 5228 4424 5301 nobis
4462 5230 4621 5297 satis
4651 5234 4808 5293 nont
