5059 6059
272 343 376 407 257

269 532 371 595 hoc
403 528 527 592 loco
563 525 748 591 facile
783 527 1164 612 colligimus,
1209 549 1340 593 non
1377 548 1603 595 omnes
1638 530 1953 595 amicitias
1990 550 2146 596 con·

268 613 552 691 damnari,
611 622 689 676 ut
743 614 934 678 multi
990 614 1270 692 fanatici,
1330 614 1486 679 dum
1542 616 1743 680 videri
1798 616 2024 681 volunt
2066 615 2146 680 ad

269 719 559 766 summam
599 698 922 780 quandam
959 700 1315 778 scientiam,
1352 712 1418 765 et
1451 701 1529 765 ad
1565 701 1927 785 angelicum
1951 722 2148 785 quan-

267 787 397 850 dam
429 784 880 868 perfectionem
922 787 1191 863 venisse,
1236 787 1469 851 docent
1496 799 1791 869 oportere
1813 787 2148 871 aequalem

265 891 388 937 esse
448 889 600 952 erga
657 888 882 934 omnes
938 872 1269 935 caritatem
1292 922 1307 952 ,
1373 887 1435 936 et
1495 871 1774 954 reliquas
1833 872 2151 938 amicitias

269 957 374 1022 Dei
433 954 557 1038 legi
620 975 1000 1038 repugnare.
1087 957 1226 1021 Nae
1285 956 1642 1023 istiusmodi
1703 958 1996 1023 homines
2039 956 2151 1022 ad-

265 1061 470 1107 versus
535 1039 748 1123 ipsum
819 1041 1032 1106 Deum
1099 1063 1390 1126 pugnare
1458 1042 1621 1107 velle
1684 1042 2011 1121 videntur,
2085 1053 2153 1108 et

260 1126 490 1195 coelum
551 1137 764 1189 terrae
821 1128 1246 1192 commiscere.
1335 1128 1771 1209 Quamobrem
1830 1128 2152 1194 discamus

259 1215 370 1278 ista
423 1213 594 1277 inter
650 1233 720 1275 se
763 1211 1030 1276 m'inime
1074 1233 1383 1296 pugnare,
1444 1233 1669 1277 omnes
1712 1234 1931 1278 amore
1973 1233 2148 1279 com-

258 1297 453 1382 plecti,
491 1308 566 1361 ut
609 1296 791 1360 Deus
836 1297 1030 1374 iubet,
1075 1308 1141 1362 et
1183 1309 1402 1363 tamen
1446 1298 1802 1381 peculiares
1838 1297 2149 1382 quasdam

255 1384 554 1448 amicitias
598 1393 665 1446 et
708 1384 1015 1446 arctiores
1057 1405 1203 1449 cum
1240 1383 1622 1467 quibusdam
1657 1384 1896 1449 colere:
1943 1403 2149 1466 neque

257 1470 451 1534 Deum
499 1466 862 1550 improbare
907 1470 961 1532 si
1005 1470 1147 1551 quis
1191 1468 1667 1535 necessitudine
1733 1469 1950 1553 aliqua
1994 1489 2147 1533 con-

252 1558 553 1638 iungatur
619 1573 766 1619 cum
832 1574 907 1619 eo
971 1574 1165 1636 quem
1230 1555 1352 1620 sibi
1419 1575 1671 1619 morum
1731 1552 2149 1620 similitudine

253 1660 456 1723 parem
517 1639 849 1722 repererit,
915 1640 1174 1720 quicum
1219 1660 1339 1705 sua
1381 1640 1652 1706 consilia.
1692 1640 2150 1705 communicet:

249 1723 425 1788 modo
491 1725 849 1789 retineatur
913 1729 979 1787 in
1045 1725 1187 1791 istis
1243 1725 1503 1791 modus:
1570 1735 1637 1790 et
1693 1747 1775 1790 ne
1832 1725 2153 1791 amicitiae

250 1817 578 1894 praetextu
624 1808 810 1873 alteri
857 1829 1216 1889 noceamus,
1260 1832 1452 1893 quem
1497 1810 1772 1877 candide
1818 1810 2152 1876 nobiscum

248 1916 431 1980 agere
488 1894 873 1960 viderimus:
947 1906 1013 1958 et
1070 1915 1150 1960 ne
1210 1896 1488 1979 reliquos
1543 1896 1988 1978 despiciamus,
2044 1896 2152 1978 qui

248 2003 370 2045 non
430 1991 628 2046 erunt
685 1980 1015 2046 nobiscum
1074 1990 1207 2046 tam
1262 1991 1440 2046 arcta
1480 1982 1955 2047 necessitudine
1998 2002 2150 2047 con-

246 2067 463 2147 iuncti,
534 2074 650 2130 aut
707 2066 889 2148 parvi
946 2088 1100 2148 prae
1156 2067 1296 2131 istis
1351 2066 1776 2132 familiaribus
1816 2067 2150 2133 faciamus.

248 2151 416 2218 Sane
475 2153 534 2217 si
578 2152 722 2215 istis
766 2152 1100 2216 affectibus
1143 2152 1568 2228 moderemur,
1628 2165 1694 2216 et
1733 2173 1924 2236 quam
1970 2152 2153 2235 posui

243 2239 534 2320 regulam
596 2257 961 2319 sequamur,
1025 2238 1230 2301 Deum
1288 2258 1418 2302 non
1479 2238 1841 2319 improbare
1899 2250 2153 2302 nostras

242 2323 559 2388 amicitias
604 2321 932 2386 sciendum
980 2334 1096 2386 est.

405 2408 761 2472 Praeterea
825 2408 1118 2490 sequitur
1175 2406 1441 2472 Saulem
1495 2428 1714 2473 secum
1773 2407 2154 2473 assumsisse

243 2492 586 2567 Davidem,
632 2492 734 2557 his
778 2494 1022 2558 verbis:
1071 2493 1359 2574 Tulitque
1399 2513 1539 2557 eum
1583 2491 1742 2558 Saul
1780 2495 1850 2558 in
1883 2493 1987 2559 die
2019 2493 2153 2570 ina,

238 2586 290 2644 et
342 2599 466 2645 non
527 2579 818 2643 concessit
873 2579 933 2642 ei
986 2583 1052 2642 ut
1107 2583 1500 2643 reverteretur
1557 2580 1626 2642 in
1666 2579 1913 2643 dmum
1945 2579 2156 2661 patris

237 2665 354 2729 sui.
449 2663 635 2745 Quin
695 2666 887 2728 etiam
931 2664 1145 2746 posuit
1184 2684 1321 2728 eum
1360 2684 1546 2746 super
1587 2664 1757 2728 viros
1798 2663 1967 2728 belli.-
2022 2685 2153 2728 non

237 2749 499 2833 quidem
561 2751 1018 2831 imperatorem
1074 2751 1395 2815 exercitus
1439 2749 1606 2829 fecit,
1665 2769 1813 2812 nam
1859 2758 1932 2813 ut
1975 2749 2153 2813 vide-

241 2837 457 2901 bimus
530 2834 754 2899 Abner
817 2835 1199 2917 dignitatem
1266 2855 1519 2918 semper
1581 2835 1851 2899 retinuit
1916 2834 2153 2899 summi

236 2922 415 2986 ducis
462 2931 536 2984 et
578 2921 1004 3002 imperatoris.
1095 2921 1338 2985 Verum
1385 2929 1598 2985 tamen
1643 2919 1859 2983 David
1899 2919 2155 3003 quibus-

237 3007 381 3071 dam
428 3008 639 3088 copiis
675 3006 1033 3087 praefectus
1067 3006 1206 3070 fuit.
1295 3004 1554 3068 Deinde
1590 3003 1747 3071 Saul
1785 3005 1924 3069 eius
1959 3024 2155 3086 opera

233 3094 300 3157 in
337 3093 573 3157 multis
604 3113 760 3156 usus
794 3101 909 3169 est,
946 3090 1318 3173 dimisitque
1353 3087 1432 3153 ad
1474 3093 1689 3155 omnia
1722 3111 1839 3154 sua
1874 3091 2150 3174 negotia,

235 3178 472 3260 quibus
535 3177 634 3241 illi
693 3176 968 3259 gratiam
1025 3185 1091 3241 et
1148 3177 1557 3240 autoritatem
1617 3174 1784 3257 apud
1845 3175 2152 3259 populum

231 3263 632 3328 conciliaret.
721 3261 801 3324 In
844 3262 986 3325 istis
1031 3271 1247 3325 autem
1293 3261 1528 3327 dicitur
1571 3260 1788 3325 David
1832 3282 1973 3325 sese
2008 3283 2151 3343 ges-

230 3352 392 3412 sisse
437 3348 809 3429 prudenter,
867 3367 1031 3427 qnae
1079 3368 1200 3411 vox
1247 3350 1313 3410 in
1361 3345 1638 3411 hebraea
1677 3346 1902 3430 lingua
1945 3346 2151 3430 dupli·

229 3454 365 3498 cem
407 3432 615 3497 habet
649 3432 1210 3514 significationem.
1300 3431 1596 3496 Primum
1631 3432 1802 3496 enim
1842 3433 2153 3514 accipitur

228 3539 347 3601 pro
392 3519 731 3601 sapienter
775 3537 843 3581 se
887 3535 1147 3601 gerere:
1191 3528 1255 3581 et
1300 3517 1528 3581 deinde
1572 3538 1687 3599 pro
1723 3517 1968 3582 felicem
2006 3536 2153 3581 suc·

227 3625 488 3669 cessum
531 3603 785 3667 habere.
876 3603 1041 3666 Nam
1080 3603 1237 3667 haec
1272 3602 1398 3665 duo
1434 3602 1598 3666 solet
1633 3602 1811 3666 Deus
1846 3604 1910 3666 in
1948 3602 2153 3667 servis

219 3690 357 3755 suis
403 3690 845 3771 coniungere:
912 3709 1144 3770 nempe
1187 3689 1254 3751 in
1304 3688 1495 3752 rebus
1540 3687 1839 3770 gerendis
1881 3685 2156 3769 pruden-

213 3775 397 3850 tiam,
472 3787 545 3839 et
586 3774 835 3837 felicem
882 3794 1248 3837 successum
1296 3774 1669 3854 exitumque
1711 3772 2150 3837 consiliorum.

214 3861 459 3944 Itaque
501 3881 632 3924 vox
667 3859 971 3923 Hebraea
1006 3858 1346 3939 aliquando
1383 3877 1499 3940 pro
1535 3857 1840 3921 felicitate
1876 3869 1942 3922 et
1979 3878 2154 3938 pros·

221 3949 508 4028 peritate
534 3945 835 4010 sumitur.
897 3944 1191 4026 Denique
1219 3944 1536 4009 Davidem
1566 3942 1809 4007 indicat
1833 3944 2154 4024 scriptura

216 4043 354 4096 tam
403 4029 774 4114 prudenter
820 4030 1077 4113 negotia
1112 4029 1331 4094 Saulis
1366 4030 1867 4106 administrasse,
1911 4040 1985 4092 ut
2019 4027 2150 4093 fac·

218 4129 324 4182 tus
386 4119 486 4181 sit
548 4116 848 4180 omnibus
906 4116 1170 4191 amicus,
1227 4125 1296 4177 et
1337 4132 1482 4177 cum
1529 4112 1728 4178 Saule
1771 4114 2156 4178 remanserit

215 4223 348 4267 non
410 4202 704 4283 amplius
747 4221 1045 4264 reversus
1090 4198 1348 4263 domum
1395 4208 1746 4281 paternam.
1835 4199 1981 4264 Etsi
2021 4199 2150 4263 iam

214 4289 496 4355 fovebat
539 4288 753 4351 animo
793 4283 953 4351 Saul
990 4283 1204 4349 odium
1244 4282 1424 4361 illud,
1475 4303 1600 4365 quo
1636 4283 1933 4366 deinceps
1968 4285 2152 4350 illum

217 4385 456 4458 aperte
530 4381 960 4456 persequutus
1002 4380 1117 4440 est,
1181 4391 1264 4434 ex
1305 4367 1552 4434 invidia
1594 4381 1803 4434 ortum
1851 4371 1976 4433 iam
2015 4380 2151 4434 tum

215 4481 431 4543 quum
510 4480 554 4522 a
610 4457 803 4542 caede
870 4454 1160 4521 Goliathi
1226 4455 1307 4519 ad
1373 4457 1586 4537 ipsum
1642 4456 1722 4520 ab
1767 4456 2152 4536 imperatore

219 4548 506 4611 Abnero
576 4542 804 4607 ductus
870 4552 998 4605 est:
1062 4539 1292 4604 deinde
1357 4550 1615 4605 auctum
1686 4539 1982 4605 laudibus
2026 4540 2152 4604 illis

212 4632 471 4713 quibus
541 4627 859 4692 Davidem
920 4626 1218 4690 mulieres
1262 4626 1414 4691 illae
1453 4647 1600 4692 cum
1647 4625 2003 4708 virginibus
2047 4647 2154 4690 ex-

217 4717 560 4792 tulerunt,
602 4733 800 4796 quum
839 4709 1027 4778 Sauli
1060 4733 1098 4776 a
1132 4711 1374 4796 praelio
1407 4715 1756 4775 revertenti
1793 4732 1939 4775 cum
1980 4724 2149 4795 tym-

213 4804 437 4884 panis,
514 4801 708 4875 tibiis,
781 4797 1068 4875 citharis,
1133 4809 1198 4862 et
1258 4796 1402 4862 aliis
1464 4796 1821 4860 istiusmodi
1888 4797 2154 4862 musicis

213 4886 714 4963 instrumentis,
757 4883 1025 4948 choreas
1067 4890 1330 4967 agentes
1373 4883 1822 4964 occurrissent,
1877 4894 1943 4945 et
1987 4881 2151 4947 dice-

209 4982 390 5049 rent,
438 4970 613 5037 Saul
645 4969 953 5050 interfecit
988 4969 1176 5047 mille,
1212 4968 1428 5035 David
1462 4971 1665 5034 autem
1695 4968 1893 5032 decem
1925 4968 2149 5033 millia.

205 5059 494 5125 Recens
556 5056 730 5121 istud
788 5054 1025 5120 vulnus
1083 5057 1349 5120 accessit
1406 5053 1740 5137 superiori,
1799 5051 1969 5135 quod
2015 5067 2150 5117 tam

203 5145 346 5209 alte
384 5144 468 5207 in
508 5142 714 5225 ipsius
748 5140 962 5206 haesit
985 5150 1264 5223 pectore,
1307 5149 1384 5205 ut
1404 5159 1736 5223 nunquam
1759 5157 2150 5221 concoquere

203 5228 546 5313 potuerit.
630 5226 953 5309 Equidem
995 5225 1180 5291 illum
1218 5226 1421 5291 fateor
1453 5237 1643 5290 antea
1677 5225 1871 5290 fuisse
1904 5243 1944 5288 a
1976 5223 2148 5291 malo

362 5327 605 5386 Caluini
634 5343 820 5397 opera.
895 5326 1013 5383 Vol.
1043 5325 1238 5382 XXX.

1488 342 1583 408 IN
1626 343 1681 408 I.
1730 341 1905 408 LIB.
1953 340 2349 410 SAMUEL.
2395 343 2591 412 OAP.
2650 344 2911 411 XVIII.

4041 343 4172 411 258

2246 533 2479 615 spiritu
2516 532 2863 617 agitatum:
2899 532 3010 598 sed
3047 532 3147 597 aio
3185 552 3310 596 non
3347 529 3547 597 fuisse
3583 537 3739 597 tunc
3774 531 3843 596 in
3879 529 4167 615 aliquem

2247 619 2631 683 nominatim
2700 619 2868 683 malo
2933 619 3185 697 animo;
3265 616 3378 682 sed
3442 615 3661 699 potius
3718 615 3928 683 instar
3986 618 4165 684 ferae

2249 703 2579 770 cuiusdam
2625 705 2918 768 fraenum
2963 701 3342 779 arrodentis,
3401 701 3571 785 quod
3616 701 3801 768 Deus
3859 723 3977 786 per
4017 723 4165 787 pro·

2250 790 2512 872 phetam
2572 789 2670 854 illi
2736 789 3164 872 significasset
3225 787 3363 862 fore
3423 799 3496 852 ut
3553 807 3755 872 regno
3800 787 4167 855 excideret:

2249 877 2469 958 itaque
2513 875 2728 939 animo
2765 875 3047 939 furorem
3089 894 3279 939 suum
3326 874 3778 957 concoquebat,
3821 873 3992 957 quod
4031 893 4162 941 non

2251 960 2519 1025 haberet
2582 960 2900 1025 obiectum
2964 959 3287 1042 peculiare
3349 960 3417 1023 in
3486 960 3658 1042 quod
3723 980 3914 1025 suum
3981 959 4162 1026 virus

2250 1052 2594 1111 evomeret.
2665 1045 2759 1110 At
2792 1065 2991 1127 quum
3027 1042 3299 1110 Davidis
3333 1045 3611 1128 gratiam
3648 1054 3715 1109 et
3746 1044 4163 1109 autoritatem

2248 1151 2442 1213 quam
2486 1130 2681 1197 caede
2725 1129 3018 1196 Goliathi
3061 1129 3489 1212 acquisiverat
3532 1129 4008 1208 animadvertit,
4053 1130 4174 1194 in-

2248 1216 2427 1282 vidia
2483 1216 2782 1300 ringitur,
2848 1229 2911 1280 et
2957 1214 3246 1280 fraenum
3292 1213 3599 1279 arrodens
3642 1214 3961 1280 invidiam
4007 1236 4165 1282 con·

2250 1303 2483 1384 coquit,
2529 1302 2715 1365 illum
2757 1322 2895 1367 esse
2938 1300 3302 1366 coniectura
3344 1299 3705 1449 suefiipatus
3744 1320 3935 1382 quem
3982 1300 4167 1367 Deus

2251 1406 2679 1452 successorem
2738 1387 2920 1471 regni
2981 1385 3361 1468 designavit.
3526 1385 3629 1450 'nc
3685 1385 3891 1469 igitur
3946 1384 4167 1452 Saulis

2252 1472 2490 1555 odium,
2537 1470 2702 1556 quod
2746 1473 2864 1538 etsi
2910 1469 3366 1551 dissimulavit,
3410 1479 3627 1535 tamen
3674 1468 3845 1553 apud
3891 1492 3961 1536 se
4005 1470 4171 1537 aluit

2253 1565 2320 1621 et
2377 1557 2558 1622 fovit.
2645 1555 3081 1637 Quamobrem
3139 1554 3312 1639 quod
3369 1553 3690 1621 Davidem
3750 1576 3969 1621 secum
4028 1577 4171 1622 esse

2256 1641 2475 1719 voluit,
2513 1642 2681 1723 quod
2720 1640 3105 1707 militaribus
3142 1641 3340 1724 copiis
3378 1639 3706 1723 praefecit,
3742 1652 3810 1706 et
3842 1640 3921 1705 ad
3963 1643 4169 1708 multa

2255 1728 2509 1809 negotia
2556 1727 2868 1804 adhibuit,
2913 1746 3091 1790 mera
3132 1727 3257 1791 fuit
3299 1725 3661 1810 hypocrisis
3703 1736 3771 1791 et
3812 1726 4167 1806 simulatio,

2256 1823 2327 1878 ut
2369 1833 2443 1877 eo
2485 1822 2823 1896 praetextu
2866 1811 3116 1877 facilius
3160 1811 3491 1876 incautum
3537 1812 3966 1894 opprimeret:
4025 1833 4167 1878 ma-

2254 1898 2428 1962 xime
2487 1899 2777 1963 irritatus
2832 1898 2942 1963 illo
2999 1897 3344 1962 mulierum
3401 1916 3671 1961 occursu
3718 1907 3783 1962 et
3827 1897 4165 1980 applausu,

2253 1985 2321 2048 in
2367 2005 2490 2066 quo
2534 1983 2789 2048 summa
2831 1984 3031 2065 ipsius
3075 1982 3373 2065 apparuit
3413 1981 3834 2066 ingratitudo.

2421 2069 2854 2135 Transeamus
2889 2069 3089 2151 igitur
3127 2065 3207 2132 ad
3245 2088 3319 2132 ea
3356 2086 3522 2149 quae
3553 2066 3632 2132 de
3659 2066 3786 2133 isto
3817 2068 4171 2133 mulierum

2252 2174 2522 2219 occursu
2567 2162 3027 2231 memorantur,
3074 2153 3176 2218 his
3212 2152 3456 2218 verbis:
3501 2152 3703 2218 Porro
3735 2173 3927 2234 quum
3960 2174 4173 2219 rever-

2253 2243 2476 2304 teretur
2518 2257 2813 2321 percusso
2858 2237 3200 2304 Philistaeo
3241 2236 3475 2316 David,
3532 2258 3807 2320 eyressae
3847 2243 3995 2303 sunt
4038 2258 4173 2303 mu-

2253 2325 2434 2390 lieres
2485 2324 2562 2388 de
2603 2325 2914 2390 universis
2956 2323 3211 2389 urbibus
3252 2323 3478 2403 Israel,
3535 2327 3869 2400 cantantes,
3927 2323 4177 2390 choros·

2255 2430 2371 2492 que
2431 2409 2714 2475 ducentes
2776 2411 2846 2474 in
2908 2429 3219 2476 occursum
3278 2407 3439 2474 Saul
3489 2409 3677 2491 reyis,
3742 2408 3813 2472 in
3855 2409 4177 2490 tympanis

2255 2495 2523 2561 laetitiae
2563 2500 2619 2560 et
2658 2496 2727 2559 in
2767 2495 2994 2560 sistris.
3061 2495 3158 2559 De
3192 2493 3457 2561 vocibus
3496 2493 3792 2559 hebraeis
3830 2514 3963 2556 non
4002 2495 4174 2559 exis-

2255 2582 2413 2645 timo
2471 2601 2866 2664 magnopere
2919 2580 3362 2655 laborandum,
3434 2577 3668 2660 quibus
3734 2579 3838 2643 vel
3901 2578 4173 2644 choreae

2258 2664 2362 2731 vel
2428 2667 2760 2730 cantiones
2826 2664 3175 2748 significari
3237 2675 3538 2747 possunt:
3611 2663 3850 2729 sufficit
3896 2664 4071 2728 enim
4118 2665 4178 2730 si

2254 2771 2457 2833 quum
2490 2750 2570 2814 de
2601 2750 3025 2816 exsultatione
3068 2748 3417 2814 mulierum
3459 2749 3540 2814 fit
3583 2748 3843 2828 mentio,
3896 2751 4180 2816 sciamus

2255 2857 2364 2900 eas
2407 2835 2665 2902 venisse
2712 2836 2779 2899 in
2822 2855 3156 2902 occursum
3203 2832 3421 2901 Saulis
3458 2847 3531 2898 ut
3567 2832 3709 2899 Deo
3746 2833 3975 2899 laudes
4011 2835 4176 2901 acci·

2257 2930 2487 2986 nerent
2544 2942 2662 3005 pro
2721 2921 3089 3005 ingentibus
3145 2919 3510 2995 benefactis,
3613 2919 3803 2984 uibus
3860 2920 4177 3003 populum

2257 3007 2578 3078 affecerat,
2625 3017 2693 3072 et
2732 3005 2813 3071 de
2860 3005 3146 3072 hostibus
3189 2939 3637 3089 triumphandi
3682 3005 4022 3069 materiam
4062 3002 4176 3068 de·

2256 3089 2460 3156 derat.
2547 3092 2754 3159 Porro
2811 3100 2944 3157 tam
2989 3093 3109 3156 hoc
3152 3090 3291 3156 loco
3334 3110 3525 3172 quam
3570 3092 3808 3172 passim
3857 3089 3922 3153 in
3968 3092 4170 3154 sacris

2257 3177 2542 3242 insolens
2599 3188 2665 3242 et
2722 3178 3037 3242 absonum
3082 3174 3431 3254 videretur,
3489 3173 3792 3238 mulieres
3837 3185 3949 3238 aut
3994 3185 4172 3258 tym-

2255 3284 2497 3346 panum
2541 3272 2653 3328 aut
2694 3263 2824 3327 alia
2865 3263 3111 3328 musica
3153 3262 3590 3325 instrumenta
3633 3259 3941 3341 pulsasse,
3998 3258 4173 3342 quod

2254 3349 2397 3414 istis
2439 3347 2832 3431 temporibus
2877 3359 2946 3412 et
2983 3346 3351 3430 regionibus
3389 3346 3510 3411 hoc
3543 3364 3675 3409 non
3713 3345 3799 3409 sit
3835 3345 4172 3410 usitatum.

2255 3431 2388 3499 Sed
2442 3443 2732 3516 tempora
2789 3442 2858 3498 et
2899 3433 3192 3517 regiones
3235 3432 3372 3496 suis
3411 3429 3698 3496 moribus
3739 3439 3807 3494 et
3850 3430 4171 3498 institutis

2257 3518 2588 3603 vixerunt,
2632 3539 2795 3601 quae
2838 3518 2999 3602 ipsis
3039 3515 3458 3599 relinquenda
3498 3523 3670 3581 sunt.
3758 3513 3917 3579 Fuit
3952 3525 4169 3581 autem

2256 3603 2524 3751 vulpare
2587 3617 2651 3670 et
2708 3605 3020 3669 usitatum
3076 3602 3146 3667 in
3204 3601 3622 3667 orientalibus
3679 3600 4053 3684 regionibus
4096 3610 4171 3666 ut

2255 3709 2369 3752 mu
2398 3689 2564 3754 ieres
2607 3691 2849 3755 musica
2894 3691 3323 3754 instrumenta
3365 3692 3757 3752 tractarent:
3820 3685 3987 3767 quod
4032 3707 4168 3751 ma·

2255 3773 2431 3837 xime
2496 3776 2572 3838 fit
2634 3775 3052 3856 conspicuum
3107 3794 3186 3836 ex
3245 3794 3322 3837 ea
3378 3771 3650 3837 historia
3708 3790 3901 3853 quam
3946 3791 4165 3838 sacrae

2254 3860 2611 3942 scripturae
2654 3859 2735 3925 de
2780 3859 2989 3924 Maria
3034 3858 3237 3923 Mosis
3272 3877 3490 3923 sorore
3526 3865 3908 3920 memorant.
3997 3856 4167 3923 Nam

2255 3942 2491 4008 dicitur
2534 3944 2743 4009 Maria
2783 3955 2928 4027 post
2983 3943 3432 4008 admirandum
3477 3941 3673 4007 maris
3730 3940 3910 4006 rubri
3957 3951 4170 4008 trans·

2255 4029 2416 4093 itum
2437 4078 2451 4106 ,
2535 4039 2818 4094 assumto
2886 4042 3197 4113 tympano
3260 4048 3400 4094 sese
3460 4026 3723 4110 reliquis
3791 4027 4168 4093 mulieribus

2255 4113 2481 4180 ducem
2541 4116 2928 4197 praebuisse,
2973 4124 3037 4179 et
3080 4113 3336 4180 divinas
3370 4112 3593 4177 laudes
3630 4112 3895 4178 musicis
3934 4112 4167 4176 instru-

2254 4201 2488 4265 mentis
2547 4200 2938 4279 decantasse,
3000 4207 3068 4265 et
3106 4200 3346 4285 gratias
3387 4218 3506 4282 pro
3550 4198 3751 4263 tantis
3796 4218 3834 4260 a
3878 4195 4017 4261 Deo
4059 4217 4166 4262 ac-

2254 4286 2456 4367 ceptis
2493 4285 2818 4352 beneficiis
2862 4284 3087 4370 egisse,
3174 4285 3472 4351 Profecto
3518 4304 3648 4348 non
3693 4284 3957 4347 fuerunt
3999 4282 4165 4347 istae

2251 4370 2480 4435 inanes
2520 4373 2805 4451 naeniae,
2849 4392 3055 4454 neque
3099 4390 3181 4436 ex
3222 4368 3723 4454 intemperantia
3768 4365 4039 4448 quadam
4077 4367 4165 4432 ri-

2253 4455 2499 4521 diculae
2541 4456 2915 4521 saltationes
2957 4466 3025 4520 et
3066 4455 3354 4530 choreae,
3413 4452 3634 4538 quales
3677 4451 3867 4517 hodie
3909 4451 4164 4534 profani

2253 4539 2547 4606 homines
2694 4542 2853 4607 'tare
2907 4541 3135 4608 solent.
3226 4539 3354 4607 Sed
3400 4540 3621 4618 seriae,
3685 4536 3916 4620 quibus
3957 4537 4163 4603 conti-

2251 4626 2575 4691 nebantur
2607 4563 2888 4692 affvinae
2943 4625 3186 4704 laudes,
3296 4645 3412 4690 uas
3454 4624 3534 4689 ad
3577 4631 3809 4687 cantus
3848 4635 3913 4687 et
3954 4620 4164 4688 tibici-

2253 4730 2396 4774 nem
2424 4713 3002 4795 prosequebantur:
3026 4733 3259 4794 quema
3303 4708 3562 4774 modum
3588 4730 3667 4772 ex
3692 4707 3896 4790 ipsius
3913 4707 4165 4774 Mariae

2249 4797 2498 4861 cantico
2543 4799 2699 4864 satis
2744 4808 3028 4881 apparet,
3070 4798 3255 4862 cuius
3299 4805 3750 4878 argumentum
3800 4801 3958 4857 sunt
3992 4792 4160 4859 divi·

2250 4901 2373 4946 nae
2417 4884 2894 4966 promissiones,
2955 4884 3186 4965 quibus
3228 4880 3454 4945 innixa
3508 4876 3721 4944 Maria
3776 4890 3910 4942 tam
3955 4878 4162 4944 admi·

2248 4966 2517 5031 randam
2554 4967 2999 5034 liberationem
3034 4966 3459 5051 praedicabat.
3514 4964 3691 5029 Sane
3725 4983 3855 5027 uon
3893 4962 4161 5031 dubium

2249 5059 2363 5130 est,
2427 5052 2589 5134 quin
2657 5056 2832 5120 Deus
2893 5053 2989 5118 illi
3056 5053 3334 5118 musicae
3400 5049 3768 5135 praefuerit.
3858 5048 4030 5115 Nam
4095 5059 4162 5117 et

2248 5137 2516 5220 ipsemet
2560 5160 2676 5222 per
2712 5140 3008 5225 spiritum
3050 5157 3241 5205 suum
3286 5135 3533 5201 Mariae
3575 5134 3935 5201 dictaverat
3965 5154 4163 5221 argn-

2247 5237 2559 5302 mentum,
2616 5226 2786 5308 quod
2843 5245 2920 5291 ea
2971 5231 3325 5310 praeeunte
3378 5221 3666 5305 reliquae
3706 5220 4015 5288 mulieres
4057 5241 4161 5288 se·
