5059 6059
868 303 996 374 539

866 498 1488 665 sstsstsssfkiss‘vibffiss
1531 498 2273 648 “2252“Z⁸2·u5⁸a3³55ma⁶⁶’²⁶¹21?0¹
2273 502 2344 649 ἐξ
2383 498 2476 648 32⁶²
2489 496 2812 648 ..mm

866 674 1023 752 eius,
1066 669 1292 753 quibus
1335 673 1392 733 et
1432 670 1547 735 illa
1590 670 1875 736 occurrit.
1931 669 2035 734 21.
2079 667 2169 733 Et
2210 670 2303 734 ait
2343 667 2567 734 David
2581 693 2599 733 .-
2659 667 2812 733 Vere

861 759 1105 841 frustra
1162 754 1408 820 servavi
1464 776 1624 838 quae
1679 754 1872 820 huius
1928 761 2104 819 erant
2158 756 2230 819 in
2276 755 2530 831 deserto,
2589 758 2645 819 et
2688 774 2812 819 non

856 843 1057 927 periit
1112 842 1456 924 quidquam
1498 842 1572 906 de
1613 843 1848 908 cunctis
1891 861 2056 923 quae
2099 841 2184 906 ad
2226 861 2368 904 eum
2399 839 2809 923 pertinebant,

865 934 919 992 et
977 927 1252 993 reddidit
1305 926 1464 992 mihi
1514 927 1755 992 malum
1799 947 1922 1010 pro
1979 927 2148 991 bono.
2233 927 2338 991 22.
2392 925 2572 991 Haec
2610 924 2812 1007 faciat

864 1014 1047 1080 Deus
1087 1013 1368 1078 inimicis
1411 1013 1629 1079 David
1689 1018 1744 1078 et
1785 1012 1938 1078 haec
1992 1013 2205 1093 addat,
2261 1013 2324 1076 si
2380 1011 2694 1093 reliquero
2734 1010 2808 1074 de

863 1099 1149 1166 omnibus
1202 1118 1361 1181 quae
1417 1100 1501 1165 ad
1554 1100 1765 1180 ipsum
1812 1100 2125 1182 pertinent
2174 1119 2371 1181 usque
2413 1117 2597 1162 mane
2639 1097 2804 1161 min-

859 1190 1096 1271 yentem
1154 1185 1242 1250 ad
1285 1186 1612 1267 parietem.
1698 1183 1801 1249 23.
1857 1183 2062 1265 Quum
2094 1190 2305 1249 autem
2344 1184 2602 1249 vidisset
2646 1180 2803 1247 Abi-

862 1271 1002 1356 9ail
1022 1271 1263 1351 David,
1301 1269 1640 1352 festinavit,
1683 1275 1741 1334 et
1760 1271 2072 1336 descendit
2108 1270 2182 1335 de
2218 1271 2413 1346 asino,
2452 1275 2508 1333 et
2534 1268 2807 1350 procidit

863 1378 1073 1423 coram
1116 1356 1337 1422 David
1392 1376 1581 1438 super
1631 1356 1860 1438 faciem
1920 1377 2106 1422 suam
2160 1361 2215 1420 et
2269 1355 2560 1420 adoravit
2613 1373 2806 1434 super

865 1449 1118 1509 terram.
1206 1440 1307 1506 24.
1353 1439 1444 1506 Et
1495 1442 1712 1507 cecidit
1768 1441 1854 1508 ad
1895 1442 2094 1523 pedes
2153 1443 2308 1525 eius,
2367 1446 2422 1506 et
2477 1438 2676 1505 dixit.-
2718 1437 2805 1504 In

861 1549 959 1594 me
1013 1529 1113 1606 sit,
1171 1527 1417 1594 domine
1473 1528 1582 1603 mi,
1639 1526 1785 1593 haec
1839 1528 2164 1610 iniquitas,
2428 1548 2510 1591 ur
2566 1525 2804 1590 obsecro

862 1613 1094 1679 ancilla
1151 1617 1259 1678 tua
1319 1614 1390 1677 in
1447 1613 1714 1678 auribus
1769 1615 1899 1678 tuis
1917 1663 1933 1694 ,
1989 1618 2044 1679 et
2100 1614 2259 1678 audi
2300 1613 2483 1677 verba
2522 1610 2804 1692 famulae

861 1705 1022 1766 tuae.
1132 1699 1235 1764 25.
1306 1699 1407 1765 Ne
1460 1705 1675 1779 ponat,
1746 1718 1875 1775 oro,
1941 1699 2236 1765 dominus
2298 1718 2474 1764 meus
2529 1718 2642 1762 rac
2695 1716 2804 1762 cor

858 1804 1047 1850 suum
1080 1806 1273 1865 super
1305 1786 1513 1850 virum
1556 1785 1749 1849 istum
1787 1784 2074 1866 iniwum
2120 1783 2348 1864 Nabal,
2394 1785 2546 1866 quia
2588 1802 2802 1848 secun·

859 1871 1012 1937 dum
1063 1890 1282 1936 nomen
1337 1890 1527 1936 suum
1568 1871 1795 1936 stultus
1834 1874 1941 1949 est,
2000 1877 2055 1937 et
2095 1871 2366 1936 stultitia
2407 1874 2497 1936 est
2537 1888 2677 1935 cum
2717 1887 2801 1932 eo.

864 1956 1007 2042 qu
1060 1961 1267 2022 autem
1310 1955 1543 2021 ancilla
1591 1962 1700 2021 tua
1740 1976 1867 2021 non
1908 1958 2044 2024 vidi
2077 1976 2316 2037 pueros
2358 1960 2513 2039 tuos,
2560 1954 2805 2020 domine

860 2043 1186 2196 ”232AE
1241 2043 1531 2193 ’Ξῖεῗέἷὲι
1584 2041 2166 2210 {intumi-
2195 2041 2592 2210 mma
2612 2039 2808 2190 m}

860 2215 1104 2304 venires
1160 2179 1231 2279 i’n
1273 2214 1666 2296 sanquinem,
1725 2219 1781 2279 et
1822 2214 2092 2280 salvavit
2128 2234 2387 2278 manum
2428 2219 2624 2293 tuam,
2666 2210 2802 2288 tibi,

861 2305 918 2365 et
952 2320 1118 2365 nunc
1155 2299 1318 2381 fiant
1358 2301 1524 2364 sicut
1549 2298 1762 2364 Nabal
1803 2300 2050 2366 inimici
2090 2299 2201 2374 tui,
2246 2303 2301 2363 et
2343 2300 2454 2380 qui
2497 2300 2807 2379 quaerunt

861 2385 1108 2452 dornino
1172 2405 1304 2449 meo
1365 2385 1621 2449 malum.
1716 2384 1819 2448 27.
1883 2384 2272 2466 Quapropter
2322 2384 2572 2465 suscipe
2628 2381 2804 2447 bene-

861 2471 1186 2537 dictionem
1237 2470 1397 2536 11αο0
1450 2491 1640 2553 quam
1683 2471 1891 2535 attulit
1931 2470 2161 2535 ancilla
2205 2470 2254 2535 ti
2257 2469 2320 2534 bi
2360 2469 2610 2535 domino
2651 2489 2800 2552 meo,

868 2562 925 2621 et
997 2558 1083 2622 da
1157 2557 1379 2639 pueris
1458 2558 1569 2637 qui
1648 2561 1996 2637 sequuntur
2070 2561 2126 2622 te
2186 2556 2513 2621 dominum
2576 2574 2800 2619 meum.

868 2641 974 2707 28.
1039 2643 1245 2722 Aufer
1301 2642 1693 2724 iniquitatem
1752 2640 2036 2724 famulae
2097 2647 2272 2706 tuae:
2331 2641 2573 2721 faciens
2639 2641 2804 2705 enim

859 2728 1047 2810 faciet
1086 2728 1402 2794 Dominus
1444 2728 1560 2792 tibi
1600 2728 1847 2793 domino
1888 2747 2018 2793 meo
2057 2728 2309 2793 domum
2346 2725 2615 2807 fidelem.

1036 2898 1185 2980 Quo
1223 2897 1533 2963 maiorem
1581 2897 1817 2981 aliquis
1862 2897 2247 2982 dignitatem
2294 2897 2637 2980 ademptus
2681 2903 2804 2979 est,

863 2993 931 3050 et
974 2985 1054 3050 ad
1104 2983 1377 3069 gradum
1424 2984 1820 3067 superiorem
1869 2991 2150 3063 evectus,
2196 3004 2271 3048 00
2317 2982 2802 3067 prudentiorem

863 3092 1005 3137 esse
1047 3079 1301 3154 oportet
1344 3070 1414 3133 in
1459 3071 1537 3135 iis
1579 3070 1880 3154 regendis
1926 3069 2036 3153 001
2082 3071 2204 3154 1001
2250 3068 2580 3135 commissi
2625 3076 2803 3132 sunt.

867 3157 1159 3222 Naturae
1219 3156 1394 3220 enim
1451 3157 1848 3220 contrarium
1906 3166 2005 3221 001
2072 3165 2140 3220 et
2183 3175 2560 3238 repugnans
2605 3161 2805 3235 caput

865 3263 997 3307 non
1064 3262 1248 3325 posse
1318 3241 1643 3305 residuum
1705 3262 1938 3324 corpus
1999 3262 2258 3326 regere:
2333 3241 2388 3304 si
2441 3240 2585 3322 quis
2644 3259 2803 3304 vero

861 3329 1208 3412 prudentia
1266 3335 1463 3405 caret,
1526 3336 1592 3391 et
1636 3328 1885 3391 ratione
1929 3325 2010 3390 ad
2055 3349 2163 3391 000
2207 3325 2525 3410 regendos
2570 3325 2805 3407 quibus

863 3422 1140 3498 praeest,
1184 3412 1484 3497 precibus
1528 3411 1609 3476 ad
1632 3412 1852 3477 Deum
1897 3413 2245 3495 confugiat,
2292 3434 2332 3476 a
2374 3431 2501 3494 quo
2546 3410 2613 3475 in
2660 3429 2804 3474 eam

865 3499 1247 3583 dignitatem
1316 3508 1576 3564 evectus
1644 3509 1760 3564 001.
1863 3497 2032 3562 Νο10
2101 3520 2139 3562 0
2198 3498 2334 3563 0010
2389 3497 2516 3561 Ι)01
2570 3496 2805 3579 spiritu

868 3585 1111 3651 scimus
1157 3583 1585 3649 hauriendam
1628 3593 1941 3667 tanquam
1987 3603 2026 3648 a
2070 3583 2250 3648 fonte
2295 3592 2363 3647 et
2405 3581 2806 3665 scaturigine

864 3681 1159 3735 nostram
1217 3690 1474 3733 omnem
1535 3669 2014 3735 sufficientiam.
2120 3669 2265 3734 Hoc
2323 3668 2589 3742 adduco,
2651 3688 2805 3749 quo-

865 3756 1049 3820 niam
1106 3756 1172 3819 in
1231 3754 1356 3818 hoc
1415 3763 1724 3820 contextu
1786 3756 1971 3821 nobis
2031 3755 2414 3839 proponitur
2475 3753 2683 3819 Nabal
2739 3764 2805 3816 et

869 3841 1054 3907 dives
1089 3849 1156 3907 et
1190 3840 1472 3924 amplam
1515 3840 1763 3907 habens
1806 3840 2153 3907 familiam:
2197 3840 2310 3906 sed
2356 3852 2575 3905 tamen
2621 3840 2805 3905 cuius

866 3949 1039 3992 uxor
1099 3940 1162 3991 et
1220 3946 1424 4009 aequa
1482 3938 1548 3992 et
1603 3927 1890 4011 prudens
1946 3926 2163 4006 fuerit,
2223 3929 2360 4010 ipse
2405 3946 2564 3995 vero
2609 3925 2803 3989 homo

760 4087 763 4092 Q
863 4034 1113 4099 pravus
1174 4021 1240 4077 et
1297 4013 1580 4095 iniquus.
1667 4013 1868 4078 Illum
1927 4014 2130 4097 igitur
2188 4034 2227 4077 a
2269 4012 2415 4077 Deo
2455 4010 2802 4095 opprobrio

862 4112 931 4165 et
997 4099 1355 4183 ignominia
1420 4099 1755 4180 obrutum,
1825 4108 1892 4164 et
1954 4099 2022 4162 in
2089 4100 2346 4164 theatro
2412 4098 2800 4162 collocatum

861 4185 1178 4260 videmus,
1237 4195 1310 4248 ut
1370 4205 1445 4248 eo
1504 4184 1712 4249 maior
1771 4185 1858 4248 sit
1901 4187 2039 4251 eius
2084 4183 2461 4269 ignominia,
2505 4204 2633 4264 quo
2676 4181 2805 4245 fuit

860 4271 1263 4355 locupletior.
1349 4269 1616 4334 Interea
1673 4280 1917 4354 tamen,
1974 4272 2320 4335 stultitiam
2372 4279 2439 4334 et
2482 4268 2800 4333 malitiam

749 4369 760 4380 '
865 4379 1049 4424 suam
1075 4357 1208 4434 alit,
1248 4364 1313 4420 ct
1335 4356 1638 4440 quamvis
1675 4354 1949 4436 belluae,
1986 4369 2059 4421 ut
2095 4357 2190 4421 ita
2228 4354 2458 4433 dicam,
2496 4364 2800 4420 naturam

864 4443 1169 4522 induerit,
1215 4457 1281 4507 et
1318 4440 1518 4506 hebes
1556 4442 1642 4505 sit
1687 4463 1762 4507 00
1807 4443 2044 4520 101000,
2090 4441 2337 4507 0011100
2383 4451 2605 4506 tamen
2650 4461 2801 4506 con-

863 4530 1009 4596 silio
1034 4550 1262 4613 parere
1283 4529 1517 4612 potuit.
1565 4527 1957 4592 Extremum
1995 4548 2150 4592 sane
2186 4528 2360 4593 istud
2399 4535 2499 4593 est
2531 4526 2800 4603 malum,

860 4616 1113 4700 quoties
1149 4614 1387 4696 aliquis
1425 4613 1632 4679 factas
1666 4613 1788 4678 sibi
1827 4612 2299 4679 admonitiones
2339 4625 2405 4676 et
2446 4612 2800 4696 reprehen-

863 4703 1081 4766 siones
1118 4699 1409 4783 despicit.
1455 4698 1598 4763 Nae
1631 4700 1739 4781 qui
1778 4720 1847 4763 se
1882 4699 2095 4782 ipsum
2133 4699 2298 4764 bene
2332 4718 2559 4783 regere
2594 4698 2801 4777 novit,

867 4786 1106 4876 dignus
1164 4795 1262 4851 001
1319 4785 1430 4867 001
1488 4783 1634 4849 01110
1690 4784 2060 4868 0100001101,
2119 4784 2232 4849 0οᾶ
2279 4784 2331 4849 01
2373 4794 2604 4849 000110
2651 4805 2801 4866 pru·

867 4872 1089 4937 dentia
1134 4869 1883 4946 destituatur‚·modeste
1927 4879 2148 4935 tamen
2197 4871 2277 4935 (10
2320 4892 2390 4935 00
2433 4871 2693 4948 sentiat,
2738 4877 2801 4933 01

862 4979 995 5024 000
1061 4979 1177 5021 000
1246 4956 1434 5036 genio
1499 4955 1691 5035 fidat,
1771 4956 1917 5039 plus
1983 4978 2052 5021 00
2120 4956 2491 5022 videntibus
2556 4956 2799 5032 credat,

865 5044 1151 5126 00001001
1230 5062 1369 5108 0000
1451 5040 1833 5126 prudentiae
1912 5043 2146 5107 merito
2223 5042 2601 5112 dixerimus.
2711 5042 2801 5105 Et

864 5139 1112 5208 contra,
1173 5139 1245 5192 ut
1303 5125 1457 5207 dixi,
1516 5128 1624 5210 qui
1671 5150 1879 5211 neque
1922 5150 1992 5193 se
2038 5128 2240 5207 novit,
2304 5148 2510 5209 neque
2556 5126 2802 5191 iudicat

866 5215 947 5282 de
1005 5216 1200 5281 rebus
1255 5213 1527 5300 sincere,
1593 5222 1659 5278 et
1714 5223 1931 5279 tamen
1983 5213 2343 5279 obduratur
2399 5215 2468 5277 in
2528 5211 2797 5291 malitia,

2590 307 3002 374 HOMILIA
3044 308 3192 375 XC.
3926 349 3941 362 ·
4657 318 4741 384 540

2916 519 3126 581 neque
3182 503 3432 583 patitur
3483 521 3553 565 00
3611 497 4020 582 reprehendi,
4080 497 4195 565 sed
4238 520 4469 565 sanum
4504 502 4746 571 consilinm

2916 583 3144 666 reiicit,
3183 587 3417 651 merito
3439 586 3659 651 fatuus
3694 586 3896 649 immo
3933 606 4157 650 amens
4193 584 4466 664 dicetur,
4494 597 4548 652 et
4573 609 4746 655 summa

2914 668 3213 736 confusio
3270 682 3621 737 metuetur.
3711 670 3983 735 Nabalis
4022 672 4228 754 igitur
4269 672 4379 754 qui
4423 671 4550 739 talis
4584 673 4747 740 desei·

2914 754 3092 819 bitur
3135 757 3436 841 exemplo
3481 754 3670 822 docet
3711 776 3829 821 nos
3872 756 4221 832 Dominus,
4280 765 4517 822 attente
4551 761 4750 828 meone

2914 851 3166 907 nostras
3230 863 3459 909 omnes
3521 841 3930 908 considerare
3955 890 3970 918 ‚
4049 851 4125 908 ut
4188 844 4300 925 001
4367 844 4749 911 matrimonium

2910 937 3399 1009 contraxerunt,
3465 949 3739 993 uxorem
3785 937 3853 992 et
3896 925 4139 994 11110100
4182 949 4410 1012 regere
4453 931 4651 1009 norint,
4681 934 4753 1013 qui

2909 1011 3188 1079 famulos
3253 1014 3663 1097 famulasque
3728 1010 4008 1091 habent,
4077 1014 4385 1096 videant,
4451 1025 4515 1079 ut
4566 1037 4622 1080 se
4669 1016 4751 1083 ill'n

2906 1109 3105 1179 caput
3126 1111 3191 1164 et
3215 1100 3441 1165 ducem
3468 1100 3854 1164 constitutos
3874 1099 4104 1184 sciant,
4138 1109 4212 1164 ut
4235 1100 4493 1183 singula
4509 1102 4610 1167 sub
4629 1101 4757 1168 disd-

2905 1182 3086 1266 plina
3129 1196 3582 1252 coerceantur:
3643 1183 3880 1268 quibus
3923 1184 4227 1251 omnibus
4270 1187 4464 1253 rebus
4501 1187 4597 1269 qui
4628 1207 4755 1270 pares

2908 1288 3040 1333 non
3101 1271 3366 1349 fuerint,
3412 1270 3630 1335 Deum
3691 1276 3767 1334 ut
3825 1268 4115 1336 defectus
4176 1274 4465 1356 ipsorum
4519 1285 4682 1358 tegat,
4718 1287 4761 1340 et

2908 1355 3085 1421 vires
3132 1367 3462 1442 suggerat,
3505 1363 3761 1439 rogent.
3858 1356 3951 1420 Et
3994 1355 4077 1421 (10
4121 1357 4333 1423 Nabal
4381 1357 4673 1424 hactenus.

3077 1444 3516 1509 Transeamus
3553 1440 3634 1506 ad
3663 1439 4031 1524 Abigailem
4072 1462 4271 1524 quam
4317 1443 4629 1509 mulierem
4653 1465 4759 1527 0111·

2904 1525 3188 1607 dentem,
3236 1539 3303 1594 et
3348 1525 3700 1593 virtutibus
3742 1525 4066 1592 illustrem
4099 1527 4339 1593 Nabali
4383 1530 4517 1593 viro
4555 1529 4761 1614 maligno

2906 1621 2973 1677 et
3030 1611 3389 1680 inhumano
3446 1612 3698 1678 nubere
3741 1611 3926 1677 Deus
3986 1612 4211 1690 voluit,
4268 1624 4348 1679 ut
4390 1636 4464 1679 00
4501 1613 4761 1680 doceamur

2905 1720 3380 1784 nonnunquam
3415 1699 3779 1765 Dominum
3821 1718 4091 1763 suorum
4139 1701 4445 1765 virtutem
4485 1700 4763 1782 explorare,

2905 1808 3106 1870 quum
3166 1783 3580 1851 instiusmodi
3638 1782 3925 1848 examini
3982 1785 4157 1866 ipsos
4212 1783 4503 1851 subiicit:
4555 1785 4763 1867 quando-

2906 1872 3166 1954 quidem
3211 1872 3386 1937 enim
3416 1869 3679 1954 Abigail
3723 1877 3821 1933 tot
3864 1870 4197 1952 tantisque
4240 1870 4429 1936 donis
4471 1871 4765 1946 excellebat,

2906 1978 3111 2041 quare
3134 1958 3314 2023 Deus
3358 1956 3859 2024 convenientem
3901 1956 4027 2039 ipsi
4073 1956 4383 2021 maritum
4428 1977 4553 2021 non
4591 1954 4765 2020 dabat?

2908 2064 3061 2108 nam
3119 2043 3542 2109 matrimonia
3595 2042 3840 2107 scimus
3900 2063 4028 2106 non
4088 2061 4245 2108 casu
4301 2041 4519 2125 aliquo
4553 2041 4769 2120 fortuito,

2906 2128 3020 2193 sed
3082 2127 3226 2194 Deo
3296 2137 3525 2195 autore
3580 2126 3748 2193 fieri.
3851 2127 3993 2193 Gur
4048 2128 4254 2212 igitur
4307 2127 4591 2193 mulieris
4638 2127 4771 2192 istius

2905 2236 3037 2279 non
3083 2212 3562 2281 miserebatur?
3656 2216 3876 2295 Atque
3919 2213 4042 2279 hoc
4088 2213 4359 2297 dignum
4407 2223 4504 2279 est
4541 2214 4771 2279 observa·

2908 2301 3105 2378 tione,
3168 2312 3241 2366 ut
3300 2302 3354 2367 si
3411 2299 3669 2384 quando
3724 2299 4031 2365 mulieres
4088 2300 4443 2383 contigerit
4498 2319 4615 2365 non
4659 2298 4771 2363 tales

2909 2385 3148 2452 habere
3184 2388 3454 2453 maritos
3489 2385 3714 2470 quales
3748 2392 4072 2468 optarent,
4116 2396 4233 2451 001
4273 2386 4569 2468 qualibus
4604 2385 4772 2468 dign-e

2907 2481 3145 2551 essent,
3192 2494 3333 2538 0000
3377 2493 3596 2539 coram
3642 2470 3784 2536 Deo
3827 2470 4151 2550 deiiciaut,
4210 2481 4279 2536 et
4320 2479 4657 2555 agnoscant
4684 2469 4775 2534 suis

2909 2559 3202 2623 humeris
3263 2579 3429 2624 0000
3493 2578 3533 2623 0
3600 2556 3740 2620 Deo
3807 2555 4223 2639 impositum,
4285 2564 4364 2621 ut
4428 2577 4629 2624 coram
4679 2555 4772 2637 ipen

2909 2644 3189 2727 primum
3282 2643 3536 2708 discant
3622 2641 3995 2723 humiliari,
4079 2640 4313 2707 deinde
4407 2651 4484 2707 01
4562 2642 4774 2724 imorum

2908 2728 3224 2812 patientia
3260 2738 3329 2794 01
3361 2726 3731 2794 obedientia
3767 2729 4159 2811 exploretur,
4204 2727 4543 2793 humiliari
4580 2724 4772 2810 quidem

2907 2816 3055 2881 illas
3089 2816 3233 2879 vult
3265 2836 3349 2880 00
3383 2814 3509 2880 01111
3551 2812 3711 2898 10010
3756 2814 4060 2897 placeant
4103 2821 4167 2877 et
4209 2813 4422 2897 gloria
4465 2813 4776 2877 efferantur:

2908 2901 3290 2985 patientiam
3351 2910 3572 2966 autem
3629 2899 3927 2983 explorat
3977 2907 4052 2964 01
4105 2899 4249 2964 aliis
4305 2898 4670 2965 mulieribus
4704 2918 4777 2960 ex·

2908 2985 3123 3070 emplo
3196 3007 3314 3051 000
3332 3041 3347 3052 .
3369 2995 3701 3070 praeeant.
3805 2984 3920 3051 Sic
3972 2983 4343 3068 Abigailem
4404 3005 4553 3050 cum
4605 2981 4777 3048 marito

2908 3072 3152 3138 vixisse
3174 3071 3491 3150 videmus,
3527 3079 3601 3135 ut
3623 3091 3771 3135 eum
3802 3079 4020 3135 tamen
4058 3071 4329 3135 minime
4369 3067 4778 3152 contempserit,

2908 3158 3034 3224 etsi
3088 3156 3260 3241 apud
3302 3157 3627 3223 Davidem
3688 3156 4032 3220 stultitiam
4089 3154 4296 3238 ipsius
4355 3177 4488 3220 non
4547 3155 4778 3221 dissimu-

2908 3244 3079 3309 larit.
3171 3242 3303 3310 Sed
3349 3243 3443 3307 ita
3487 3241 3631 3308 fieri
3673 3242 4026 3324 oportebat,
4073 3261 4225 3306 nam
4270 3241 4328 3306 si
4376 3241 4673 3306 Nabalem
4705 3259 4781 3302 ex·

2908 3349 3139 3395 cusare
3194 3349 3591 3413 causamque
3647 3327 3855 3411 ipsius
3915 3326 4086 3410 apud
4129 3326 4464 3393 Davidem
4506 3323 4781 3393 defendere

2907 3424 3144 3483 conata
3205 3414 3469 3494 fuisset,
3536 3415 3746 3498 magis
3811 3413 3892 3478 ad
3961 3415 4124 3480 iram
4191 3434 4348 3478 eum
4415 3417 4782 3496 provocasset,

2909 3521 3103 3585 quem
3141 3498 3398 3584 blandis
3432 3500 3653 3565 verbis
3687 3497 4025 3583 oportebat
4056 3498 4327 3582 placari.
4378 3497 4599 3578 Quum
4634 3496 4781 3580 igitur

2908 3587 3221 3652 maritum
3259 3587 3498 3650 fatetur
3540 3586 3790 3649 fatuum
3836 3605 3980 3650 0000
4022 3594 4091 3649 01
4131 3585 4343 3667 100100
4387 3583 4629 3650 0010101
4665 3582 4783 3646 fanu

2906 3671 3324 3756 respondere,
3379 3692 3508 3735 non
3565 3670 3719 3734 inde
3773 3670 4068 3753 sequitur
4124 3670 4339 3753 ipsam
4399 3671 4643 3735 solitam
4679 3685 4784 3731 con·

2907 3759 3094 3824 viciis
3153 3767 3218 3822 et
3261 3756 3670 3822 contumeliis
3714 3758 4025 3820 maritum
4070 3775 4369 3832 onerare,
4414 3754 4529 3821 sed
4571 3749 4785 3819 0000001·

2907 3853 3042 3910 tate
3122 3842 3471 3926 impulsam
3546 3841 3768 3906 mariti
3845 3840 4194 3906 stultitiam
4261 3861 4412 3908 0000
4479 3840 4782 3924 professam.

2906 3927 3075 3995 Nam
3144 3949 3226 3995 ex
3291 3930 3373 3994 iis
3436 3947 3600 4011 quae
3665 3926 3982 4005 diximus,
4051 3937 4119 3990 et
4177 3926 4494 4010 deinceps
4554 3923 4783 4009 pluribus

2907 4014 3310 4095 videbimus,
3388 4026 3659 4098 apparet
3723 4013 3904 4077 illam
3971 4012 4115 4077 miti
4180 4013 4460 4095 ingenio
4525 4013 4695 4076 fuisse
4740 4015 4783 4068 et

2905 4121 3161 4167 summa
3222 4099 3574 4184 prudentia
3625 4119 3775 4164 cum
3833 4097 4071 4163 marito
4133 4107 4491 4164 versatam.
4575 4096 4669 4162 Ex
4699 4108 4782 4174 quo

2905 4206 3214 4270 magnam
3251 4186 3593 4250 utilitatem
3631 4184 4045 4268 percipimus,
4089 4184 4146 4248 si
4182 4182 4265 4248 ad
4315 4193 4612 4249 nostrum
4646 4195 4781 4244 neum

2906 4273 3281 4355 exemplum
3340 4271 3517 4336 istud
3577 4290 3895 4352 usurpare
3951 4269 4253 4335 sciamus.
4344 4270 4522 4333 Nam
4578 4268 4688 4332 fele
4731 4261 4782 4325 fit

2907 4357 3115 4442 utqui
3140 4357 3326 4423 (10010
3370 4355 3842 4422 excellentibus
3876 4355 4091 4420 ornati
4134 4365 4294 4419 sunt
4338 4354 4694 4420 existiment
4724 4367 4781 4420 ΒΘ,

2906 4442 3060 4509 11001
3080 4443 3153 4508 10
3179 4443 3429 4509 01110010
3465 4450 3533 4507 01
3570 4441 3683 4508 vili
3720 4438 4091 4506 conditione
4120 4441 4396 4520 vivant,
4443 4460 4571 4504 non
4612 4436 4779 4500 doben

2906 4538 3124 4594 tamen
3163 4529 3567 4612 superiorem
3604 4529 3960 4610 potentiam
3997 4546 4373 4626 agnoscere.
4422 4526 4537 4591 Sic
4566 4523 4781 4608 plerum·

2905 4636 3031 4698 que
3088 4615 3166 4680 fit
3222 4625 3297 4680 ut
3349 4614 3557 4679 felicis
3615 4613 3865 4697 ingenii
3908 4612 4143 4678 mulier
4186 4612 4353 4678 adeo
4395 4612 4693 4686 efferatur,
4730 4611 4779 4666 ¹1⁸

2904 4701 2991 4766 sit
3051 4699 3497 4766 intolerabilis.
3604 4698 3750 4764 Imo
3808 4697 4035 4765 videas
4093 4699 4445 4782 plerasque
4502 4718 4621 4762 000
4670 4689 4778 4784 adeo

2907 4784 3266 4869 prudentes
3300 4787 3368 4851 in
3404 4784 3692 4872 regenda
3727 4784 3995 4862 familia,
4043 4793 4258 4849 tamen
4310 4783 4487 4849 velle
4530 4784 4591 4847 in
4630 4789 4776 4880 prem

2906 4870 3130 4937 haberi
3211 4883 3278 4937 01
3352 4871 3625 4937 maritos
3705 4871 4058 4955 despicere.
4167 4869 4282 4937 Sic
4351 4871 4548 4936 etiam
4609 4866 4777 4930 hberoe

2908 4957 3129 5023 videre
3165 4958 3318 5024 11001
3354 4978 3621 5023 suorum
3660 4965 4005 5039 parentum
4042 4976 4263 5022 curam
4304 4956 4554 5021 nullam
4588 4951 4775 5018 habere.

2907 5042 3019 5109 sed
3079 5065 3188 5109 eos
3223 5044 3440 5127 potius
3486 5043 3838 5127 despicere.
3923 5040 4036 5109 Sic
4078 5062 4307 5108 servos
4353 5047 4704 5124 arrogantes
4732 5048 4777 5126 89

2907 5129 3225 5195 adversus
3284 5126 3581 5194 dominos
3626 5150 3885 5214 gerere,
3944 5137 4011 5194 et
4066 5126 4145 5194 de
4202 5150 4270 5193 se
4314 5129 4665 5211 opinionem
4696 5116 4775 5180 ⁸1¹·

2906 5235 3103 5299 quam
3140 5215 3400 5283 habere.
3468 5214 3880 5299 Quapropter
3913 5213 4233 5299 Abigailis
4274 5212 4581 5297 exemplo
4616 5219 4775 5290 sapere
