5059 6059
307 293 427 360 505

303 481 677 570 perrexisse.
764 482 936 549 Nam
998 482 1122 548 etsi
1180 481 1496 568 gravibus
1540 500 1581 546 a
1622 481 1768 548 Deo
1809 479 2026 565 plagis
2066 481 2242 548 caesi

303 571 575 649 fuerant,
628 588 766 634 non
825 567 910 633 de
952 566 1419 653 investiganda
1462 586 1660 634 causa
1700 565 2066 651 plagarum,
2126 565 2243 633 sed

304 657 378 723 de
419 677 458 721 a
498 676 573 722 se
610 651 1026 720 amandanda
1067 652 1197 720 Dei
1240 673 1394 721 arca
1428 654 1836 731 laborarunt,
1880 670 2081 736 quam
2115 652 2241 718 sibi

301 742 625 809 exifiosam
668 760 814 807 esse
854 739 1159 806 existima
1171 747 1351 806 runt.
1438 739 1540 806 Ac
1581 747 1929 806 senserunt
1968 737 2069 803 illi
2101 737 2241 822 qui-

302 828 442 894 dem
500 825 630 892 Dei
689 845 981 904 manum,
1046 834 1113 891 et
1169 825 1600 893 vehementer
1657 824 2022 908 perturbati
2064 834 2241 905 sunt,

300 914 575 980 dolorem
630 911 921 978 exterius
964 912 1221 978 testati:
1280 911 1396 978 sed
1438 910 1667 978 statim
1709 920 2027 980 aruerunt
2068 911 2239 993 ipso-

298 1020 435 1066 rum
488 999 839 1082 lacrymae,
908 1018 1106 1064 canes
1161 998 1236 1063 in
1292 1017 1371 1064 eo
1429 997 1671 1063 imitati
1725 995 1839 1081 qui
1880 996 2054 1061 fuste
2096 1017 2237 1080 per-

298 1086 463 1153 cussi
504 1104 915 1184 magnopere
948 1084 1212 1161 latrant,
1251 1082 1366 1151 sed
1407 1084 1521 1150 ubi
1556 1082 1751 1150 desiit
1784 1081 1986 1162 dolor,
2031 1083 2235 1148 ictum

298 1170 475 1258 parvi
509 1171 780 1237 Faciunt.
867 1169 975 1235 Ita
1002 1169 1365 1248 Israelitae,
1400 1170 1555 1236 licet
1588 1169 1779 1235 initio
1811 1167 2235 1236 vehementer

297 1256 610 1336 commoti,
656 1266 881 1324 tamen
917 1276 1050 1322 non
1088 1255 1281 1341 diem,
1329 1277 1462 1323 non
1496 1276 1774 1336 menses,
1809 1275 1947 1320 non
1978 1274 2232 1320 annum

296 1352 562 1423 tantum,
619 1341 737 1409 sed
794 1342 1036 1425 viginti
1094 1362 1305 1410 annos
1346 1350 1515 1409 totos
1556 1342 1740 1408 velut
1782 1340 1917 1406 alto
1962 1349 2231 1406 veterno

298 1430 500 1515 sopiti,
540 1433 609 1496 et
650 1429 726 1495 in
772 1428 950 1495 vitiis
993 1427 1284 1498 indurati
1328 1437 1501 1495 sunt.
1588 1427 1736 1493 Deo
1766 1446 1927 1493 vero
1962 1425 2230 1492 tandem

295 1516 428 1582 illos
468 1514 808 1580 excitante
840 1523 1354 1593 commoventur,
1422 1523 1492 1581 et
1524 1533 1743 1580 coram
1779 1511 1924 1578 Deo
1959 1520 2231 1596 gemunt

296 1622 363 1668 ac
422 1601 890 1667 lamentantur.
980 1600 1158 1667 Hinc
1217 1599 1544 1668 diseamus
1608 1620 1727 1666 nos
1792 1599 1849 1665 si
1912 1597 1986 1663 in
2039 1596 2230 1666 devia

295 1685 824 1767 aberraverimus,
867 1706 999 1752 non
1038 1707 1233 1772 posse
1270 1706 1312 1751 a
1353 1686 1501 1752 Deo
1545 1686 1819 1769 gratiam
1855 1684 2228 1767 impetrare,

296 1793 406 1839 nec
454 1773 579 1856 ipsi
622 1772 1048 1852 reconciliari,
1106 1773 1232 1840 nisi
1276 1772 1561 1855 primum
1606 1770 2031 1839 vehementer
2073 1789 2226 1835 con-

297 1858 527 1924 tristati
582 1858 924 1934 fuerimus,
982 1870 1048 1923 et
1105 1857 1455 1926 adversum
1502 1878 1621 1926 nos
1662 1857 1841 1942 ipsos
1881 1855 2224 1940 indignati.

297 1945 451 2012 Nam
492 1944 552 2010 si
597 1944 819 2009 Deum
862 1943 1161 2028 cupimus
1205 1965 1337 2010 non
1381 1945 1662 2029 experiri
1700 1942 1998 2020 iudicem,
2042 1960 2226 2025 prae-

296 2029 645 2097 veniendus
709 2038 832 2108 est,
898 2038 974 2094 ιιι
1035 2029 1130 2095 ait
1194 2030 1461 2109 Paulus,
1531 2038 1730 2114 atque
1791 2028 2087 2095 orandus
2149 2035 2224 2093 ιιι

299 2125 579 2184 sanctum
665 2135 863 2183 suum
928 2115 1234 2198 spiritum
1303 2116 1493 2183 nobis
1557 2116 2015 2197 communicet,
2095 2133 2224 2196 quo

297 2201 443 2268 duce
504 2209 575 2268 et
642 2202 963 2285 magistro
1028 2200 1269 2268 dociles
1332 2203 1589 2283 fiamus,
1654 2222 1738 2268 ne
1795 2201 1868 2266 in
1909 2198 2222 2267 indicium

297 2287 629 2354 adversum
663 2308 814 2364 ‚nos
869 2286 1312 2371 ingrediatur:
1369 2306 1444 2354 ac
1500 2288 1558 2355 si
1612 2287 1813 2354 fuerit
1868 2288 2223 2370 ingressus,

298 2394 403 2439 nos
462 2373 588 2457 ipsi
658 2373 910 2456 priores
968 2374 1361 2440 sententiam
1417 2373 1491 2440 in
1545 2395 1665 2440 nos
1707 2373 2022 2440 feramusz
2090 2390 2222 2437 non

296 2459 536 2543 quidem
593 2469 677 2526 ut
732 2459 848 2538 rei,
904 2458 1022 2543 qui
1076 2462 1469 2526 sententiam
1525 2459 1874 2526 adversum
1929 2478 2001 2525 se
2049 2455 2224 2540 ipsos

294 2545 448 2611 ferre
506 2554 862 2632 coguntur,
927 2565 1085 2610 mox
1150 2545 1571 2630 implendam,
1632 2545 1749 2612 sed
1812 2542 2093 2628 gratiam
2158 2551 2225 2607 et

295 2631 794 2698 misericordiam
828 2631 911 2698 ab
942 2632 1089 2715 ipso
1123 2633 1600 2715 consequuturi.
1646 2630 1881 2715 Itaque
1917 2630 1972 2696 si
2008 2628 2223 2712 qualis

298 2718 497 2782 nativa
555 2726 785 2783 nostra
838 2717 1172 2800 corruptio
1227 2719 1314 2784 sit
1367 2718 1762 2795 intueamur,
1819 2735 1979 2781 sane
2033 2713 2221 2781 nobis

298 2804 560 2887 amplam
604 2802 900 2869 oblatam
942 2801 1248 2888 gemendi
1292 2803 1697 2869 occasionem
1727 2800 2217 2884 comperiemus.

296 2888 448 2955 Nam
501 2890 633 2955 etsi
691 2907 827 2955 non
879 2897 1052 2955 esset
1108 2907 1296 2955 amor
1346 2888 1559 2955 nostri
1612 2895 1838 2953 tantus
1890 2885 1963 2952 in
2016 2885 2219 2965 nobis,

297 2994 488 3058 neque
542 2982 736 3040 tanta
778 2972 1088 3052 adulatio,
1140 2981 1362 3041 tamen
1403 2974 1917 3060 quotiescunque
1956 2972 2028 3037 in
2072 2991 2221 3057 pec-

298 3074 566 3127 catorum
610 3059 1106 3127 multitudinem
1149 3059 1636 3145 inspiceremus,
1679 3061 1749 3128 in
1793 3059 1815 3124 l
2046 3079 2121 3124 as
2155 3064 2224 3124 et

300 3146 554 3230 gemitus
625 3164 748 3214 nos
788 3146 1038 3213 effundi
1077 3154 1421 3230 oporteret.
1510 3145 1734 3229 Quare
1778 3145 1862 3211 da
2035 3143 2223 3210 nobis

298 3251 471 3315 opera
500 3240 575 3298 ut
615 3233 751 3299 tale
786 3232 868 3298 de
901 3230 1091 3299 nobis
1125 3232 1441 3301 iudicium
1475 3234 1784 3311 feramus,
1820 3237 1897 3298 ut
1925 3238 2220 3297 nostram

298 3315 721 3385 humilitatem
777 3320 962 3385 Deus
1019 3317 1343 3400 admittat,
1400 3337 1534 3385 non
1591 3317 1804 3384 solum
1861 3335 1985 3383 nos
2040 3315 2222 3399 ipsos

296 3411 705 3488 agnoscentes
758 3423 909 3470 reos
964 3404 1327 3471 multorum
1379 3413 1810 3490 peccatorum,
1865 3401 1979 3471 sed
2022 3402 2220 3467 etiam

299 3489 377 3555 ita
424 3490 781 3557 contritum
833 3508 948 3555 cor
990 3491 1260 3558 tristitia
1301 3491 1445 3558 Deo
1487 3491 1854 3568 offerentes,
1900 3496 1975 3554 ut
2016 3487 2222 3554 tristi·

300 3575 437 3640 tiam
477 3583 774 3644 nostram
817 3583 1070 3660 gratam
1128 3575 1385 3642 habeat.
1472 3577 1654 3645 Vera
1695 3576 1891 3655 enim,
1949 3583 2027 3640 ut
2067 3580 2222 3639 ante

301 3659 438 3742 dixi,
491 3660 575 3729 ad
631 3661 1107 3747 poenitentiam
1165 3663 1273 3731 via
1314 3673 1415 3731 est
1454 3663 1573 3729 illa
1614 3663 1897 3728 tristitia.
1983 3659 2219 3726 Caete-

301 3766 429 3813 rum
478 3768 561 3815 ex
618 3748 753 3814 hoc
805 3747 949 3814 loco
1000 3748 1419 3832 perspicuum
1463 3759 1565 3816 est
1605 3767 1800 3831 quam
1840 3746 2221 3830 imperfecta

303 3841 360 3896 et
408 3832 743 3901 dimidiata
783 3834 871 3901 sit
912 3834 1259 3900 hominum
1300 3836 1721 3918 poenitentia,
1780 3840 1854 3898 ut
1895 3833 1967 3898 in
2007 3831 2219 3896 maxi-

304 3937 428 3983 mos
464 3922 749 4004 gemitus
790 3929 860 3987 et
901 3919 1186 3986 eiulatus
1228 3921 1674 3999 effundantur,
1718 3927 1787 3984 et
1830 3926 2048 3983 tamen
2071 3916 2221 3982 reli-

301 4006 395 4086 qui
426 4005 493 4070 in
526 4026 598 4073 se
631 4005 851 4074 adhuc
886 4006 1041 4072 mali
1078 4005 1362 4073 multum
1398 4008 1746 4085 retineant,
1787 4012 1864 4070 ut
1890 4002 1974 4069 ad
1995 4003 2217 4070 Deum

299 4088 522 4158 sincere
576 4112 713 4158 non
769 4099 1257 4159 convertantur.
1345 4092 1578 4177 Neque
1618 4091 1793 4158 enim
1837 4088 2220 4156 existiman-

300 4171 437 4240 dum
489 4187 590 4244 est
642 4197 884 4247 vanam
939 4198 1083 4245 esse
1124 4187 1244 4243 aut
1283 4180 1684 4263 superfluam
1727 4175 2058 4242 Samuelis
2100 4194 2218 4241 ex-

303 4259 737 4343 hortationem,
793 4283 997 4348 quum
1050 4264 1178 4329 ait:
1242 4262 1319 4332 Si
1386 4265 1469 4330 ad
1514 4265 1735 4331 Deum
1778 4269 1847 4329 et
1886 4261 2217 4334 sincerum

303 4345 427 4412 eius
455 4350 705 4415 cultum
740 4349 1184 4428 revertamini,
1227 4351 1284 4417 si
1321 4349 1475 4417 deos
1509 4350 1756 4417 alienos
1791 4345 2213 4424 sustuleritis3

304 4431 514 4513 quibus
573 4433 794 4502 verbis
852 4435 1041 4502 docet
1091 4433 1339 4520 aliquid
1395 4434 1615 4504 adbuc
1667 4433 2103 4500 simulationis
2146 4432 2213 4496 in

304 4516 443 4599 ipsis
494 4520 833 4588 residuum
890 4522 1111 4601 fuisse,
1175 4530 1246 4587 et
1287 4542 1421 4588 non
1464 4522 1635 4589 serio
1676 4519 1760 4586 ad
1802 4520 2021 4586 Deum
2064 4538 2215 4585 con·

307 4621 507 4671 versos
545 4627 707 4674 esse.
795 4607 971 4673 Nam
1013 4609 1069 4674 si
1113 4609 1285 4675 seria
1325 4617 1393 4674 e't
1421 4607 1723 4691 simplex,
1777 4605 2005 4689 inquit,
2061 4624 2213 4672 ves·

307 4697 398 4756 tra
446 4692 780 4759 conversio
822 4693 1038 4775 fuerit,
1094 4702 1347 4761 certum
1388 4700 1491 4760 est
1531 4713 1654 4759 voc
1693 4690 1840 4757 Deo
1881 4697 2103 4775 gratos
2144 4696 2215 4756 et

308 4787 580 4860 acceptos
620 4778 784 4846 fore:
850 4778 967 4846 sed
1054 4799 1213 4847 uum
1257 4787 1510 4847 vestras
1551 4776 2043 4863 superstitiones
2086 4776 2214 4842 Dei

309 4860 486 4928 cultui
518 4863 904 4944 admiscetis,
955 4864 1036 4932 ad
1085 4886 1169 4933 uc
1202 4866 1583 4950 ambiguum
1618 4871 1687 4930 et
1720 4861 2044 4946 duplicem
2072 4862 2216 4928 ani·

309 4962 468 5011 mum
507 4949 777 5031 habetis,
830 4961 898 5017 et
938 4951 1084 5018 Deo
1142 4952 1477 5037 ingratum
1540 4949 1907 5017 discrima.
1995 4948 2216 5034 Digna

313 5049 451 5098 sane
506 5035 957 5104 observatione
1020 5038 1367 5118 sententia,
1430 5056 1635 5122 quum
1670 5035 2057 5119 praesertim
2082 5045 2215 5101 tam

313 5120 467 5184 caeci
506 5128 736 5188 natura
775 5124 915 5190 sint
956 5123 1272 5203 homines,
1317 5131 1391 5190 ut
1430 5143 1504 5191 se
1559 5120 1833 5207 pulchre
1875 5118 2217 5188 defunctos

312 5201 497 5273 officio
535 5205 707 5293 apud
749 5209 971 5277 Deum
1012 5216 1245 5294 putent
1285 5210 1345 5276 si
1386 5209 1600 5278 levem
1643 5217 1712 5275 et
1752 5207 2019 5274 inanem
2060 5227 2215 5293 poe-

1617 292 1717 359 IN
1762 292 1818 358 1.
1865 291 2046 358 LIB.
2093 289 2497 361 SAMUEL.
2541 291 2740 359 CAP.
2787 291 2946 358 VII.

4163 299 4290 367 506

2344 481 2696 549 nitentiam
2717 481 3049 561 simulent,
3086 501 3339 565 nempe,
3385 483 3440 547 si
3462 482 3570 550 vel
3592 484 3797 550 verbo
3816 505 3889 551 se
3910 495 4284 568 peccatores

2342 587 2491 635 esse
2522 570 2978 645 confiteantur,
3011 576 3207 651 atque
3220 568 3477 634 itaDeo
3507 577 3576 634 et
3598 569 4062 638 hominibusse
4098 572 4288 641 facile

2341 655 2765 738 imposituros
2784 658 3039 738 putant.
3077 656 3180 721 Ac
3196 673 3372 734 sanc,
3387 654 3774 739 plerumque
3798 657 4022 726 videas
4037 679 4149 728 eos
4171 663 4281 746 qui

2342 741 2667 822 flagitium
2704 737 2969 823 aliquod
2992 738 3419 818 admiserunt,
3461 750 3533 806 et
3559 741 3865 808 omnibus
3895 744 4285 811 offendiculo

2339 826 2630 907 fuerunt,
2681 826 2740 892 ei
2795 825 2901 893 vel
2953 823 3227 891 verbulo
3284 826 3617 892 fateantur
3673 849 3746 893 se
3787 827 4155 915 deliquisse,
4214 847 4285 898 et

2339 913 2611 996 gravius
2676 920 3059 996 urgeantur,
3125 932 3322 996 aegre
3383 912 3650 992 laturos,
3715 923 3783 979 et
3844 917 4033 998 quasi
4099 918 4279 986 litem

2337 1000 2793 1075 intentaturos‚
2835 996 3006 1079 quod
3054 1016 3187 1062 non
3226 998 3579 1082 sepeliatur
3619 998 3947 1066 oblivione
3985 1003 4278 1085 ipsorum

2335 1084 2671 1168 iniquitas.
2752 1081 2887 1151 Sed
2922 1082 3331 1167 potissimum
3369 1085 3483 1184 qui
3516 1085 3585 1150 in
3621 1085 3905 1168 aliquem
3942 1086 4282 1172 dignitatis

2336 1170 2616 1254 gradum
2678 1169 2888 1235 evecti
2952 1178 3130 1246 sunt,
3194 1189 3488 1236 severius
3548 1190 3766 1237 secum
3832 1173 3940 1257 agi
4006 1194 4281 1260 conque·

2334 1264 2598 1333 runtur,
2675 1256 2734 1322 si
2787 1275 2990 1339 quum
3036 1255 3138 1320 vel
3181 1253 3544 1340 lacrymam
3602 1258 3984 1340 emiserunt,
4059 1262 4162 1327 vel
4211 1286 4280 1332 se

2671 1342 2835 1408 semi
2869 1358 2983 1406 ore
3017 1341 3173 1407 fassi
3206 1352 3382 1418 sunt,
3420 1363 3552 1408 non
3585 1343 3810 1409 statim
3834 1345 4275 1415 absolvantur.

2332 1426 2512 1509 Quid
2549 1427 2758 1492 dicam
2794 1425 2876 1491 de
2911 1426 3243 1494 nonnullis
3276 1428 3392 1510 qui
3426 1428 3759 1498 ministros
3793 1451 3865 1496 se
3886 1433 4279 1515 profitentur

2332 1513 2519 1580 verbi
2564 1513 2789 1591 divini,
2833 1520 2902 1578 et
2943 1533 3108 1595 quos
3149 1513 3298 1578 aliis
3340 1515 3516 1580 vitae
3558 1515 3991 1584 sanctimonia
4023 1520 4279 1601 praeire

2328 1606 2728 1682 oportuerat,
2775 1599 2888 1682 qui
2931 1600 2989 1664 si
3023 1599 3456 1678 scortationis,
3503 1600 3924 1669 helluationis
3957 1616 4071 1672 aut
4102 1606 4280 1671 simi-

2329 1685 2492 1750 lium
2549 1692 2963 1767 peccatorum
3024 1685 3523 1765 convincantur,
3596 1687 3722 1752 nisi
3774 1697 3995 1755 tamen
4055 1692 4276 1757 statim

2327 1770 2659 1840 oblivione
2700 1769 3044 1837 deleantur
3086 1769 3456 1837 istiusmodi
3493 1772 3748 1854 delicta,
3791 1793 3928 1839 non
3965 1785 4278 1844 verentur

2327 1857 2644 1940 conqueri
2701 1864 2770 1922 et
2826 1856 3011 1924 litem
3070 1857 3445 1923 intentare?
3507 1859 3691 1938 Este,
3748 1860 4072 1944 inquiunt,
4130 1883 4276 1947 pec·

2326 1942 2492 2020 cavi,
2557 1942 2790 2021 fateor,
2857 1959 3140 2025 agnosco
3204 1941 3485 2027 culpam,
3551 1945 3666 2011 sed
3723 1965 3927 2029 quare
3983 1949 4277 2018 severius

2327 2048 2585 2094 mecum
2629 2027 2898 2112 agitur?
2947 2047 3168 2093 nonne
3210 2027 3268 2094 si
3311 2050 3418 2096 me
3459 2030 3613 2098 facti
3658 2033 3967 2116 poenitet,
4023 2035 4277 2100 satisfa-

2324 2135 2475 2182 cere
2496 2114 2738 2180 deb‘ent
2757 2133 2943 2180 meae
2980 2114 3310 2199 lacrymae
3347 2123 3418 2180 et
3452 2116 3780 2200 gemitus?
3827 2115 3982 2203 Sed,
4020 2139 4275 2204 quaeso,

2326 2200 2583 2267 tantine
2625 2199 2787 2267 haec
2829 2200 3232 2284 poenitentia
3274 2200 3542 2267 illorum
3583 2214 3705 2283 est,
3764 2212 3840 2282 ut
3880 2224 4068 2270 suam
4111 2225 4277 2271 sem-

2325 2306 2447 2371 per
2515 2285 2904 2370 dignitatem
2969 2287 3256 2353 retinere
3313 2288 3491 2372 apud
3547 2286 3856 2356 honestos
3910 2296 3978 2355 et
4034 2293 4272 2376 probos

2328 2373 2505 2439 viros
2549 2370 2847 2450 debeant,
2893 2391 3055 2455 quos
3096 2372 3315 2455 potius
3352 2383 3668 2458 perpetuo
3703 2374 3947 2457 pudore
3979 2378 4270 2442 suffundi

2320 2465 2395 2525 et
2448 2456 2740 2525 latebras
2790 2478 3102 2542 quaerere
3157 2458 3545 2542 oportebat?
3598 2459 3738 2527 Nos
3778 2462 4001 2545 itaque
4043 2483 4275 2547 agnos-

2324 2563 2552 2612 camus
2614 2563 2812 2627 quam
2864 2545 3071 2610 simus
3125 2544 3196 2609 in
3241 2545 3403 2612 vitia
3445 2546 3785 2629 proclives,
3851 2558 3928 2613 ut
3970 2549 4052 2614 ab
4097 2550 4270 2615 eius·

2325 2629 2503 2697 modi
2563 2629 2780 2697 fucata
2831 2630 3239 2713 poenitentia
3281 2630 3768 2714 abhorreamus,
3811 2652 3978 2717 quae
4020 2632 4271 2700 ludicra

2324 2736 2432 2783 res
2472 2718 2695 2800 potius
2736 2723 2854 2794 est,
2900 2723 2969 2782 et
3009 2716 3077 2781 in
3123 2714 3342 2782 Deum
3386 2719 3873 2798 contumeliosa,
3917 2740 4116 2803 quam
4151 2741 4271 2785 nos

2325 2802 2602 2886 pulchre
2671 2799 2846 2885 apud
2897 2801 3131 2890 ‘ipsum
3184 2801 3399 2879 officio
3455 2802 3795 2871 defunctos
3851 2806 4267 2882 arbitramur,

2325 2888 2559 2956 oblatis
2602 2885 2956 2953 mendaciis
2997 2897 3065 2952 et
3096 2907 3280 2954 mera
3313 2888 3743 2956 simulatione.
3833 2888 4057 2972 Quare
4090 2911 4271 2956 sum-

2323 2994 2590 3058 mopere
2652 2972 3019 3040 cavendum
3081 2993 3166 3040 ne
3232 2973 3315 3039 ab
3380 2974 3505 3040 hac
3569 2995 3801 3042 norma
3865 2974 4268 3054 recedamus,

2323 3081 2457 3146 qua
2494 3060 2799 3126 iubemur
2840 3058 3104 3126 sincere
3139 3079 3261 3126 nos
3302 3059 3373 3126 in
3413 3062 3563 3128 eius
3592 3061 3971 3145 obsequium
4010 3081 4268 3145 compo·

2321 3167 2501 3224 nere,
2559 3146 2615 3212 si
2670 3164 2831 3210 vere
2879 3151 2949 3210 et
3000 3165 3084 3211 ex
3138 3144 3360 3212 animo
3402 3144 3487 3212 ad
3528 3147 3744 3231 ipsum
3787 3149 4264 3214 convertimur:

2322 3251 2538 3316 neque
2592 3251 2699 3298 am
2833 3231 2979 3298 ‘bus
3032 3230 3294 3316 culpam
3350 3232 3744 3311 minuamus,
3809 3232 3926 3299 sed
3981 3233 4267 3319 ingenue

2320 3320 2710 3386 confitentes
2805 3317 3000 3384 elicta
3055 3318 3310 3385 sincera
3351 3325 3573 3384 mente
3612 3317 3696 3384 ad
3738 3320 3956 3403 ipsum
3999 3340 4266 3386 conver-

2321 3411 2559 3470 tamur.
2647 3404 2874 3487 Atque
2916 3401 3025 3468 bic
3066 3421 3302 3471 sensus
3345 3413 3448 3470 est
3488 3404 3869 3489 prophetae,
3927 3424 4129 3489 quum
4172 3406 4267 3472 ait

2321 3490 2427 3557 his
2469 3487 2719 3556 verbis:
2767 3487 2848 3554 Si
2885 3507 3255 3556 reversurus
3293 3510 3394 3572 ee,
3438 3490 3669 3569 Israel,
3714 3491 3948 3558 dictum
3981 3489 4266 3570 Ichooae,

2319 3575 2407 3643 ad
2456 3594 2555 3641 mc
2606 3578 2935 3641 revertere.-
2992 3580 3052 3640 et
3102 3575 3166 3641 si
3217 3575 3524 3642 amabis
3578 3575 4067 3644 abmmationcs
4122 3582 4268 3643 tuas

2319 3681 2364 3728 α
2400 3661 2567 3744 facie
2603 3679 2768 3740 mea,
2810 3680 2938 3727 non
2969 3659 3450 3728 consumebaris.
3538 3661 3795 3744 Quibus
3829 3661 4047 3729 verbis
4080 3661 4265 3730 Deus

2316 3768 2393 3814 se
2425 3746 2646 3832 populi
2681 3746 2784 3852 sqi
2816 3745 3277 3813 conductorem
3312 3767 3456 3813 esse
3474 3750 3837 3833 profitetur,
3875 3757 3941 3814 et
3961 3747 4265 3824 iudicem,

2318 3853 2396 3900 ac
2457 3831 2730 3917 proinde
2795 3830 2879 3898 de
2941 3832 3232 3915 ipsorum
3298 3832 3627 3918 hypocrisi
3689 3834 4006 3917 queritur,
4081 3836 4263 3917 quasi

2318 3918 2524 3985 dicat:
2570 3919 2711 3984 Vos
2753 3916 3020 4003 quidem
3064 3937 3178 3985 ore
3219 3918 3688 4003 poenitentiam
3733 3920 4152 4005 profitemini,
4199 3929 4266 3986 et

2319 4025 2393 4072 re
2447 4005 2592 4089 ipsa
2643 4004 2894 4070 offertis
2947 4003 3162 4070 multa
3216 4005 3554 4086 sacrificia,
3614 4025 3894 4089 quorum
3952 4027 4110 4072 suus
4163 4020 4264 4071 est

2319 4111 2511 4158 usus:
2579 4089 2694 4156 sed
2753 4090 3018 4155 interim
3074 4108 3207 4155 non
3248 4091 3597 4175 agnoscitis
3639 4094 3904 4175 quicum
3946 4091 4133 4158 vobis
4176 4092 4264 4157 sit

2318 4176 2688 4261 negotium:
2732 4195 2937 4259 quare
2978 4177 3171 4261 agite,
3212 4175 3273 4241 si
3313 4177 3487 4243 serio
3528 4177 3609 4243 ad
3650 4199 3755 4244 me
3787 4175 4260 4253 convertimini,

2317 4263 2447 4328 mei
2502 4262 2626 4327 toti
2668 4269 2891 4328 estote.
2979 4260 3081 4330 Ac
3122 4263 3180 4328 si
3224 4270 3485 4329 vestras
3528 4263 4041 4330 abominationes
4083 4279 4261 4327 amo-

2319 4348 2572 4424 vebitis,
2643 4367 2728 4413 ne
2786 4348 3072 4432 amplius
3301 4349 3484 4430 mini,
3548 4358 3635 4433 et,
3687 4360 3767 4415 ut
3821 4348 4060 4425 soletis,
4121 4347 4262 4412 vias

2318 4452 2514 4584 qutnfi
2545 4432 2877 4584 (plurimas
2917 4434 3100 4585 mitigo,
3141 4454 3249 4585 ste·
3301 4436 3390 4586 ἰιίιἰ
3411 4454 3516 4502 me
3549 4436 3803 4503 sincere
3836 4440 3905 4499 et
3937 4431 4083 4499 sine
4117 4431 4262 4584 dzleo

2316 4541 2400 4586 au
2500 4539 2545 4586 u
2786 4539 2988 4587 uiesci
3059 4569 3074 4596 ,
3122 4539 3159 4584 e
3230 4543 3299 4587 ιιι
3391 4541 3542 4588 nem
3587 4541 3632 4587 u
3712 4539 3794 4586 ue
3978 4537 4174 4584 evera
4245 4568 4259 4583 .

2314 4605 2487 4672 Nam
2539 4537 2791 4671 duem
2837 4605 2980 4673 istis
3023 4605 3370 4674 ordinariis
3411 4606 3595 4674 vitiis
3634 4540 4261 4688 ffimiffplerum-

2317 4709 2443 4775 que
2499 4690 2832 4771 laborant;
2886 4699 3003 4757 aut
3058 4691 3236 4758 enim
3294 4692 3517 4758 Deum
3573 4691 3875 4758 simulate
3914 4700 4261 4774 quaerunt,

2314 4775 2478 4843 adeo
2534 4775 2800 4860 quidem
2852 4786 2927 4843 ut
2981 4775 3103 4843 sibi
3146 4778 3309 4863 ipsis
3348 4776 3752 4862 indulgeant,
3810 4784 3877 4843 et
3920 4775 4099 4841 vitiis
4143 4774 4262 4841 ha-

2315 4863 2519 4929 benas
2599 4861 3017 4945 permittant:
3106 4872 3226 4930 aut
3300 4864 3361 4930 si
3422 4864 3717 4930 sincerus
3780 4862 4040 4928 animus
4104 4881 4263 4946 erga

2317 4948 2538 5016 Deum
2581 4957 2702 5029 cst,
2745 4969 2879 5015 non
2922 4957 3144 5016 tamen
3186 4952 3418 5016 firmus
3453 4955 3522 5015 et
3563 4946 3836 5027 stabilis,
3880 4963 3956 5014 ut
3997 4964 4076 5013 ec
4122 4956 4263 5013 tan-

2316 5053 2517 5117 quam
2574 5033 2805 5118 clypeo
2861 5042 3010 5101 tuto
3050 5033 3389 5101 fidendum
3429 5033 3536 5115 sit,
3595 5034 3906 5117 quoniam
3948 5033 4028 5098 ad
4072 5033 4258 5119 inge·

2317 5121 2503 5186 nium
2545 5138 2737 5187 suum
2782 5120 3170 5205 plerumque
3212 5118 3514 5185 homines
3557 5118 3961 5186 relabuntur.
4038 5119 4256 5204 Atque

2316 5206 2467 5274 ideo
2546 5205 2867 5291 propheta
2944 5206 3330 5273 nominatim
3392 5204 3554 5272 haec
3620 5203 3749 5271 duo
3815 5205 3981 5273 vitia
4043 5226 4260 5290 repre·
