5059 6059
273 5194 288 5216 A

259 5246 385 5288 01711.

3655 247 3688 269 ae

1501 287 1598 351 IN
1650 288 1695 351 1.
1743 289 1919 353 LIB.
1968 283 2365 352 SAMUEL.
2411 285 2607 352 CAP.
2653 287 2914 352 xvffl.
3821 333 3826 339 -
4045 289 4172 353 266

837 475 943 541 uid
1016 496 1172 562 ergo
1237 476 1411 542 aliud
1470 497 1619 540 eum
1695 475 1910 540 facere
1989 473 2159 540 velle

870 563 985 627 Dei
1009 561 1339 628 decretum
1363 561 1745 640 rescindere,
1766 569 1831 624 et
1844 560 2158 625 invictam

939 648 1005 712 in
1049 648 1458 713 mendacium
1502 645 1801 712 vertere?
1849 645 1982 712 Sed
2019 646 2161 711 istis

915 756 947 789 ι»
983 733 1125 798 Deo
1164 734 1354 798 etiam
1391 732 1597 798 invito
1631 753 1904 815 regnum
1941 739 2159 796 reten-

954 818 1164 883 ·ndem
1212 819 1374 883 lucri
1420 818 1588 895 fecit,
1635 818 1758 882 nisi
1802 816 1972 898 quod
2009 816 2159 881 hor-

993 905 1121 967 lam
1187 915 1461 969 mortem
1527 903 1596 967 in
1661 924 1731 967 se
1794 900 2158 966 derivavit?

1022 1012 1116 1053 nus
1158 990 1303 1054 istis
1345 989 1479 1054 suis
1523 986 1689 1052 dolis
1728 998 1793 1051 et
1835 988 2025 1052 malis
2060 1007 2162 1051 ar·

1056 1074 1329 1139 stitisse:
1385 1085 1449 1138 ct
1492 1094 1609 1157 pro
1653 1071 1895 1137 viribus
1938 1093 2163 1155 procu-

1081 1182 1139 1222 =n
1175 1160 1380 1225 filium
1419 1171 1559 1240 post
1594 1179 1662 1222 se
1697 1159 1882 1241 regni
1920 1178 2162 1239 posses-

1138 1244 1268 1309 Sed
1329 1245 1571 1309 frustra
1628 1243 1771 1307 Deo
1817 1243 2160 1307 resistitur.

1167 1330 1495 1394 decretum
1540 1328 1668 1392 Dei
1712 1327 1882 1411 quod
1925 1330 2163 1391 immu-

1165 1415 1550 1498 ndoquidem
1597 1414 1806 1479 officio
1849 1433 1980 1477 non
2022 1412 2166 1477 fue·

1189 1525 1235 1560 ·r-
1303 1500 1772 1564 contumaciam
1838 1518 2020 1564 suam
2087 1497 2166 1563 de

1237 1598 1304 1662 it,
1371 1585 1448 1649 ad
1496 1584 1620 1649 Dei
1663 1583 2165 1649 misericordiam

1269 1671 1440 1734 tione
1475 1670 1759 1735 cervices
1789 1669 2167 1735 submittere

1299 1756 1381 1818 ri:
1431 1765 1507 1820 ut
1541 1774 1783 1837 poenae
1820 1755 1957 1818 miti
2007 1754 2166 1818 atio-

1348 1840 1562 1904 odium
1607 1840 1917 1904 adversus
2027 1837 2164 1904 avi-

1408 1925 1654 1990 invidia
1688 1926 1987 2008 ringitur,
2035 1923 2165 1989 bel-

1395 2020 1704 2076 ‚romovet
1760 2030 1950 2092 quam
1997 2009 2165 2090 quod

1429 2118 1488 2157 -u
1531 2105 1667 2160 tam
1711 2096 1874 2161 altas
1917 2095 2167 2160 radices

1440 2180 1746 2245 Davidem
1782 2182 1979 2246 semel
2016 2199 2167 2244 con-

1493 2267 1672 2349 ingui
1713 2267 2014 2348 potuerit,
2057 2263 2168 2330 sed

1517 2378 1530 2412 ι
1571 2353 1911 2433 simulati0,
1950 2361 2016 2415 et
2051 2351 2168 2434 hy-

1551 2445 1649 2500 rat
1691 2456 1848 2501 cane
1891 2437 2073 2519 peius
2108 2445 2171 2499 et

1571 2538 1616 2582 it
1681 2523 1901 2586 favore
1958 2522 2172 2603 ipsum

1621 2607 1839 2690 magni
1860 2605 2173 2670 momenti

1637 2724 1643 2739 .
1694 2691 2067 2774 inspexerit,
2135 2712 2173 2755 a

1651 2795 1662 2825 ι·
1717 2797 1755 2839 a
1797 2776 2174 2841 mulieribus

1703 2862 1842 2927 odis
1906 2859 2173 2938 studuit,

1723 2950 1824 3011 »mi
1870 2946 2170 3011 retinuit:

1746 3034 1974 3098 -esivit.
2060 3031 2172 3095 In-

1791 3139 1978 3199 rnque
2021 3137 2175 3198 erga

1802 3227 1812 3235 ·
1931 3201 2171 3283 Quam-

1929 3309 2171 3372 sapere,

1883 3376 2067 3437 ‘innie
2103 3373 2173 3437 in

1925 3460 2173 3535 ›xim08,

1937 3543 2057 3606 'md
2111 3553 2177 3607 et

1953 3636 2171 3693 irmat:

2053 3715 2176 3777 ita-

2782 477 3266 559 HOMILIA
3315 477 3576 559 LXVI
3591 480 3647 559 Ι.

2436 643 2535 709 10.
2605 644 2751 711 Post
2803 647 2966 711 diem
3023 652 3224 711 autem
3280 646 3557 722 alteram,
3623 647 3854 712 invasit
3905 648 4175 727 spiritus

2265 731 2389 798 Dei
2433 731 2637 796 malus
2683 731 2855 806 Saul,
2903 737 2956 795 et
2979 732 3384 813 prophetabat
3417 733 3485 796 in
3519 734 3716 798 medio
3749 733 3966 797 domus
3998 753 4172 797 suae.

2262 815 2480 880 David
2539 822 2739 881 autem
2785 817 3088 898 psallebat
3127 838 3319 882 manu
3359 838 3496 894 sua,
3554 818 3712 882 sicut
3744 839 3862 898 per
3901 817 4178 900 einyulos

2264 903 2415 968 dies,
2510 902 2893 983 Tenebatque
2954 901 3113 967 Saul
3154 903 3440 967 lanceam.
3531 905 3629 967 11.
3675 903 3761 967 Et
3802 904 3976 968 misit
4018 924 4174 972 eam.

2254 992 2493 1067 putans
2550 988 2711 1069 quod
2766 987 3054 1071 confi9ere
3104 994 3311 1070 posset
3353 989 3569 1054 David
3610 1009 3750 1054 cum
3785 989 4062 1069 pariete:
4121 993 4178 1051 et

2265 1073 2592 1138 declinavit
2638 1073 2852 1137 David
2894 1095 2936 1138 a
2974 1073 3137 1154 facie
3175 1075 3311 1138 eiu-s·
3344 1076 3622 1139 secundo.
3713 1074 3811 1138 12.
3854 1074 3940 1137 Et
3972 1074 4177 1137 timuit

2272 1156 2433 1222 Saul
2474 1179 2515 1221 a
2555 1158 2717 1239 facie
2757 1156 2994 1237 David,
3054 1178 3120 1221 eo
3160 1160 3320 1241 quod
3362 1158 3674 1224 Dominus
3719 1165 3870 1224 esset
3912 1179 4050 1223 cum
4092 1178 4177 1237 e0,

2267 1246 2322 1306 et
2369 1265 2408 1307 a
2451 1262 2516 1308 se
2558 1244 2917 1309 recessisset.
3007 1243 3106 1309 13.
3151 1245 3403 1309 Amavit
3442 1265 3583 1327 erqo
3625 1265 3763 1308 eum
3810 1243 3968 1309 Saul
4009 1265 4051 1308 a
4093 1263 4175 1320 se,

2269 1333 2324 1391 et
2376 1328 2519 1409 fecit
2575 1348 2714 1392 eum
2755 1330 3069 1393 tribunum
3111 1350 3300 1410 super
3340 1328 3507 1393 mille
3548 1332 3750 1395 viros.-
3814 1335 3870 1393 et
3912 1330 4176 1411 eqredie-

2267 1411 2451 1478 batur
2501 1417 2557 1476 et
2614 1413 3078 1496 inyrediebatur
3117 1414 3188 1478 in
3228 1420 3545 1495 con-spectu
3596 1415 3836 1496 populi.
3925 1413 4027 1477 14.
4096 1413 4178 1477 In

2267 1497 2550 1562 omnibus
2592 1518 2823 1578 quoque
2865 1499 2988 1563 viis
3033 1501 3168 1565 suis
3210 1498 3428 1564 David
3463 1501 3802 1579 prudenter
3842 1501 4076 1582 ayebat,
4120 1505 4178 1562 et

2269 1581 2584 1647 Dominus
2641 1588 2772 1647 erat
2824 1604 2962 1649 cum
3017 1605 3100 1648 eo.
3191 1583 3291 1648 15.
3353 1585 3523 1650 Vidit
3565 1587 3772 1665 itaque
3816 1583 3974 1649 Saul
4016 1584 4178 1665 quod

2261 1668 2545 1747 prudens
2586 1673 2740 1732 esset
2777 1669 2989 1751 nimis,
3034 1676 3088 1733 et
3129 1671 3315 1751 coepit
3347 1690 3556 1734 cavere
3588 1690 3746 1734 eum.
3810 1670 3909 1734 16.
3963 1669 4180 1734 Omnis

2273 1759 2475 1817 autem
2541 1754 2749 1818 Israel
2801 1759 2855 1818 et
2912 1753 3081 1819 Iuda
3137 1755 3427 1839 diliyebat
3480 1754 3728 1821 David.-
3791 1756 3925 1836 ipse
3980 1759 4181 1819 autem

2268 1838 2691 1920 eyrediebatur
2731 1844 2786 1903 et
2826 1840 3286 1921 inyrecliebatur
3327 1844 3465 1905 ante
3506 1860 3622 1905 eos.

2440 2007 2926 2074 Consideranda
2967 2009 3150 2074 nobis
3191 2009 3471 2075 occurrit
3510 2008 3890 2075 admiranda
3923 2009 4179 2074 viarum

2269 2092 2538 2158 Domini
2580 2093 2768 2171 ratic,
2811 2107 2878 2158 et
2916 2093 3152 2176 quibus
3196 2093 3402 2161 modis
3438 2115 3555 2160 sua
3589 2094 3852 2162 consilia
3887 2095 4181 2177 perficiat

2270 2188 2336 2243 et
2378 2178 2459 2243 ad
2503 2200 2691 2243 suum
2736 2179 2984 2244 exitum
3030 2180 3369 2262 perducat:
3413 2201 3605 2262 quam
3640 2181 3721 2245 ob
3754 2201 4014 2246 causam
4052 2178 4181 2243 Da-

2273 2263 2486 2328 videm
2556 2264 2758 2331 voluit
2821 2263 2993 2347 apud
3059 2263 3324 2331 Saulem
3390 2286 3671 2346 manere,
3725 2265 3878 2332 licet
3933 2286 4062 2329 non
4107 2286 4184 2328 ea

2275 2358 2444 2414 esset
2486 2370 2672 2414 mens
2715 2359 2779 2415 et
2823 2350 3125 2415 voluntas
3168 2350 3408 2417 Saulis,
3498 2350 3627 2417 Sed
3671 2353 3763 2416 ita
3803 2350 3968 2417 solet
4000 2350 4184 2414 Deus

2274 2434 2645 2500 bominibus
2705 2445 2960 2517 praeter
3015 2436 3298 2518 ipsorum
3355 2437 3618 2502 consilia
3661 2445 3725 2500 et
3767 2435 4185 2520 cogitationes

2275 2521 2390 2585 uti.
2477 2519 2751 2585 Interim
2797 2519 3004 2585 videri
3065 2528 3316 2603 poterat
3372 2520 3592 2586 David
3651 2522 3839 2603 longe
3885 2519 4185 2584 remotior

2276 2626 2464 2687 quam
2510 2606 2932 2687 propinquior
2974 2604 3127 2669 huic
3171 2607 3305 2687 fini,
3350 2605 3867 2688 quandoquidem
3913 2627 3953 2669 a
3990 2603 4185 2669 Saule

2277 2690 2477 2754 veluti
2520 2692 2817 2772 captivus
2861 2702 2972 2754 aut
3015 2692 3407 2775 mancipium
3442 2691 3759 2773 quoddam
3796 2689 4183 2755 habebatur:

2276 2796 2428 2840 nam
2482 2775 2606 2840 sibi
2665 2774 3001 2840 videbatur
3059 2775 3219 2842 Saul
3273 2775 3397 2840 Dei
3457 2778 3733 2860 gratiam
3790 2795 3974 2857 posse
4030 2794 4184 2857 quo-

2277 2859 2616 2925 dammodo
2681 2861 2927 2926 vincire
2992 2861 3047 2926 si
3114 2861 3283 2926 domi
3351 2861 3670 2927 Davidem
3730 2862 4056 2939 retineret,
4120 2870 4186 2922 et

2277 2948 2492 3010 omnia
2556 2945 2760 3028 ipsius
2804 2947 2971 3010 facta
3014 2947 3358 3029 diligenter
3402 2946 3784 3030 exploraret.
3873 2943 4005 3011 Sed
4048 2947 4181 3026 opi·-

2278 3033 2469 3097 nione
2511 3051 2630 3095 sua
2671 3031 2929 3110 excidit,
2977 3044 3050 3096 ut
3090 3033 3255 3097 solet
3292 3033 3469 3096 Deus
3505 3031 3941 3114 improborum
3979 3029 4184 3093 bomi-

2279 3138 2433 3180 num
2479 3116 2750 3182 consilia
2791 3118 3090 3200 frangere
3134 3128 3201 3181 et
3242 3118 3310 3181 in
3347 3117 3737 3182 contrarium
3772 3124 4184 3181 commutare.

2276 3201 2746 3267 Verumtamen
2802 3201 3140 3267 hominum
3197 3201 3430 3268 iudicio
3492 3200 3706 3267 David
3761 3199 4107 3266 videbatur
4149 3218 4188 3261 a

2277 3286 2594 3371 dignitate
2630 3287 2810 3370 regia
2843 3289 3325 3363 remotissimus,
3369 3299 3599 3353 contra
3627 3306 3805 3369 spem
3828 3284 3927 3349 illi
3948 3286 4185 3349 factam

2276 3392 2315 3435 a
2358 3372 2678 3437 Samuele.
2740 3372 3067 3454 Deinceps
3109 3373 3418 3455 sequitur,
3460 3373 3757 3453 spiritum
3791 3370 3918 3436 Dei
3950 3370 4188 3434 malum

2276 3457 2585 3523 invasisse
2660 3456 2943 3524 Saulem:
3030 3479 3111 3522 ex
3177 3479 3302 3541 quo
3367 3469 3632 3540 apparet
3695 3478 3820 3520 non
3882 3455 4189 3521 continue

2278 3544 2474 3607 fuisse
2511 3543 2820 3608 afflictum
2861 3541 3142 3614 Saulem,
3187 3543 3299 3608 sed
3334 3564 3454 3627 per
3487 3543 3851 3621 intervalla,
3894 3542 4035 3606 Deo
4071 3539 4189 3604 ali-

2279 3627 2432 3710 quid
2499 3625 2580 3692 de
2636 3629 2804 3692 iusta
2860 3648 2978 3692 sua
3038 3628 3319 3692 vindicta
3372 3628 3742 3693 remittente
3801 3638 3869 3691 et
3910 3626 4191 3707 aliquam

2279 3714 2561 3794 quietem
2623 3711 2808 3777 Sauli
2867 3713 3274 3777 concedente.
3365 3712 3474 3778 Sic
3518 3712 3818 3778 videmus
3861 3712 4190 3795 improbos

2131 3822 2171 3860 re
2283 3798 2552 3862 emunda
2611 3798 2992 3878 quibusdum
3052 3800 3477 3862 conficiendae
3521 3797 3839 3862 morsibus
3882 3796 4190 3862 excitari:

2227 3958 2228 3967 ἵ
2283 3898 2347 3946 ffl.
2408 3886 2519 3946 um
2587 3886 3012 3962 {au-aeeflntiaffl
3064 3882 3342 3963 huri-ere,
3399 3892 3464 3947 et
3507 3895 3682 3947 metu
3727 3884 4035 3947 attonitos
4077 3879 4193 3945 ob-

2283 3982 2680 4050 stusuusssci’v.:
2744 3970 2968 4030 deinde
3036 3970 3172 4030 Deu-
3216 3967 3452 4051 aliquid
3498 3970 3866 4033 remittente
3907 3977 3973 4032 et
4014 3967 4193 4048 quie·

2287 4070 2407 4118 tcum
2479 4054 2760 4134 aliquam
2828 4054 3232 4130 concedente,
3298 4053 3378 4118 ad
3440 4055 3775 4136 ingenium
3833 4051 4061 4129 redire,
4128 4060 4198 4113 et

2284 4142 2403 4202 allii
2451 4142 2900 4218 impunitatem
2948 4138 3316 4218 pollicentes
3372 4141 3575 4218 magis
3619 4160 3694 4204 ac
3738 4138 3946 4220 magis
4002 4135 4196 4200 indu-

2289 4226 2447 4286 rari:
2507 4226 2752 4306 sibique
2815 4226 3192 4302 [mr-suadere
3253 4223 3505 4292 nullum
3565 4224 3841 4306 amplius
3885 4223 3952 4285 in
3996 4219 4192 4287 coelis

2297 4317 2496 4374 ‘ileum
2563 4310 2748 4378 cuius
2804 4330 2996 4374 runnu
3060 4322 3124 4374 et
3180 4313 3424 4374 virtute
3480 4330 3610 4374 non
3671 4319 4003 4392 urgentur.
4091 4304 4194 4367 Ita

2314 4394 2447 4458 --aul
2491 4414 2688 4478 quum
2730 4398 2896 4458 male
2940 4397 3056 4458 Hei
3092 4398 3322 4474 spiritu
3357 4396 3729 4478 agitaretur.
3816 4392 3945 4457 Hic
3974 4401 4191 4455 autem

2427 4482 2792 4546 mutum-iam
2856 4478 3216 4542 flammantia
3276 4500 3435 4563 quae
3492 4489 3682 4544 antea
3737 4495 4195 4543 commemora·

2407 4588 2519 4642 ιτ-ιε,
2595 4586 2824 4650 uenuste
2900 4566 3068 4630 haine
3128 4566 3425 4646 &paritum
3483 4564 3727 4628 malum
3797 4562 4011 4628 vocari
4067 4559 4195 4623 Dei

2415 4669 2619 4717 ntum:
2700 4650 3216 4734 quandoquidem
3304 4649 3480 4676 “····
3548 4651 3701 4686 ·-“ἕ“
3771 4647 4038 4712 diabolis
4104 4645 4196 4709 uti

2439 4762 2442 4765 ·
2491 4733 2808 4802 'ministris
2840 4758 3100 4802 :vaurum
3140 4738 3268 4798 iud*
3853 4734 3973 4796 nisi
4013 4730 4199 4796 nobis

2495 4841 2675 4874 smum
2716 4831 2904 4902 meet,
2992 4822 3156 4886 nulls
3200 4842 3232 4882 r·
3918 4832 3942 4882 t
3983 4816 4199 4882 condi·

2904 4905 3112 4982 '¹JuJi,
3176 4926 3196 4966 t
3926 4903 4198 4968 ientium

3048 5010 3161 5057 ’ωι-
3941 4990 4051 5054 trio
4084 4986 4202 5052 im-

3140 5090 3160 5110 *
4009 5073 4200 5140 resis-

4085 5178 4201 5240 ¹20
