5059 6059
849 300 976 369 531

2479 300 2890 372 HOMILIA
2930 305 3193 374 XXVI.

4641 308 4738 374 532

850 491 1066 560 minor
1118 493 1458 578 provincia
1513 495 1857 561 commissa
1911 493 2058 560 est?
2144 493 2285 561 Nae
2342 514 2469 579 quo
2525 493 2784 561 facilius
2882 514 3069 582 reges
3110 506 3225 562 aut
3268 493 3380 562 alii
3414 495 3530 562 ulli
3566 495 3983 581 magistratus
4017 495 4306 563 officium
4339 496 4583 574 facient,
4617 497 4741 580 quin

852 597 972 643 suo
1015 599 1286 647 munere
1327 580 1514 665 fungi

1640 588 1844 659 esunt,
1902 580 2071 664 quod
2115 600 2248 648 non
2289 580 2378 648 sit
2417 580 2579 664 ipsis
2621 579 2780 646 ditio

854 683 975 730 sua
1012 664 1438 750 peragranda,
1481 686 1551 732 se
1859 665 1873 680 ‘

1639 664 1813 731 domi
1859 685 1958 733 ius
2001 664 2215 734 dicere
2258 675 2517 751 queant,
2561 666 2781 733 minus

2880 582 3197 665 potiorem
3246 581 3375 648 Dei
3409 575 3641 649 'cultus
3696 601 3772 649 ac
3828 580 4164 666 religionis
4218 601 4442 649 curam
4492 579 4742 649 habeant.

2882 668 3183 752 Agnosco
3240 665 3502 751 quidem
3561 666 3825 734 illorum
3882 667 4167 733 officium
4222 687 4364 735 esse
4419 674 4495 733 ut
4530 677 4746 749 poecats

853 757 1047 816 erunt
1080 749 1501 829 excusabiles,
1537 750 1665 819 nisi
1700 752 1986 818 officium
2019 752 2307 820 feceriut.
2352 751 2557 834 Atqui
2589 749 2781 819 hodie
2879 759 2947 818 et
2986 751 3234 837 flagitia
3274 753 3567 837 puniant,
3624 753 3758 819 vim
3797 771 4054 820 omnem
4096 762 4164 819 et
4201 753 4569 820 violentiam
4590 753 4743 852 991ιὶ-

851 836 1092 902 multos
1136 834 1360 905 videas
1403 837 1596 904 rebus
1640 836 2006 905 domesticis
2049 836 2207 904 adeo
2251 844 2551 917 attentos,
2598 846 2674 904 ut
2705 837 2779 903 in

848 920 1131 1005 publicis
1183 922 1452 988 omnino
1495 923 1887 989 caecutiant:
1946 923 2119 990 unde
2172 924 2415 989 mirum
2470 942 2604 989 non
2659 933 2777 1003 est,

849 1006 906 1072 si
949 1014 1193 1074 temere
1237 1007 1320 1074 de
1362 1009 1556 1075 rebus
1596 1006 1908 1090 iudicant,
1951 1028 2112 1093 quos
2149 1008 2457 1093 iniquitas
2499 1019 2567 1074 et
2604 1008 2776 1074 iniu-

846 1091 947 1157 ria
1003 1101 1416 1161 transversos
1473 1093 1626 1177 agit.
1717 1092 1942 1176 Quare
1999 1094 2235 1179 dignus
2293 1103 2393 1159 est
2444 1092 2553 1161 hic
2595 1094 2777 1160 locus

846 1175 1167 1263 singulari
1223 1178 1688 1256 observatione,
1754 1199 1830 1246 ac
1894 1178 1973 1245 de
2035 1200 2107 1247 se
2162 1180 2433 1265 quisque
2487 1179 2775 1265 cogitare

847 1260 1057 1342 debet,
1094 1273 1159 1330 et
1192 1263 1427 1349 quibus
1460 1264 1669 1331 maior
1701 1265 2048 1332 commissa
2077 1264 2411 1350 provincia
2444 1274 2563 1346 est,
2605 1264 2775 1331 votis

849 1348 1226 1418 ardentibus
1284 1350 1504 1416 Deum
1557 1352 1810 1434 precari
1866 1349 2122 1432 debent,
2178 1360 2253 1418 ut
2307 1348 2432 1417 sibi
2487 1358 2774 1417 mentem

847 1434 1028 1503 illam
1064 1435 1355 1514 instillet,
1401 1454 1528 1519 qua
1562 1456 1703 1502 rem
1738 1435 2062 1521 publicam
2142 1436 2372 1503 rivatis
2406 1436 2544 1502 suis
2573 1456 2773 1521 nego·

846 1520 960 1587 tiis
1040 1529 1478 1606 anteponant,
1546 1541 1943 1606 suorumque
2015 1542 2094 1589 su
2139 1522 2421 1588 ditorum
2504 1521 2776 1587 utilitati

845 1606 1207 1674 consulant.
1252 1606 1384 1688 Qui
1428 1626 1585 1675 vero
1618 1606 1940 1674 minorem
1980 1608 2385 1690 provinciam
2428 1607 2772 1686 sustinent,

846 1711 922 1758 eo
987 1691 1432 1776 diligentiores
1496 1692 1631 1758 sint
1691 1692 1762 1759 in
1826 1690 2123 1760 faciendo
2186 1693 2418 1772 officio,
2484 1690 2654 1777 quod
2719 1693 2775 1758 si

843 1778 1352 1865 negligentiores
1406 1777 1659 1845 fuerint
1719 1777 1975 1845 nullam
2038 1777 2523 1847 excusationem
2588 1798 2774 1862 prae·

839 1872 1068 1931 texere
1109 1864 1380 1947 possint.

1013 1949 1343 2034 Deinceps
1385 1947 1626 2015 dicitur
1663 1947 1918 2016 Samuel
1957 1949 2210 2016 domum
2242 1970 2529 2018 reversus
2561 1948 2772 2017 Iera&-

841 2036 961 2103 lem
1008 2035 1323 2102 iudicasse
1378 2035 1448 2100 in
1492 2034 1812 2101 Ramatha
1891 2036 2126 2117 quibus
2185 2036 2404 2102 verbis
2446 2035 2776 2102 indicatur

842 2120 1221 2189 Samuelem
1274 2140 1405 2187 non
1462 2126 1716 2186 tantum
1773 2084 2118 2202 aliquoties
2184 2121 2290 2187 ius
2353 2120 2595 2188 dixisse
2660 2119 2776 2187 sed

841 2207 1120 2291 singulis
1184 2205 1376 2272 annis
1442 2212 1644 2272 totam
1708 2208 2039 2290 regionem
2107 2226 2455 2293 peragrare
2512 2207 2773 2291 saepius

839 2293 1137 2360 solitum:
1198 2291 1432 2358 deinde
1489 2290 1661 2358 domi
1721 2312 1853 2358 non
1909 2292 2190 2359 otiosum
2257 2292 2591 2371 mansisse,
2655 2292 2772 2360 sed

843 2378 922 2446 de
987 2378 1130 2443 iure
1192 2385 1498 2461 rogatum
1562 2375 1987 2460 respondisse,
2052 2387 2245 2463 atque
2297 2378 2597 2444 omnibus
2651 2397 2770 2462 pro

840 2463 1132 2562 muneris
1192 2462 1296 2530 sui
1358 2463 1606 2562 ratione
1671 2462 2083 2563 satisfecisse.
2167 2462 2391 2563 Quare
2454 2485 2592 2564 non
2647 2464 2771 2564 sibi

839 2556 1321 2701 pf'ffi’ffiffi
1335 2548 1607 2700 {5:332
1621 2548 2289 2717 2⁹33&ssssssssss
2306 2549 2772 2703 ἕὲῗῗὲἑᾈέῖἑ

890 2719 1037 2787 odie
1080 2719 1162 2786 ab
1190 2718 1275 2787 iis
1317 2718 1430 2804 qui
1473 2718 1731 2804 publiea
1774 2721 1999 2786 munia
2040 2719 2400 2787 sustinent:
2444 2718 2560 2786 sed
2601 2739 2770 2787 sem-

839 2826 961 2891 per
999 2805 1202 2872 fuisse
1236 2804 1442 2884 illum,
1499 2804 1655 2871 licet
1698 2804 1891 2886 domi,
1947 2805 2027 2871 de
2069 2807 2214 2872 iure
2246 2804 2656 2890 respondere,
2708 2816 2775 2873 et

840 2891 1052 2959 cuivis
1093 2890 1201 2957 ius
1235 2889 1470 2969 dicere,
1514 2898 1813 2974 paratum
1847 2891 2298 2974 conspicimus,
2340 2898 2420 2958 ut
2460 2891 2543 2959 ad
2586 2891 2772 2958 illum

841 2987 1152 3061 tanquam
1200 2975 1283 3042 ad
1327 2976 1586 3062 asylum
1626 2977 2074 3062 confugerent,
2132 2976 2245 3060 qui
2288 2976 2371 3043 ab
2413 2977 2561 3043 aliis
2600 2978 2770 3044 iniu-

836 3064 1004 3130 riam
1042 3063 1476 3147 patiebantur,
1511 3070 1581 3129 et
1615 3061 1696 3128 ab
1731 3082 1809 3129 eo
1844 3071 2162 3146 tanquam
2196 3082 2237 3128 a
2268 3082 2521 3128 summo
2556 3062 2771 3129 iudice

839 3157 907 3217 et
960 3149 1353 3234 magistratu
1414 3148 1516 3215 ius
1581 3147 1965 3232 acciperent.
2050 3147 2231 3215 Hinc
2293 3147 2770 3215 observandum

838 3255 972 3302 non
1031 3255 1174 3302 esse
1216 3233 1552 3301 defunctos
1607 3232 1819 3302 officio
1874 3234 1985 3317 qui
2030 3234 2221 3301 rebus
2262 3233 2540 3318 publicis
2582 3254 2768 3318 prae-

838 3328 1014 3401 sunt,
1071 3320 1130 3388 si
1186 3319 1356 3404 quod
1412 3319 1822 3404 praeclarum
1874 3319 2129 3386 facinus
2186 3318 2388 3386 semel
2430 3317 2769 3400 ediderint,

837 3427 1046 3491 neque
1101 3403 1459 3490 sperandas
1516 3404 1679 3490 ipsis
1734 3402 2050 3483 inducias,
2110 3413 2225 3471 aut
2283 3425 2451 3471 onus
2493 3406 2565 3471 in
2608 3404 2772 3473 alios

838 3491 1260 3560 reiiciendum
1320 3511 1497 3558 esse:
1557 3490 1673 3558 sed
1729 3490 2127 3576 pergendum
2170 3490 2243 3557 in
2283 3490 2643 3571 vocatione,
2706 3500 2773 3557 et

839 3579 1001 3644 iuris
1037 3576 1441 3662 aequabilem
1465 3576 1817 3643 tenendam
1838 3578 2176 3654 rationem,
2212 3575 2525 3662 quamdiu
2546 3597 2771 3662 super·

841 3664 1031 3729 stites
1071 3684 1212 3730 esse
1254 3664 1441 3730 Deus
1480 3663 1780 3730 voluerit.
1846 3664 2067 3747 Atque
2110 3663 2236 3730 hoc
2276 3681 2400 3728 nos
2442 3661 2771 3730 Samuelis

843 3748 1214 3831 exemplum
1271 3747 1476 3825 docet,
1531 3768 1726 3833 quem
1785 3745 2081 3816 videmus
2142 3748 2420 3814 lustrata
2482 3749 2768 3833 regione,

844 3832 1236 3917 domumque
1300 3854 1659 3912 reversum,
1724 3832 1995 3918 minime
2058 3854 2099 3900 a
2153 3834 2373 3900 labore
2429 3834 2771 3917 quievisse,

841 3916 957 3986 sed
1013 3919 1142 3983 iuri
1203 3918 1478 3985 dicundo
1535 3940 1819 3996 vacasse,
1884 3939 2081 4004 seque
2148 3919 2450 3986 omnibus
2512 3919 2769 3985 facilem

841 4003 1239 4088 praebuisse,
1296 4025 1505 4086 neque
1560 4025 1849 4087 unquam
1915 4006 2125 4071 officio
2189 4005 2491 4071 defuisse.
2578 4003 2772 4086 Quod

841 4108 1002 4156 vero
1042 4087 1305 4155 domum
1344 4109 1530 4156 suam
1563 4090 1792 4156 habuit
1828 4092 1902 4157 in
1929 4089 2281 4170 Rammha,
2317 4099 2586 4174 apparet
2621 4111 2770 4156 eum

841 4175 1112 4241 minime
1154 4172 1536 4258 compilasse
1576 4175 1903 4259 populum,
1947 4176 2120 4260 quod
2156 4176 2328 4243 infra
2366 4176 2576 4243 fusius
2619 4196 2770 4241 eum

844 4267 1196 4326 testantem
1260 4256 1614 4341 audiemus,
1682 4281 1757 4336 ac
1820 4261 2325 4328 dominationem
2388 4259 2569 4327 illam
2638 4281 2772 4327 non

839 4347 1038 4413 fuisse
1061 4346 1188 4429 ipsi
1209 4355 1664 4430 sumptuosam
1685 4367 1896 4430 neque
1919 4357 2394 4430 quaestuosam,
2418 4345 2534 4412 sed
2557 4346 2770 4430 potius

838 4443 1155 4516 tanquam
1213 4431 1544 4514 privatum
1602 4451 1745 4499 sese
1797 4432 2092 4517 gessisse,
2146 4432 2236 4497 ita
2295 4440 2514 4498 tamen
2571 4439 2646 4497 ut
2686 4450 2770 4497 ex

838 4517 1055 4585 officio
1097 4518 1204 4584 ius
1238 4516 1474 4600 cuique
1517 4516 2022 4586 administraret.
2087 4517 2320 4599 Itaque
2363 4516 2633 4584 Samuel
2676 4517 2770 4585 sic

836 4601 1049 4669 officio
1108 4603 1372 4669 functus
1432 4611 1532 4670 est
1587 4609 1663 4667 ut
1705 4602 1830 4668 sibi
1884 4623 2017 4671 non
2070 4610 2379 4687 parceret,
2440 4609 2507 4668 et
2550 4609 2768 4669 tamen

838 4687 930 4754 ita
973 4688 1145 4754 vixit
1187 4696 1263 4754 ut
1320 4688 1619 4772 privatus
1661 4688 1947 4772 quilibet,
2004 4696 2073 4755 et
2111 4689 2289 4754 intra
2330 4689 2433 4753 sui
2475 4689 2769 4755 muneris

837 4775 1005 4841 fines
1060 4795 1201 4841 sese
1269 4773 1609 4841 continuit.
1698 4772 1801 4838 Ibi
1859 4794 2018 4842 vero
2081 4773 2468 4841 nominatim
2535 4772 2771 4840 dicitur

839 4859 1046 4926 altare
1087 4859 1372 4926 Domino
1430 4858 1873 4926 aedificavisse
1914 4867 1989 4948 pt
2032 4880 2160 4926 non
2206 4866 2462 4924 tantum
2504 4858 2769 4943 politiae

837 4945 1197 5012 studiosum
1239 4946 1440 5013 fuisse
1484 4941 1567 5012 ad
1654 4952 1834 5012 acate
1877 4953 1944 5012 et
1985 4943 2333 5028 tranquille
2392 4943 2767 5025 vivendum,

841 5038 910 5095 et
951 5051 1145 5098 suum
1188 5031 1420 5116 cuique
1463 5030 1579 5098 red
1626 5029 1886 5111 endum,
1943 5030 2057 5097 sed
2100 5030 2358 5113 pietatis
2401 5038 2466 5095 et
2506 5029 2768 5115 religio-

839 5114 945 5182 nis
978 5136 1300 5183 summam
1323 5137 1549 5184 curam
1573 5115 1911 5185 habuisse:
1947 5135 2112 5202 quae
2132 5123 2286 5182 sunt
2312 5115 2409 5182 ita
2426 5116 2770 5183 coniuncta

838 5206 917 5267 ut
948 5197 1171 5268 divelli
1204 5201 1387 5268 nulla
1420 5203 1673 5269 ratione
1708 5209 1969 5287 queant.
2010 5202 2237 5286 Neque
2272 5200 2447 5268 enim
2481 5221 2767 5286 unquam

2876 835 3092 918 beant,
3126 836 3527 904 offendiculis
3547 837 3845 905 omnibus
3866 845 4240 905 occurrant:
4277 859 4504 906 verum
4524 858 4751 904 minima

2875 921 2991 988 illa
3032 942 3187 1006 pars
3227 922 3425 990 officii
3467 932 3584 1004 est,
3625 922 3921 990 homines
3963 924 4141 990 intra
4174 925 4338 990 fines
4373 924 4750 989 humanitatis

2877 1011 3221 1085 continere,
3286 1018 3365 1074 ut
3425 1009 3604 1075 nulla
3668 1007 3994 1089 violentia,
4073 1009 4259 1075 nulla
4320 1009 4562 1075 iniuria
4615 1009 4752 1075 inter

2874 1093 3050 1177 ipsos
3102 1093 3318 1161 locum
3356 1092 3624 1160 habeat:
3683 1115 3839 1160 nam
3882 1094 4009 1160 Dei
4052 1093 4326 1180 gloriam
4370 1101 4438 1161 et
4486 1094 4751 1160 honorem

2873 1179 3164 1262 primum
3208 1179 3420 1245 locum
3465 1179 3757 1246 obtinere
3801 1200 4059 1248 necesse
4103 1191 4221 1248 est.
4284 1179 4540 1247 Idcirco
4575 1200 4755 1247 sacrae

2876 1264 3233 1349 scripturae
3308 1285 3513 1348 quum
3578 1264 3658 1331 de
3720 1265 3883 1332 bene
3946 1264 4401 1332 administrata
4471 1265 4755 1349 republica

2872 1348 3251 1434 loquuntur,
3296 1349 3510 1416 cultus
3542 1351 3753 1418 divini
3787 1349 3953 1417 bene
3985 1351 4058 1416 in
4091 1371 4172 1418 ea
4204 1350 4542 1417 constituti
4575 1353 4755 1416 memi-

2874 1444 3136 1501 nerunt.
3222 1434 3660 1517 Quamobrem
3719 1438 4008 1503 satanico
4060 1448 4131 1502 et
4187 1436 4505 1503 diabolico
4562 1437 4756 1520 spiritu

2874 1521 3015 1606 regi
3074 1541 3226 1588 vere
3268 1520 3623 1588 dixerimus
3680 1542 3808 1601 eos,
3866 1522 3978 1605 qui
4021 1522 4151 1588 Dei
4195 1522 4471 1589 verbum
4515 1542 4555 1587 a
4591 1522 4758 1606 magi·

2875 1605 3190 1672 stratibus
3234 1615 3482 1691 negant
3521 1628 3664 1674 esse
3698 1606 4177 1674 defendendum
4208 1617 4279 1674 et
4311 1606 4761 1691 protegendum,

2876 1690 3398 1776 quandoquidem
3433 1691 3856 1759 fundamenta
3890 1691 4146 1770 tollunt,
4181 1713 4346 1776 quae
4379 1713 4569 1759 sacra
4598 1693 4760 1773 scrip·

2874 1787 3024 1842 tura
3086 1777 3287 1862 ponit,
3355 1785 3421 1844 et
3483 1779 3624 1845 sine
3686 1778 3920 1863 quibus
3977 1778 4249 1845 ecclesia
4302 1778 4449 1845 sine
4501 1778 4762 1844 maximis

2874 1863 3360 1929 confusionibus
3402 1871 3575 1930 stare
3618 1866 3862 1949 nequit.
3927 1865 4178 1930 Notum
4219 1865 4395 1932 enim
4443 1874 4547 1929 est
4587 1864 4760 1930 Deum

2873 1948 3175 2015 omuibus
3214 1949 3297 2015 iis
3336 1950 3753 2031 superiorem,
3812 1948 3925 2034 qui
3970 1949 4054 2015 ad
4096 1970 4317 2015 rerum
4361 1949 4764 2034 gubernacula

2874 2033 3122 2110 sedent,
3165 2042 3232 2100 et
3318 2033 3473 2100 ladii
3516 2044 3904 2119 potestatem
3946 2035 4028 2101 ad
4073 2033 4396 2101 tuendum
4435 2055 4628 2100 suum
4665 2033 4765 2099 cui-

2918 2139 2999 2184 ue
3041 2120 3146 2185 ius
3188 2054 3450 2196 habent,
3495 2140 3657 2203 quos
3697 2122 3839 2205 ipse
3880 2121 4076 2187 etiam
4110 2121 4296 2187 Deus
4331 2129 4522 2185 tanto
4566 2122 4765 2185 honore

2923 2206 3199 2288 ‘gnatur,
3232 2215 3307 2271 ut
3340 2204 3540 2272 officii
3573 2213 3641 2272 et
3674 2206 3967 2273 muneris
4000 2216 4299 2289 respectu
4335 2226 4582 2271 nomen
4613 2226 4762 2271 suum

2872 2288 3002 2355 illis
3044 2292 3490 2370 communicet,
3535 2291 3852 2376 quomodo
3893 2292 4099 2376 igitur
4140 2292 4221 2358 ab
4262 2291 4343 2357 iis
4385 2290 4526 2356 Dei
4567 2310 4762 2355 nomen

2871 2375 3060 2459 parvi
3118 2377 3320 2452 fieret,
3379 2384 3447 2441 et
3501 2375 3771 2443 honoris
3827 2378 4029 2460 ipsius
4084 2375 4361 2442 minima
4419 2377 4597 2461 ipsos
4645 2395 4765 2442 cura

2874 2461 3215 2546 tangeret?
3306 2460 3438 2530 Sed
3493 2461 3652 2529 haec
3703 2462 3900 2529 nimis
3961 2461 4255 2542 ridicula,
4316 2469 4395 2528 ut
4463 2462 4568 2530 vel
4626 2461 4764 2544 ipsos

2872 2546 3159 2613 infantes
3200 2546 3344 2615 istis
3389 2545 3754 2615 hominibus
3796 2547 4040 2614 iudices
4076 2548 4378 2614 feramus.
4430 2546 4648 2629 Quare
4674 2545 4766 2611 hoe

2874 2639 3014 2699 esto
3066 2633 3328 2699 firmum
3392 2634 3885 2716 pronuntiatum
3946 2641 4012 2699 et
4068 2634 4343 2711 axioma,
4412 2652 4638 2700 omnes
4683 2651 4766 2697 eos

2875 2718 2984 2801 qui
3029 2716 3111 2783 ad
3152 2738 3443 2785 summos
3485 2717 3822 2804 dignitatis
3864 2719 4150 2785 honores
4189 2718 4404 2786 evecti
4453 2725 4628 2796 sunt,
4661 2736 4766 2782 non

2873 2811 3133 2869 tantum
3189 2804 3430 2871 habere
3475 2805 3588 2871 'ius
3630 2803 3831 2889 gladii
3872 2804 3944 2870 in
3984 2811 4203 2872 sontes
4245 2812 4313 2869 et
4351 2803 4630 2871 iniurios
4678 2803 4766 2867 ho-

2874 2889 3113 2955 mines:
3173 2889 3286 2955 sed
3327 2911 3467 2957 esse
3508 2899 3805 2974 oportere
3848 2899 4096 2957 tutores
4138 2897 4205 2956 et
4247 2890 4564 2956 nutritios
4602 2888 4765 2956 eccle-

2874 2973 3030 3056 siae,
3088 2993 3215 3058 quo
3273 2975 3535 3041 nomine
3592 2976 3822 3043 Esaias
3872 2976 4197 3060 propheta
4250 2974 4400 3041 illos
4464 2976 4764 3059 dignatur:

2875 3080 2951 3128 ae
3006 3059 3272 3143 proinde
3329 3060 3596 3128 illorum
3650 3060 3935 3128 officium
3990 3060 4320 3145 postulare
4374 3068 4460 3127 nt
4503 3061 4766 3126 idoloma-

2873 3145 3052 3211 niam
3095 3154 3160 3213 et
3193 3147 3712 3230 superstitionem
3756 3167 4015 3214 omnem
4057 3168 4098 3213 a
4140 3148 4276 3213 suis
4318 3145 4604 3213 subditis
4633 3165 4768 3209 amo·

2871 3239 3086 3296 veaut.
3176 3230 3396 3313 Quare
3453 3253 3654 3316 quum
3714 3230 3981 3301 Samuel
4040 3232 4275 3317 populo
4332 3233 4444 3297 ius
4501 3232 4676 3306 dixit,
4718 3243 4767 3293 et

2871 3316 3014 3383 Deo
3057 3316 3263 3383 altare
3314 3319 3692 3397 construxit,
3750 3317 3878 3385 duo
3919 3318 4104 3385 illum
4147 3318 4340 3384 simul
4383 3317 4768 3383 coniunxisse

2875 3401 3187 3483 videmus,
3232 3423 3398 3487 quae
3440 3424 3617 3471 nexu
3659 3403 3991 3470 insolubili
4032 3404 4405 3471 cohaerent.
4481 3399 4766 3485 Quemad-

2871 3487 3138 3554 modum
3179 3489 3357 3555 enim
3391 3487 3655 3556 divinae
3688 3489 3853 3574 legis
3888 3490 4145 3556 tabulae
4179 3488 4275 3555 sic
4308 3489 4599 3556 invicem
4631 3489 4767 3553 inter

2871 3592 2942 3639 se
2998 3572 3362 3656 cohaerent,
3418 3583 3495 3641 ut
3549 3574 3769 3642 divelli
3810 3597 3943 3641 non
3984 3578 4258 3659 possint,
4309 3575 4416 3640 -sic
4461 3573 4767 3660 primariae

2871 3660 3240 3727 autoritatis
3298 3661 3475 3728 viros
3530 3661 3729 3728 officii
3771 3661 3877 3727 sui
3917 3659 4199 3727 faciendi
4240 3658 4578 3727 studiosos
4615 3677 4766 3742 opor-

2872 3752 2969 3812 tet
3002 3745 3071 3812 in
3112 3746 3344 3829 primis
3387 3767 3610 3814 curam
3653 3745 3891 3813 habere
3927 3747 4006 3811 de
4040 3746 4170 3812 Dei
4204 3744 4406 3823 cultu,
4457 3745 4681 3813 deinde
4708 3741 4768 3806 de

2869 3840 3099 3897 mutua
3139 3831 3315 3898 inter
3354 3831 3653 3898 homines
3694 3834 4023 3914 acquitate
4063 3831 4360 3898 fovenda.

3040 3917 3171 3982 Hic
3214 3939 3372 3984 vero
3416 3916 3734 4002 quaedam
3777 3937 3907 3983 non
3953 3916 4116 3983 levis
4150 3917 4476 3982 momenti
4518 3913 4768 3999 quaestio

2872 4003 3167 4070 occurrit.
3210 4003 3383 4068 Nam
3426 4004 3482 4070 si
3525 4023 3654 4069 non
3696 4001 3930 4069 licebat
3972 4002 4099 4068 duo
4135 4002 4369 4069 altaria
4407 4011 4764 4078 construere,

2872 4093 3068 4170 atque
3125 4087 3627 4154 abominandum
3684 4098 3823 4154 erat
3865 4089 3922 4154 si
3976 4089 4120 4172 quis
4176 4087 4546 4154 secundum
4601 4083 4766 4170 quod·

2873 4172 3023 4239 dam
3080 4173 3287 4240 altare
3343 4173 3728 4254 aedificaret,
3794 4180 3861 4238 et
3916 4173 3972 4240 si
4033 4173 4177 4257 quis
4235 4172 4392 4238 alibi
4457 4193 4651 4256 qnam
4705 4167 4765 4233 ad

2871 4257 3289 4325 constitutum
3333 4259 3538 4325 altare
3582 4259 3970 4325 sacrificium
4014 4259 4371 4333 obtulisset.
4421 4280 4463 4325 a
4502 4260 4638 4342 lege
4667 4256 4768 4322 Do·

2870 4344 3033 4409 mini
3089 4342 3447 4425 recedebat,
3510 4351 3577 4411 et
3629 4343 3971 4416 idololatra
4030 4342 4424 4411 habebatur:
4486 4340 4767 4426 quomodo

2875 4427 3143 4496 Samuel
3184 4429 3308 4496 sibi
3352 4438 3608 4496 tantum
3650 4430 3946 4513 permisit
3987 4439 4062 4494 ut
4104 4430 4311 4497 altare
4352 4431 4429 4495 in
4473 4428 4769 4496 Ramaths

2871 4514 3340 4581 constitueret?
3443 4514 3732 4598 Quidam
3796 4516 4179 4582 existimant
4230 4517 4676 4583 sanctuarium
4719 4523 4768 4575 et

2870 4601 3076 4666 altare
3126 4600 3299 4666 idem
3366 4601 3595 4668 fuisse:
3663 4601 3776 4668 sed
3844 4601 4242 4668 contrarium
4298 4621 4385 4667 ex
4446 4602 4648 4669 sacris
4689 4611 4770 4663 est

2870 4686 3031 4753 satis
3104 4686 3544 4771 conspicuum.
3632 4687 3862 4771 Itaque
3927 4681 4352 4753 verisimilius
4417 4697 4524 4753 est
4587 4702 4767 4752 arcam

2870 4772 3000 4838 Dei
3042 4778 3109 4838 et
3150 4773 3593 4839 sanctuarium
3637 4773 3707 4840 in
3751 4775 3968 4839 locum
4023 4773 4213 4839 illum
4257 4774 4458 4840 fuisse
4503 4771 4764 4837 adducta.

2869 4857 3134 4925 Scimus
3177 4858 3353 4924 enim
3397 4857 3652 4924 nullum
3696 4858 3894 4926 fuisse
3937 4868 4185 4926 certum
4229 4868 4296 4926 et
4337 4860 4556 4925 fixum
4590 4859 4765 4923 locum

2868 4943 3074 5011 cultui
3133 4943 3259 5010 Dei
3317 4945 3747 5029 assignatum,
3806 4943 4009 5013 donec
4066 4966 4217 5012 arca
4270 4945 4395 5011 Dei
4453 4947 4524 5010 in
4581 4950 4768 5008 monte

2870 5029 3073 5098 Sione
3130 5029 3439 5097 collocata
3479 5040 3668 5115 esset,
3722 5039 3788 5098 et
3841 5031 4081 5098 idcirco
4124 5032 4195 5097 in
4238 5030 4525 5096 Psalmis
4567 5025 4767 5093 dicitur

2867 5116 3050 5182 Deus
3094 5114 3361 5183 Sionem
3404 5115 3678 5202 elegisse
3716 5124 3784 5184 et
3817 5117 4206 5201 expetivisse
4240 5135 4358 5200 pro
4393 5114 4764 5206 habitatione

2868 5222 3006 5284 sua,
3051 5209 3242 5286 atque
3283 5200 3445 5271 haec
3497 5211 3655 5269 sunt
3695 5203 4068 5287 Prophetae
4109 5202 4347 5270 verba:
4407 5200 4586 5267 ,Nam
4623 5195 4764 5279 oley*t
