5059 6059
276 224 413 293 625

284 418 387 483 iri.
480 414 613 485 Sed
660 418 779 483 etsi
814 417 1002 485 Deus
1047 419 1370 502 permittit
1413 418 1731 521 improbis
1789 417 2111 496 lascivire,
2168 424 2235 481 et

284 504 356 568 in
414 504 687 569 miseros
747 504 1098 589 insultare,
1159 516 1225 569 et
1284 505 1471 587 quasi
1528 506 1657 570 iam
1718 516 1909 588 parta
1963 502 2235 569 victoria

286 589 658 674 triumphos
702 610 915 674 agere,
963 600 1176 655 tamen
1222 590 1395 655 irriti
1439 611 1666 656 omnes
1710 590 2000 674 ipsorum
2043 609 2233 654 cona·

285 683 396 740 tus
441 674 645 740 futuri
692 683 870 741 sunt.
963 675 1129 740 Nam
1179 676 1586 743 exsultantes
1642 685 1708 740 et
1752 675 2234 759 triumphantes

286 760 474 828 Deus
520 773 852 827 momento
894 761 1250 844 perturbat,
1296 771 1363 828 et
1397 784 1468 828 re
1512 762 1654 847 ipsa
1700 762 2006 845 patefacit
2049 782 2120 826 se
2164 760 2232 825 in

286 867 526 912 arcano
572 868 693 912 suo
737 847 1006 912 consilio
1050 848 1308 928 habere,
1363 869 1530 933 quae
1586 870 1671 913 ne
1715 847 2029 931 suspicari
2090 846 2234 930 qui-

289 934 438 998 dem
498 935 959 1018 potuissemus.
1061 934 1162 999 Eo
1220 900 1425 1019 igitur
1482 934 1819 999 ardentius
1876 933 1958 999 ad
2017 934 2239 1015 ipsum

290 1040 413 1084 nos
455 1027 715 1103 oportet
758 1020 1132 1104 confugere,
1189 1030 1253 1085 et
1299 1038 1529 1104 rogare
1566 1032 1640 1086 ut
1685 1039 1851 1103 opus
1901 1020 2232 1102 inceptum
2272 1046 2277 1051 ·

289 1104 623 1190 perficiat:
698 1105 864 1170 nihil
937 1107 1112 1170 enim
1181 1117 1280 1170 est
1347 1105 1637 1189 coepisse
1716 1106 1838 1171 nisi
1908 1104 2233 1188 perficiat:

291 1212 496 1276 quare
543 1193 756 1256 Deum
805 1198 1063 1275 oportet
1106 1190 1623 1257 extraordinarie
1670 1191 1914 1257 virtute
1958 1189 2238 1273 operari,

289 1287 361 1341 et
423 1277 559 1343 suis
625 1298 810 1360 opem
867 1276 1139 1342 adferre.
1231 1275 1407 1344 Sane
1463 1277 1649 1344 Deus
1713 1288 2013 1361 coeptum
2074 1296 2236 1375 opus

290 1384 627 1444 nunquam
674 1362 995 1446 relinquit
1039 1363 1511 1446 imperfectum,
1572 1363 1699 1428 nisi
1745 1362 2088 1427 hominum
2132 1362 2235 1424 in-

284 1449 694 1532 gratitudine
738 1459 1156 1532 provocatus.
1201 1450 1421 1531 itaque
1465 1470 1664 1532 quum
1712 1450 1924 1533 coepit
1961 1448 2235 1531 operari,

288 1543 549 1600 nostros
593 1533 816 1600 oculos
877 1535 1086 1617 aperit
1130 1535 1363 1617 quibus
1409 1535 1698 1600 favorem
1759 1546 1823 1599 et
1880 1534 2234 1599 bonitatem

284 1620 497 1705 ipsius
573 1642 730 1705 erga
796 1641 917 1684 nos
990 1619 1524 1720 contemplemur.
1635 1619 2076 1701 Quamobrem
2154 1617 2235 1684 ad

285 1706 504 1791 ipsum
552 1705 1029 1771 ardentioribus
1092 1708 1258 1770 votis
1318 1714 1475 1772 tunc
1530 1705 1966 1772 invocandum
2008 1704 2238 1804 ‘magis

285 1814 368 1858 ac
413 1794 620 1877 magis
664 1791 1000 1858 sollicitari
1050 1791 1393 1857 debemus:
1449 1801 1517 1857 et
1565 1812 1798 1857 cavere
1861 1813 1942 1856 ne
2002 1790 2070 1855 in
2133 1811 2239 1856 so-

282 1877 507 1943 cordia
572 1877 1070 1962 obtorpeamus,
1142 1888 1207 1941 et
1264 1878 1452 1942 nobis
1511 1879 1668 1962 ipsis
1727 1878 1912 1961 quasi
1972 1877 2104 1942 iam
2166 1897 2238 1941 re

278 1964 572 2049 perfecta
632 1963 890 2029 delitias
951 1928 1281 2029 faciamus.
1373 1962 1505 2028 Sed
1569 1962 1724 2028 dum
1782 1973 2238 2046 exspectamus

278 2059 357 2115 ut
399 2050 584 2116 Deus
629 2071 793 2132 opus
835 2071 1029 2115 suum
1073 2048 1392 2133 perficiat,
1454 2049 1785 2115 miseriam
1834 2058 2127 2114 nostram
2173 2058 2241 2112 et

274 2136 796 2201 imbecillitatem
930 2156 1005 2200 ac
1128 2136 1587 2200 necessitatem
1697 2135 1923 2200 auxilii
2032 2135 2239 2218 ipsius

284 2242 742 2306 agnoscamus,
817 2230 892 2286 ut
951 2229 1213 2286 nostrae
1270 2220 1533 2304 inopiae
1593 2241 1950 2301 memoros‚
2036 2220 2236 2285 maio-

288 2329 433 2373 rem
521 2307 674 2372 inde
738 2307 1222 2391 promovendae
1308 2306 1553 2390 gloriae
1643 2308 1767 2375 Dei
1834 2306 2235 2373 occasionem

287 2393 674 2459 habeamus.
789 2393 1062 2457 Interim
1131 2393 1201 2456 in
1268 2393 1409 2475 ipso
1476 2393 2038 2476 conquiescamus,
2112 2391 2232 2456 mi-

288 2478 472 2544 nime
551 2479 925 2544 dubitantes
1005 2478 1159 2561 quin
1237 2499 1463 2543 omnes
1544 2478 1966 2545 difficultates
2043 2498 2233 2561 prae-

286 2574 396 2629 ter
486 2586 670 2649 spem
766 2573 833 2629 et
929 2565 1476 2647 exspectationem
1574 2574 1865 2631 nostram
1949 2573 2231 2647 superet.

284 2651 392 2716 Ac
437 2654 488 2718 si
551 2671 680 2716 non
744 2659 879 2714 tam
951 2650 1098 2731 cite,
1164 2671 1373 2733 neque
1431 2649 1514 2715 iis
1568 2650 1937 2716 rationibus
1995 2649 2232 2734 quibus

282 2748 668 2821 optaremus
725 2736 1057 2820 negotium
1119 2736 1404 2814 conficit,
1477 2735 1763 2802 sufficiat
1821 2735 2043 2802 Deum
2114 2755 2232 2818 pro

282 2844 411 2889 suo
455 2823 728 2888 arbitrio
771 2843 963 2886 suum
1007 2841 1171 2922 opus
1214 2822 1557 2904 perficere:
1604 2833 1669 2887 et
1713 2824 1900 2888 nobis
1943 2823 2036 2887 illi
2082 2842 2230 2906 gra-

281 2911 417 2974 tias
461 2908 716 2993 agendi,
770 2929 966 2991 quum
1026 2908 1095 2971 in
1140 2909 1345 2990 ipsius
1403 2906 1811 2975 invocatione
1866 2908 2230 2993 perrexeri-

280 3016 458 3075 mus,
518 3005 583 3058 et
640 3016 787 3059 eum
838 2994 905 3058 in
951 2992 1253 3059 omnibus
1311 2991 1803 3061 difficultatibus
1861 2992 2230 3071 invocandi,

283 3089 360 3144 et
401 3080 471 3144 in
518 3081 723 3165 ipsius
768 3079 981 3164 gratia
1025 3078 1328 3162 sperandi
1374 3080 1586 3146 maius
1609 3101 1864 3164 semper
1884 3100 2232 3163 argumen-

279 3175 430 3232 tum
476 3166 839 3249 praebitum
887 3165 990 3231 iri.

461 3253 667 3318 Porro
714 3250 886 3335 qnod
920 3249 1143 3314 David
1194 3250 1636 3335 interrogatus
1671 3252 1752 3318 ab
1796 3250 2014 3328 Achis,
2056 3250 2232 3317 unde

281 3338 563 3403 referret
619 3336 855 3421 spolia,
923 3345 990 3401 et
1049 3336 1358 3437 praedam
1416 3347 1659 3422 ageret,
1718 3338 2087 3422 respondit,
2147 3359 2230 3403 ex

280 3424 651 3489 meridiano
697 3430 911 3487 tractu
954 3421 1254 3495 Iudaeae.
1314 3423 1380 3486 in
1444 3445 1537 3502 eo,
1599 3426 1693 3488 uti
1756 3424 2073 3502 diximus,
2130 3436 2231 3489 est

280 3508 853 3576 condemnandus:
902 3529 1093 3590 quam
1142 3518 1362 3573 tamen
1407 3510 1665 3593 culpam
1712 3509 1808 3573 illi
1854 3510 2039 3576 Deus
2081 3528 2231 3574 oon-

279 3595 593 3671 donavit,
662 3603 728 3657 et
793 3593 890 3658 illi
960 3593 1239 3677 gratiam
1312 3615 1499 3659 suam
1558 3615 1686 3660 non
1748 3597 2049 3661 obstante
2102 3595 2228 3660 isto

276 3682 751 3765 impedimento
819 3700 946 3743 non
1009 3678 1262 3744 destitit
1320 3680 1659 3763 impertiri.
1762 3680 1938 3746 Hinc
2009 3681 2228 3765 itaque

278 3766 630 3845 discamus,
676 3787 799 3830 nos
843 3765 994 3831 licet
1036 3765 1417 3829 infirmitate
1463 3767 1680 3849 aliqua
1725 3765 2115 3851 laborantes,
2161 3778 2226 3833 et

278 3871 421 3918 non
482 3859 612 3916 tam
674 3851 989 3936 perfectos
1044 3871 1237 3933 quam
1298 3871 1418 3935 par
1475 3864 1666 3933 esset,
1728 3853 1941 3916 Deum
2002 3862 2222 3916 tamon

273 3938 627 4022 respicere,
666 3946 736 4002 et
780 3940 985 4001 nost-ri
1032 3937 1357 4001 misereri:
1406 3937 1518 4002 sed
1564 3938 1828 4002 interim
1874 3957 2223 4003 caveamus

272 4023 561 4090 Davidis
627 4023 870 4087 imitari
933 4032 1217 4104 peccata,
1283 4036 1361 4086 ut
1427 4022 1619 4088 multi
1687 4023 1902 4087 solent
1966 4024 2220 4107 profani

272 4110 581 4176 homines
617 4107 981 4174 istiusmodi
1021 4108 1339 4191 exemplis
1384 4130 1504 4175 sua
1541 4108 1701 4173 vitia
1736 4109 1988 4174 fovere:
2035 4110 2216 4176 Deus

272 4194 545 4280 quidem
612 4194 940 4260 Davidem
1019 4204 1392 4277 peccantem
1474 4195 1656 4275 tulit,
1736 4216 1935 4296 quare
2014 4197 2221 4279 igitur

278 4281 578 4347 severius
620 4280 955 4346 nobiscum
1003 4279 1274 4364 ageret?
1320 4279 1612 4381 Indeque
1636 4281 1814 4346 vitiis
1835 4281 2220 4365 indulgendi

276 4367 687 4432 occasionem
723 4366 1073 4448 accipiunt.
1162 4364 1342 4446 Quin
1388 4369 1613 4450 potius
1645 4366 1798 4431 hinc
1851 4381 2090 4450 quanta
2134 4368 2219 4432 sit

275 4452 623 4518 hominum
667 4452 1020 4517 infirmitas
1064 4471 1512 4535 agnoscamus,
1557 4453 1664 4536 qui
1709 4451 1859 4518 licet
1898 4473 2017 4536 pro
2065 4455 2216 4518 viri-

276 4538 410 4603 bus
456 4536 537 4602 ad
582 4537 862 4603 virtutes
904 4536 1193 4602 studium
1239 4559 1432 4604 suum
1478 4537 1826 4623 applicent,
1886 4539 2215 4605 nihilomi-

278 4645 411 4690 nus
456 4630 674 4691 tamen
735 4623 1111 4707 saepissime
1166 4622 1237 4686 in
1296 4625 1523 4688 multis
1578 4625 1935 4689 offendunt.
2041 4625 2218 4693 Sane

276 4708 507 4774 David
554 4731 893 4793 nunquam
938 4722 1069 4773 tam
1111 4709 1512 4775 inordinatos
1546 4711 1816 4775 affectus
1851 4710 2097 4790 habuit,
2144 4721 2221 4779 ut

238 4850 249 4857 .
279 4818 323 4862 a
347 4794 476 4859 Dei
512 4795 879 4861 obedientia
903 4793 1233 4861 discedere
1257 4804 1558 4878 cuperet:
1602 4795 1712 4861 sed
1736 4807 1965 4863 contra
2001 4799 2219 4881 potius

277 4881 460 4946 omni
521 4882 736 4946 studio
797 4882 865 4945 in
938 4901 1083 4946 eam
1146 4880 1469 4946 incubuit:
1535 4882 1795 4947 interim
1860 4896 2080 4949 tamen
2148 4886 2214 4949 in

276 4975 502 5033 tantas
570 4969 870 5032 redactus
934 4977 1077 5032 erat
1142 4970 1477 5049 angustias
1543 4978 1620 5032 ut
1696 4988 1826 5031 non
1888 4968 2016 5034 labi
2083 4992 2217 5036 non

275 5053 592 5153 potuerit.
680 5051 874 5134 Quod
932 5053 988 5117 si
1037 5060 1219 5117 tanto
1262 5054 1420 5131 viro,
1486 5062 1583 5118 tot
1632 5055 1984 5121 virtutibus
2041 5056 2217 5122 claro

276 5148 348 5206 et
412 5138 659 5223 insigni
720 5138 1027 5223 contigit,
1096 5138 1283 5221 quid,
1349 5141 1645 5219 obsecro,
1712 5141 1897 5206 nobis
1961 5143 2217 5209 miseris

480 5239 921 5310 cavatiopera
994 5239 1343 5296 Vnam

1548 229 1649 296 IN
1689 230 1747 296 1.
1792 228 1973 296 LIB.
2018 226 2422 295 SAMUEL.
2469 226 2669 294 OAP.
2714 227 3016 296 XXVII.

4157 223 4286 290 626

2335 417 2630 483 futurum
2697 417 2843 483 est?
2930 416 3152 500 Quare
3220 417 3499 485 Davidis
3564 416 3938 501 exemplum
4002 416 4282 503 proponi

2335 502 2619 569 sciamus
2663 503 2866 584 nobis,
2911 514 2988 569 ut
3021 505 3196 569 intra
3229 507 3473 590 positos
3508 503 3754 570 limites
3798 525 3918 569 uos
3952 505 4279 569 continea-

2335 610 2515 672 mus,
2568 597 2635 653 et
2679 610 2762 654 ne
2805 589 3013 655 latum
3057 612 3347 674 unguem
3392 612 3432 655 a
3476 591 3601 656 Dei
3645 589 3976 655 mandatis
4028 589 4279 656 resilia-

2334 695 2516 739 mus:
2579 694 2656 739 ac
2713 674 2771 740 si
2817 674 2971 757 quid
3018 676 3146 741 erit·
3189 696 3227 740 a
3267 676 3457 743 nobis
3514 686 3871 760 peccatum,
3932 675 4012 739 ad
4068 676 4278 776 ipsius

2334 760 2847 826 misericordiam
2890 760 3367 846 confugiamus,
3414 771 3483 827 et
3526 762 3681 828 licet
3724 784 3854 827 non
3879 762 4048 826 tales
4069 761 4274 828 simus

2336 846 2567 930 quales
2610 867 2754 913 esse
2799 868 2929 913 non
2975 849 3336 931 oportebat,
3380 848 3811 913 nihilominus
3854 846 3934 911 ad
3983 848 4273 931 proposi-

2337 942 2481 997 tum
2541 954 2807 1016 scopum
2865 933 3306 1008 collimemus,
3367 934 3637 999 minime
3695 933 4066 999 dubitantes
4119 934 4280 1016 quin

2336 1019 2693 1101 propitium
2753 1017 2972 1084 Deum
3033 1021 3370 1103 experturi
3432 1021 3669 1097 simus,
3741 1019 3931 1085 facile
3987 1028 4282 1085 nostram

2336 1104 2792 1169 infirmitatem
2827 1118 3282 1172 excusantem:
3328 1114 3397 1171 et
3430 1126 3770 1190 nunqnam
3792 1105 4283 1190 permissurum,

2339 1196 2417 1255 ut
2461 1200 2965 1275 quantacunque
3016 1194 3102 1257 sit
3147 1204 3368 1258 nostra
3424 1191 3833 1259 imbecillitas
3891 1191 3958 1256 in
4005 1190 4283 1256 dedecus

2340 1286 2409 1339 et
2483 1276 2914 1359 ignominiam
2993 1277 3398 1357 incidamus,
3481 1288 3551 1343 et
3630 1277 3710 1342 de
3791 1276 3983 1343 nobis
4061 1277 4283 1344 hostes

2339 1363 2773 1446 triumphent.
2844 1363 3195 1429 Caeterum
3233 1364 3596 1429 inescatum
3635 1385 3855 1449 regem
3881 1362 4089 1429 Achis
4132 1382 4283 1428 cum

2338 1447 2745 1532 principibus
2805 1457 2873 1513 et
2938 1449 3324 1515 consiliariis
3397 1450 3701 1515 videmus
3770 1449 4016 1533 praeda
4087 1469 4282 1532 quam

2334 1532 2559 1599 David
2603 1534 2901 1613 faciebat,
2948 1536 3015 1599 in
3061 1537 3246 1602 cuius
3290 1545 3543 1619 partem
3590 1536 3808 1618 ipsum
3845 1535 4106 1601 venisse
4153 1555 4282 1600 non

2339 1625 2440 1685 est
2484 1618 2955 1689 dubitandum:
3001 1629 3069 1686 et
3110 1642 3187 1686 ea
3228 1621 3322 1687 sic
3363 1631 3784 1688 excaecatum
3821 1631 3896 1685 ut
3918 1640 4051 1686 non
4075 1621 4282 1685 anim—

2339 1705 2700 1771 adverterit
2756 1727 2875 1772 suo
2917 1706 2986 1771 id
3030 1708 3171 1772 fieri
3231 1708 3656 1775 detrimento:
3716 1707 4031 1790 siquidem
4092 1708 4282 1772 abac·

2341 1798 2473 1856 tam
2534 1811 2618 1856 ex
2676 1792 2920 1857 Iudaea
2989 1793 3297 1877 praedam
3360 1793 3485 1859 sibi
3542 1791 3927 1878 persuadet,
3995 1794 4151 1858 licet
4204 1791 4285 1858 de

2341 1877 2595 1956 vicinis,
2654 1879 2723 1943 in
2784 1899 2945 1961 quos
3000 1880 3168 1944 nihil
3232 1879 3448 1944 moliri
3506 1880 3845 1957 voluisset,
3906 1878 4282 1945 ducebatur.

2338 1963 2519 2028 Hinc
2565 1960 2988 2031 observemus
3031 1985 3142 2030 eos
3164 1965 3274 2048 qui
3296 1966 3434 2031 suis
3469 1966 3810 2031 affectibus
3847 1963 4282 2047 abripiuntur,

2342 2070 2611 2132 prorsus
2655 2050 3000 2126 caecutire,
3058 2062 3122 2116 et
3168 2051 3357 2116 modo
3401 2071 3538 2116 rem
3587 2051 3830 2117 faciant
3873 2051 4067 2115 etiam
4133 2071 4283 2116 cum

2342 2135 2555 2201 alieno
2600 2135 3012 2213 detrimento,
3060 2157 3193 2201 non
3240 2138 3466 2222 magni
3511 2136 3761 2202 facere:
3819 2136 4039 2219 itaque
4083 2136 4284 2201 ratio-

2341 2220 2446 2287 nis
2491 2230 2557 2286 et
2600 2221 2855 2288 consilii
2900 2232 3206 2307 expertes
3249 2224 3413 2288 fieri.
3504 2222 3925 2306 Quapropter
3959 2242 4158 2306 quum
4205 2242 4285 2287 ea

2336 2306 2425 2371 sit
2466 2307 2538 2371 in
2581 2306 3008 2374 excaecandis
3053 2308 3424 2374 hominibus
3467 2309 3783 2373 avaritiae
3825 2308 3947 2386 vis,
4007 2318 4073 2372 et
4131 2327 4284 2373 oon-

2339 2393 2469 2458 silii
2513 2393 2920 2477 rationisque
2957 2403 3261 2477 expertes
3305 2395 3518 2474 faciat,
3564 2414 3709 2460 eam
3753 2404 4063 2476 tanquam
4107 2392 4285 2459 luem

2337 2480 2715 2562 pestiferam
2803 2481 2868 2545 fu
2918 2480 3154 2546 iamus.
3255 2480 3517 2546 Deinde
3602 2479 4079 2547 observandum
4154 2480 4286 2547 Dei

2338 2587 2377 2628 o
2379 2585 2500 2648 pus
2546 2565 2614 2630 in
2660 2564 2854 2630 luden
2903 2587 2940 2630 o
2998 2587 3154 2651 rege
3201 2565 3420 2642 Achis,
3481 2566 3803 2650 tantisper
3859 2565 4014 2631 dum
4063 2567 4280 2633 David

2337 2650 2531 2735 louge
2576 2651 2719 2717 aliis
2763 2651 3018 2718 viribus
3060 2651 3369 2736 populum
3429 2652 3638 2735 ipsius
3681 2652 4169 2738 aggrederetur,
4213 2661 4282 2720 et

2337 2737 2736 2821 profligaret.
2834 2737 3157 2803 Davidem
3230 2737 3526 2820 quidem,
3598 2746 3675 2803 ut
3745 2748 3898 2803 ante
3969 2737 4277 2820 diximus,

2335 2824 2514 2888 omni
2561 2823 2755 2906 culpa
2796 2822 3076 2890 liberare
3118 2844 3245 2889 non
3292 2844 3656 2907 possumus,
3713 2824 3829 2890 sed
3875 2844 4070 2889 sunm
4114 2846 4277 2907 opus

2337 2908 2770 2975 nihilominus
2828 2910 3011 2976 Deus
3069 2910 3414 2994 promovit.
3518 2908 3745 2991 Quare
3804 2930 4009 2992 quum
4069 2909 4277 2977 Achis

2335 2993 2461 3061 sibi
2519 2995 2866 3080 persuadet
2911 2994 3237 3063 Davidem
3296 2994 3536 3079 populo
3583 3016 3704 3061 suo
3760 2995 4115 3062 israelitico
4172 2996 4276 3062 in-

2334 3080 2597 3157 festum,
2643 3083 2709 3145 in
2755 3092 3085 3166 posterum
3131 3081 3387 3148 fidelem
3433 3101 3696 3164 operam
3743 3081 3869 3148 sibi
3925 3082 4275 3166 praestitu-

2335 3188 2507 3267 rum,
2551 3187 2588 3229 a
2632 3166 2777 3249 Deo
2820 3177 3221 3248 excaecatur,
3267 3175 3342 3231 ut
3382 3167 3635 3232 interea
3681 3166 3897 3232 David
3941 3167 4165 3233 salvus
4208 3175 4278 3234 et

2332 3252 2681 3318 incolumis
2722 3265 3165 3338 conservetur,
3223 3263 3290 3318 et
3343 3252 3624 3336 populus
3681 3252 4071 3320 israeliticus
4129 3262 4273 3319 tan-

2333 3346 2474 3403 tum
2521 3339 3018 3423 tranquillitatis
3069 3338 3377 3405 obtineat.
3463 3338 3636 3404 Nam
3695 3348 3892 3404 antea
3934 3339 4277 3406 Philistaei

2331 3424 2657 3491 continuis
2677 3361 2926 3491 qbellis
2982 3425 3320 3493 Israelitas
3394 3423 3829 3491 infestabant:
3907 3446 4071 3509 quos
4143 3428 4275 3492 iam

2330 3512 2659 3593 quiescere
2702 3512 2949 3592 sinunt,
2994 3512 3443 3578 existimantes
3481 3509 3812 3577 Davidem
3857 3511 4016 3595 ipsis
4057 3513 4272 3578 infen-

2328 3618 2494 3675 sum,
2555 3596 2841 3679 quotidie
2896 3599 3090 3664 novis
3148 3595 3626 3664 incursionibus
3686 3598 3965 3681 fatigare
4023 3608 4092 3662 et
4159 3598 4272 3665 de-

2328 3683 2649 3764 praedari.
2749 3684 2850 3748 Ex
2922 3704 3052 3768 quo
3108 3692 3377 3785 apparet
3434 3682 3649 3748 Deum
3713 3682 4149 3764 admirandis,
4206 3688 4273 3751 et

2326 3788 2588 3833 omnem
2662 3768 3001 3834 hominum
3072 3770 3442 3853 opinionem
3511 3769 3976 3869 superantibus
4058 3770 4270 3839 modis

2326 3854 2535 3920 solere
2578 3875 2730 3919 suos
2772 3875 3184 3921 conservare.
3271 3854 3401 3936 Qui
3465 3854 3615 3920 licet
3670 3854 3738 3919 ιιι
3800 3856 4025 3923 multis
4083 3877 4277 3941 saepe

2326 3939 2647 4018 labantur,
2705 3962 2838 4005 non
2883 3948 3104 4006 tamen
3148 3950 3492 4041 propterea
3547 3960 3586 4004 a
3631 3941 3918 4006 Domino
3972 3942 4276 4008 deserun-

2326 4038 2451 4103 tur,
2498 4025 2670 4109 quod
2716 4036 3014 4127 coeptum
3060 4027 3128 4091 ιιι
3174 4026 3333 4109 ipsis
3386 4046 3548 4110 opus
3592 4025 4045 4111 imperfectum
4107 4028 4273 4092 nolit

2324 4112 2719 4195 relinquere:
2765 4112 2877 4178 sed
2925 4114 3209 4195 ipsorum
3248 4112 3847 4196 imperfectionibus
3882 4113 3978 4177 ita
4011 4112 4270 4178 medea·

2324 4207 2469 4348 ‹tint-1,
2535 4206 2610 4262 ut
2676 4198 3077 4282 pedetentim
3143 4218 3256 4264 eos
3319 4198 3401 4263 ad
3469 4200 3734 4282 plenam
3799 4197 4270 4281 perfectionem

2368 4304 2403 4348 e
2451 4294 2624 4350 ucat.

2492 4369 2635 4434 Iam
2684 4390 2839 4436 vero
2884 4369 3078 4456 agite,
3121 4373 3225 4436 dc.
