5059 6059
270 327 373 396 661

267 517 519 586 ordinem
563 512 861 583 homines
904 523 1249 601 coguntur,
1291 522 1361 583 et
1399 516 1471 583 in
1511 517 1725 586 officio
1768 517 2167 585 retinentur:

264 616 327 672 ut
361 602 479 669 Dei
518 600 837 667 auxilium
881 602 1256 686 implorent,
1314 604 1502 670 cuius
1556 624 1682 687 ope
1734 612 1806 670 et
1844 603 2169 670 instinctu

263 688 634 775 singulorum
692 687 897 754 animi
955 688 1039 756 ad
1094 687 1496 755 reddendam
1550 687 1986 756 obedientiam
2029 710 2169 756 mo·

263 783 529 843 veantur.
618 769 813 852 Quod
868 774 995 840 nisi
1053 775 1485 859 magistratus
1542 774 1780 842 animis
1835 775 1974 841 suis
2013 775 2169 841 inti-

259 871 418 948 gant,
466 863 716 926 certum
774 867 875 925 est
930 859 1097 925 nihil
1153 861 1281 926 nisi
1341 860 1610 927 confuse
1665 869 1734 927 et
1788 861 2168 945 perturbate

255 944 2170 1118 :affiffit‘ssz’mfflffiss0ffiss2wnw..2⁰25

255 1117 633 1187 levissimum
717 1126 968 1185 motum
1055 1124 1428 1184 terreantur
1444 1166 1461 1198 ,
1547 1138 1626 1185 ac
1704 1116 2167 1185 discessionem

253 1215 354 1271 aut
391 1203 602 1289 potius
644 1202 1068 1270 rebellionem
1113 1203 1524 1270 subditorum
1568 1212 1902 1270 metuant:
1963 1211 2031 1270 et
2070 1203 2168 1270 ita

250 1291 444 1358 nullas
497 1288 602 1355 sui
667 1288 873 1356 officii
937 1303 1158 1373 partes
1220 1289 1558 1373 impleant,
1620 1298 1692 1358 et
1749 1309 1920 1374 quae
1979 1291 2167 1357 Deus

247 1376 431 1461 exigit
482 1383 816 1458 praestare
875 1383 1239 1459 nequeant:
1308 1376 1591 1460 denique
1644 1374 1901 1443 nullam
1961 1375 2164 1442 animi

247 1460 695 1548 praestantiam
732 1460 1034 1528 adferant
1073 1462 1144 1528 in
1181 1461 1376 1528 rebus
1408 1460 1860 1546 suscipiendis,
1907 1470 1977 1529 et
2017 1460 2164 1528 offi-

246 1551 318 1616 cii
369 1548 464 1615 sui
517 1545 819 1631 partibus
874 1546 1247 1631 implendis,
1302 1548 1431 1614 nisi
1486 1568 1874 1631 persuasum
1917 1546 2163 1615 habue-

242 1636 381 1714 rint,
445 1634 582 1699 fore
648 1641 724 1698 ut
797 1634 980 1699 Deus
1053 1634 1466 1701 subditorum
1532 1634 1788 1702 animos
1848 1633 2163 1713 inflectat,

243 1718 573 1786 dummodo
642 1718 929 1786 vicissim
992 1719 1111 1798 illi,
1175 1728 1253 1785 ut
1317 1717 1473 1800 dixi,
1538 1718 1758 1805 fidem,
1822 1719 2162 1804 iustitiam,

241 1805 642 1889 aequitatem,
720 1804 1173 1888 integritatem
1250 1813 1318 1871 et
1379 1804 1619 1872 bonam
1697 1807 2165 1873 conscientiam

241 1893 571 1968 retineant,
632 1897 831 1973 atque
887 1890 1010 1958 hoc
1064 1912 1258 1958 suum
1304 1890 1594 1958 officium
1635 1891 1969 1976 postulare
2010 1911 2166 1977 cog·

243 1987 519 2044 noscant.
615 1974 1060 2057 Quamobrem
1120 1977 1245 2044 hoc
1300 1986 1521 2043 ratum
1564 1987 1723 2056 esto,
1778 1998 1887 2044 eos
1928 1977 2042 2062 qui
2083 1975 2166 2043 ad

245 2063 388 2129 talia
438 2082 725 2128 munera
784 2073 1118 2142 vocantur,
1171 2063 1375 2130 sortes
1416 2074 1484 2130 et
1525 2064 1982 2149 magnanimos
2023 2084 2170 2131 esse

241 2156 546 2232 oportere,
611 2148 893 2216 scientes
948 2170 1020 2216 se
1072 2148 1204 2215 Dei
1256 2147 1576 2237 iuvandos
1632 2170 1853 2230 manu,
1913 2159 1993 2215 ut
2046 2169 2167 2217 suo

241 2234 439 2301 officio
491 2233 927 2301 satisfaciant.
1014 2234 1152 2301 Nos
1216 2255 1371 2301 vero
1426 2234 1538 2301 hic
1600 2234 2033 2303 admonemur
2095 2236 2170 2302 in

235 2341 481 2405 genere,
540 2319 866 2387 adversus
921 2320 1289 2405 superiores
1343 2323 1766 2406 magistratus
1830 2329 2171 2387 contuma-

236 2408 390 2474 citer
453 2426 609 2473 sese
671 2415 991 2491 gerentes,
1036 2406 1182 2473 Deo
1245 2407 1372 2491 ipsi
1440 2406 1682 2473 bellum
1725 2407 1993 2487 inferre,
2060 2408 2171 2475 vel

235 2494 364 2577 ipso
405 2500 578 2559 teste
625 2492 854 2571 Paulo,
899 2502 965 2559 et
1006 2513 1268 2559 omnem
1313 2492 1578 2559 divinae
1619 2492 1829 2575 ipsius
1871 2494 2173 2560 maiesta-

231 2580 310 2645 tis
350 2579 668 2644 timorem
710 2588 777 2644 et
811 2579 1252 2644 reverentiam
1288 2586 1610 2657 excutere,
1655 2578 1810 2645 licet
1843 2580 2171 2662 conceptis

231 2665 441 2731 verbis
483 2665 900 2730 contrarium
947 2672 1271 2730 testentur
1309 2677 1377 2730 et
1415 2663 1653 2730 iurent.
1712 2663 1952 2730 Omnis
1994 2665 2172 2733 enim

229 2750 514 2834 superior
549 2759 846 2834 potestas
879 2771 922 2815 a
951 2750 1098 2815 Deo
1130 2758 1264 2816 est.-
1307 2770 1384 2816 ac
1418 2749 1693 2833 proinde
1725 2769 1919 2816 nemo
1954 2758 2173 2834 potest

231 2836 350 2902 Dei
404 2834 817 2902 ordinationi
872 2836 1194 2915 resistere,
1254 2836 1414 2919 quin
1476 2835 1621 2901 Deo
1679 2856 1822 2902 sese
1866 2846 2171 2920 opponat,

228 2930 292 2988 et
343 2943 575 2989 rerum
634 2921 928 2990 omnium
987 2921 1436 2989 confusionem
1494 2931 1563 2987 et
1618 2922 2173 3005 perturbationem

228 3008 518 3075 invehat.
613 3008 838 3089 Quare
896 3007 1225 3073 discamus
1267 3008 1447 3074 omni
1487 3007 1783 3093 legitimo
1823 3010 2171 3094 magistra-

228 3094 334 3171 tui,
373 3105 443 3160 et
489 3093 807 3160 omnibus
848 3092 1105 3178 legibus
1149 3114 1237 3159 ex
1279 3092 1411 3159 Dei
1453 3092 1765 3159 mandato
1811 3102 1878 3159 et
1910 3093 2170 3160 ordina-

228 3180 393 3245 tione
427 3182 714 3247 sancitis
729 3189 964 3263 sponte
985 3200 1108 3246 nos
1127 3179 1469 3263 subiicere,
1513 3179 1794 3246 scientes
1837 3180 1982 3246 Deo
2021 3200 2171 3264 gra·

227 3276 357 3331 tum
401 3266 590 3333 istud
613 3265 998 3349 obsequium
1020 3267 1179 3344 fore,
1215 3286 1419 3349 quum
1443 3268 1671 3350 iugum
1694 3265 1940 3332 nostris
1966 3266 2175 3332 cervi-

222 3350 395 3418 cibus
416 3354 504 3418 ab
529 3353 819 3436 ipsomet
840 3352 1223 3435 impositum
1246 3350 1608 3417 tulerimus.
1646 3349 1974 3417 Modestia
1994 3352 2174 3418 enim

223 3445 318 3503 est
347 3439 675 3523 potestati
716 3460 756 3504 a
779 3438 922 3503 Deo
965 3438 1359 3504 constitutae
1401 3445 1631 3520 sponte
1674 3458 1747 3504 se
1769 3437 2171 3505 submittere.

380 3524 492 3591 Ac
539 3526 627 3591 de
672 3524 814 3591 istis
862 3524 1201 3589 hactenus.
1248 3524 1546 3608 Apparet
1586 3531 1807 3588 autem
1844 3544 1928 3589 ex
1963 3524 2172 3591 totius

217 3609 533 3677 historiae
596 3611 769 3677 serie
810 3607 1031 3674 Deum
1082 3607 1191 3673 hic
1245 3607 1510 3694 speciali
1572 3607 1829 3674 ratione
1887 3609 2171 3692 quadam

208 3706 562 3781 operatum
612 3697 833 3775 fuisse,
877 3694 1171 3761 immisso
1213 3695 1284 3761 in
1324 3695 1641 3779 populum
1687 3703 1958 3762 terrore.
2044 3697 2172 3762 Ec-

207 3783 346 3864 quis
405 3782 600 3848 enim
648 3780 814 3848 Saul
874 3789 1033 3858 erat,
1092 3780 1176 3846 ad
1235 3781 1418 3846 cuius
1476 3779 1827 3863 imperium
1885 3781 2168 3867 populus

203 3867 623 3935 terreretur?
715 3868 865 3933 Non
908 3877 1054 3933 erat
1095 3887 1255 3931 sane
1297 3874 1521 3933 tantae
1563 3866 1968 3934 autoritatis:
2012 3889 2166 3933 nam

203 3952 310 4018 ubi
369 3977 411 4020 a
469 3951 741 4020 nuntiis
800 3975 842 4019 a
898 3951 1287 4019 Iabensibus
1345 3950 1632 4018 dimissis
1673 3960 1975 4035 repertus
2017 3953 2163 4020 est?

200 4037 275 4105 Iu
320 4040 657 4125 oppidulo
703 4038 934 4106 Gabaa
977 4039 1370 4118 morabatur,
1433 4048 1499 4103 et
1555 4038 1639 4103 ab
1676 4038 1853 4122 agris
1887 4046 1953 4104 et
1990 4040 2168 4106 stiva

198 4128 696 4192 revertebatur.
787 4124 958 4191 Vilis
1015 4145 1175 4190 sane
1234 4131 1302 4189 et
1357 4124 1611 4191 abiecta
1651 4122 1766 4190 illa
1822 4132 1968 4190 erat
2007 4145 2167 4192 con·

199 4210 374 4291 ditio,
458 4222 538 4277 et
609 4212 928 4295 exignum
994 4218 1137 4276 erat
1199 4208 1506 4293 oppidum
1574 4209 1821 4288 Gabaa,
1903 4211 1973 4276 in
2082 4233 2166 4277 uo

193 4298 626 4365 morabatur:
688 4299 913 4380 itaque
954 4296 1072 4362 vix
1115 4296 1415 4363 sufficere
1460 4293 1806 4363 videbatur
1839 4316 2040 4382 regen
2089 4319 2166 4363 ae

194 4386 478 4471 exiguae
569 4402 938 4467 paucorum
1025 4380 1385 4461 hominum,
1462 4390 1627 4464 puta
1719 4390 2163 4449 trecentorum

193 4471 295 4535 vel
378 4469 1056 4554 quadringentorum,
1136 4467 1573 4533 multitudini:
1654 4474 1911 4535 tantum
1979 4468 2166 4536 abest

191 4566 262 4618 ut
317 4557 408 4623 ad
470 4565 749 4621 tantum
806 4552 1173 4638 regundum
1218 4551 1531 4638 populum
1575 4550 1847 4620 idoneus
1889 4553 2163 4622 habere-

187 4656 310 4720 tur,
379 4643 625 4727 qualis
691 4648 836 4708 erat
898 4650 1039 4705 tota
1101 4638 1347 4704 Iudaea
1409 4637 1493 4703 ad
1571 4638 1749 4705 illius
1813 4640 2163 4723 imperium

185 4726 709 4796 commovenda.
796 4725 931 4794 Sed
970 4726 1029 4792 si
1072 4736 1410 4809 praeterea
1451 4724 1958 4804 consideremus,
2025 4748 2160 4792 non

182 4810 479 4894 lictores,
531 4835 681 4879 non
717 4833 915 4895 equos
957 4810 1201 4877 celeres
1244 4811 1434 4875 illum
1478 4808 1848 4877 adhibuisse
1892 4811 1975 4877 ad
2017 4833 2160 4879 rem

182 4907 446 4966 tantam
512 4920 682 4966 cum
743 4897 1081 4981 diligentia
1144 4894 1637 4980 conficiendam,
1702 4897 1818 4963 sed
1882 4899 2160 4966 rusticos

180 4992 250 5048 et
310 4988 422 5053 sni
495 4984 783 5064 similes,
847 5004 1009 5068 quos
1075 4982 1429 5049 verisimile
1493 4990 1594 5048 est
1658 5002 1698 5046 a
1752 4984 2012 5067 populo,
2078 4983 2160 5051 ad

177 5073 492 5138 auditum
546 5072 828 5138 illarum
850 5070 1450 5147 comminationum,
1494 5067 1835 5152 explosum
1878 5078 1945 5134 et
1979 5071 2163 5137 fusti-

179 5156 302 5225 bus
361 5161 716 5226 reiectum
757 5157 841 5223 iri
895 5155 1131 5240 potius,
1195 5174 1394 5237 quam
1453 5163 1530 5218 ut
1572 5155 1743 5221 dicto
1787 5154 2162 5223 obedientes

176 5256 425 5313 essent.
494 5242 699 5327 Quid
741 5244 794 5310 si
837 5244 1109 5326 insuper
1153 5247 1255 5306 ter
1298 5248 1558 5307 centum
1617 5239 1800 5307 mille
1860 5241 2160 5309 homines

1570 325 1674 394 IN
1715 327 1770 394 1.
1814 327 1998 395 LIB.
2045 325 2451 398 SAMUEL.
2495 328 2698 398 cAP.
2739 328 2869 397 XI.

4097 336 4227 404 662

2271 518 2517 585 armari
2560 518 2987 602 inspiciamus
3030 517 3113 585 ad
3158 519 3445 603 primum
3480 518 3680 587 unius
3714 520 4001 587 hominis
4037 543 4226 589 man·

2272 604 2500 670 datum
2558 613 2742 670 tanto
2795 626 3119 672 consensu
3163 615 3406 689 quanto
3449 606 3508 672 si
3551 605 3656 673 vir
3701 627 3874 673 unus
3918 607 4223 676 fuissent.

2273 688 2531 771 Quibus
2615 689 2966 757 accedebat
3051 690 3256 757 Iudae
3343 690 3556 758 tribus
3643 712 3788 757 cum
3880 691 4222 761 hominum

2270 774 2562 842 millibus
2626 776 2923 861 triginta.
3034 776 3222 858 Quae
3287 784 3511 843 tantae
3588 776 3932 844 hominum
3997 780 4239 865 copiae-

2271 881 2477 945 quum
2541 860 2626 927 ad
2691 861 2907 928 solum
2973 864 3203 928 rustici
3275 862 3562 930 hominis
3625 862 4030 946 mandatum,
4107 886 4222 932 cu-

2269 946 2377 1013 ius
2448 946 2636 1013 nulla
2705 948 2922 1014 fuerat
2992 947 3297 1033 dignitas,
3371 948 3558 1015 nulla
3630 950 3968 1030 autoritas,
4037 959 4223 1019 ante·

2270 1053 2471 1116 quam
2527 1032 2613 1099 ad
2668 1033 2916 1117 regiam
2979 1032 3366 1118 dignitatem
3424 1033 3701 1114 veniret,
3765 1035 3937 1101 ultro
3982 1056 4223 1105 conve-

2270 1117 2510 1200 nerint,
2569 1118 2759 1187 facile
2816 1117 3186 1187 iudicamus
3231 1121 3452 1187 Deum
3510 1120 3860 1189 immisisse
3900 1120 3976 1186 in
4018 1142 4221 1207 popu-

2267 1204 2410 1271 lum
2451 1204 2757 1272 timorem
2800 1224 3028 1272 suum:
3074 1206 3248 1289 quod
3281 1205 3439 1275 licet
3474 1213 3790 1291 tanquam
3826 1206 4220 1274 miraculum

2270 1290 2458 1357 nobis
2499 1298 2925 1375 proponatur,
2987 1303 3208 1358 tamen
3265 1292 3338 1358 in
3381 1300 3676 1359 nostram
3717 1292 4224 1361 instructionem

2268 1374 2500 1444 cedere
2542 1374 2753 1444 debet.
2840 1379 2944 1444 Ac
2983 1376 3256 1460 proinde
3297 1376 3801 1457 observandum,
3860 1377 4080 1444 Deum
4123 1380 4223 1448 ita

2269 1463 2613 1529 hominum
2656 1462 2912 1529 animos
2952 1463 3302 1546 possidere,
3346 1473 3423 1529 ut
3456 1465 3540 1530 ad
3584 1485 3772 1532 suam
3808 1464 4221 1532 voluntatem

2267 1568 2381 1615 eos
2436 1548 2714 1615 inclinet
2768 1558 2835 1617 et
2888 1558 3168 1631 moveat,
3227 1547 3388 1615 adeo
3444 1556 3520 1616 ut·
3577 1549 3724 1617 aliis
3766 1549 4222 1618 tortitudinem

2267 1643 2336 1702 et
2377 1634 2737 1714 audaciam,
2793 1634 2943 1702 aliis
2986 1655 3144 1702 vero
3186 1643 3440 1702 metum
3483 1643 3550 1703 et
3593 1655 3904 1720 pavorem
3948 1636 4221 1717 iniiciat,

2269 1720 2550 1804 denique
2606 1741 2811 1804 quum
2867 1720 3137 1805 expedit
3200 1720 3283 1787 ad
3327 1742 3520 1788 suum
3570 1720 3955 1804 obsequium
3996 1723 4224 1789 inflec-

2266 1813 2387 1872 tat.
2473 1807 2828 1873 Praeterea
2870 1806 2995 1873 hoc
3035 1807 3206 1874 facto
3251 1825 3569 1891 magnum
3611 1808 3887 1874 accessit
3929 1809 4225 1875 testimo-

2269 1892 2456 1960 nium
2528 1892 3019 1976 approbationis
3083 1892 3274 1977 regni
3340 1891 3586 1973 Saulis,
3665 1891 4223 1976 quemadmodum

2270 1979 2394 2045 sub
2437 1978 2676 2062 capitis
2706 1979 2911 2045 finem
2946 1976 3242 2063 pluribus
3277 1977 3568 2045 audituri
3609 1999 3861 2062 sumus,
3905 2000 3981 2046 ac
4016 1980 4227 2046 nomi-

2269 2068 2484 2132 natim
2540 2086 2626 2132 ex
2677 2065 2948 2132 victoria
3004 2083 3203 2148 quam
3257 2063 3341 2129 de
3383 2064 3786 2131 Ammonitis
3841 2066 4220 2149 reportavit.

2273 2149 2469 2232 Quod
2525 2149 2586 2217 si
2642 2148 2864 2217 hostes
2921 2148 3067 2216 sine
3123 2149 3261 2216 ulla
3315 2148 3498 2216 clade
3555 2161 3818 2235 accepta
3874 2150 4034 2237 fuga
4091 2149 4221 2217 sibi

2273 2235 2555 2303 salutem
2632 2236 3125 2320 quaesivissent,
3213 2234 3646 2312 nihilominus
3720 2245 3945 2303 tamen
4022 2236 4218 2305 valde

2272 2322 2786 2389 confirmabatur
2826 2319 3048 2388 Saulis
3094 2321 3432 2402 autoritas,
3474 2320 3648 2404 quod
3694 2320 3779 2387 ad
3815 2322 3960 2388 eius
3993 2341 4226 2390 vocem

2360 2407 2556 2492 pulus
2614 2405 2775 2473 adeo
2834 2415 3377 2485 commoveretur,
3436 2427 3571 2473 non
3614 2414 3835 2473 tamen
3879 2416 4227 2492 praesente

2331 2493 2498 2575 aule,
2553 2492 2669 2560 sed
2727 2501 2985 2560 tantum
3041 2493 3261 2560 missis
3319 2492 3402 2558 ab
3459 2493 3601 2576 ipso
3645 2492 4025 2574 tabellariis,
4090 2514 4226 2560 non

2275 2600 2556 2664 magnae
2598 2579 2774 2645 inter
2824 2578 3141 2664 populum
3184 2578 3577 2659 autoritatis,
3637 2579 3751 2644 sed
3797 2580 4062 2646 rusticis
4107 2581 4226 2646 ho-

2275 2665 2581 2732 minibus.
2682 2663 2819 2731 Sed
2881 2666 2979 2732 ita
3042 2666 3252 2749 magis
3316 2665 3660 2750 magisque
3723 2666 3803 2731 fit
3868 2665 3998 2731 Dei
4059 2686 4226 2749 opus

2275 2751 2721 2853 conspicuum,
2767 2751 2879 2834 qui
2923 2771 2998 2816 re
3046 2772 3129 2816 no
3188 2750 3285 2815 illi
3329 2750 3646 2816 honorem
3693 2759 3762 2816 et
3803 2751 4224 2817 autoritatem

2275 2838 2641 2914 conciliare,
2686 2857 2823 2905 non
2859 2838 2932 2902 in
3023 2835 3210 2917 aulis,
3254 2835 3370 2901 sed
3412 2836 3484 2901 in
3520 2834 3800 2902 Davidis
3829 2836 3929 2901 illi
3966 2856 4225 2904 succes-

2274 2923 2417 2989 suri
2473 2923 2759 3008 gratiam
2816 2921 3055 2991 voluit:
3112 2929 3180 2989 et
3235 2919 3407 3005 quod
3457 2943 3737 3005 regnum
3796 2921 4225 2988 israeliticum

2276 3009 2434 3076 viva
2475 3018 2653 3076 esset
2692 3008 2910 3094 imago
2950 3007 3131 3074 illius
3163 3006 3424 3091 imperii
3467 3005 3641 3090 quod
3675 3005 3964 3073 Domino
3999 3018 4224 3074 nostro

2275 3093 2430 3162 Iesu
2494 3094 2762 3162 Ohristo
2827 3096 2900 3159 in
2965 3113 3125 3161 suae
3191 3093 3498 3163 ecclesiae
3551 3092 3835 3158 salutem
3902 3093 4223 3159 traditum

2277 3190 2397 3247 est.
2485 3181 2701 3246 Multo
2744 3199 2906 3246 vero
2951 3180 3201 3264 potiore
3242 3180 3499 3245 ratione
3532 3178 3823 3244 iudicare
3857 3199 4220 3261 possumus,

2279 3286 2400 3332 nos
2457 3266 2540 3332 ad
2601 3265 2928 3351 evangelii
3034 3265 3538 3332 raedicationem
3582 3264 4023 3330 voluntariam
4065 3263 4219 3331 obe-

2277 3351 2594 3417 dientiam
2638 3351 2786 3419 Deo
2838 3350 2994 3417 exhi
3077 3360 3224 3417 ntes
3280 3350 3351 3417 vi
3405 3349 3633 3416 divina
3691 3359 3757 3417 et
3801 3351 4074 3434 spiritus
4115 3351 4223 3415 in-

2275 3438 2518 3505 stinctu
2580 3435 2761 3505 duci:
2822 3436 2996 3520 quod
3049 3446 3300 3504 certum
3345 3436 3433 3503 sit
3476 3457 3597 3503 nos
3640 3436 3857 3519 potius
3903 3436 4224 3503 adversus

2272 3523 2438 3589 illud
2495 3531 2913 3590 contumaces
2964 3529 3032 3589 et
3073 3522 3349 3589 rebelles
3405 3521 3563 3600 fore,
3621 3520 3791 3606 quod
3850 3521 4219 3588 incredulo·

2272 3630 2421 3676 rum
2480 3608 2858 3693 quotidiana
2916 3607 3323 3693 experientia
3366 3614 3682 3673 testatum
3728 3606 3902 3674 facit.
3993 3606 4221 3689 Quum

2271 3694 2477 3780 igitur
2537 3695 2776 3761 dociles
2846 3715 2967 3762 nos
3039 3693 3434 3760 exhibemus
3498 3694 3574 3759 in
3639 3692 4077 3776 percipiendis
4139 3694 4225 3760 iis

2271 3801 2439 3864 quae
2494 3782 2766 3847 nomine
2807 3781 3083 3847 Domini
3137 3779 3351 3846 nostri
3392 3777 3547 3846 Iesu
3593 3777 3844 3845 Christi
3890 3778 4223 3862 docemur,

2269 3888 2355 3933 ne
2397 3866 2468 3932 id
2510 3875 2697 3934 motu
2732 3875 2955 3932 nostro
2990 3865 3253 3951 proprio
3287 3866 3433 3931 fieri
3467 3865 3863 3948 cogitemus:
3908 3865 4220 3949 quemad-

2270 3952 2537 4019 modum
2599 3953 2795 4019 multi
2851 3951 2977 4018 sibi
3017 3954 3295 4036 fingunt,
3353 3949 3551 4017 fidem
3594 3970 3738 4017 esse
3780 3971 3822 4016 a
3862 3972 4215 4035 praepara·

2271 4040 2449 4105 tione
2492 4038 2597 4105 sui
2638 4036 2869 4105 cordis.
2917 4037 3050 4106 Sed
3095 4048 3349 4103 tantum
3397 4036 3583 4102 abest
3622 4044 3697 4101 ut
3736 4035 3902 4103 fides
3945 4058 3985 4102 a
4026 4059 4214 4121 prae-

2269 4125 2606 4208 paratione
2680 4125 2767 4190 sit
2845 4123 3120 4189 humani
3201 4121 3431 4207 cordis,
3514 4131 3589 4188 ut
3663 4131 3896 4188 contra
3971 4134 4211 4189 natura

2268 4219 2493 4277 nostra
2536 4211 2744 4276 simus
2786 4229 2827 4275 a
2868 4209 3011 4276 Deo
3053 4208 3271 4289 alieni,
3330 4221 3396 4274 et
3429 4210 3642 4275 instar
3676 4207 3964 4274 ferarum
3994 4208 4209 4291 potius

2268 4296 2353 4362 ab
2395 4297 2539 4380 ipso
2581 4295 2971 4375 resiliamus,
3025 4315 3218 4379 quam
3279 4295 3531 4378 placide
3575 4315 3697 4360 nos
3739 4294 3865 4378 ipsi
3909 4293 4209 4360 subiicia-

2266 4404 2432 4463 mus,
2477 4382 2609 4447 nisi
2643 4381 2829 4448 Deus
2871 4383 3010 4465 ipse
3053 4380 3357 4448 cordibus
3395 4380 3633 4447 nostris
3676 4401 3869 4445 suum
3904 4380 4205 4444 timorem

2264 4469 2608 4552 insculpat,
2654 4488 2781 4551 quo
2824 4466 2909 4533 ad
2953 4466 3237 4532 debitam
3280 4467 3404 4550 ipsi
3449 4466 3883 4532 reverentiam
3923 4463 4207 4529 redden-

2266 4553 2416 4620 dam
2471 4552 2891 4620 adducamur.
2980 4554 3161 4639 Ergo
3218 4572 3481 4619 necesse
3538 4560 3655 4629 est,
3716 4560 3793 4615 ut
3848 4552 3918 4615 in
3977 4549 4203 4617 docilis

2264 4639 2487 4725 populi
2540 4638 2756 4706 locum
2814 4638 3261 4717 admittamur,
3321 4659 3442 4704 nos
3497 4638 3620 4720 ipsi
3679 4644 3913 4721 sponte
3955 4636 4207 4715 subiici,

2265 4735 2332 4791 et
2409 4747 2561 4792 eum
2632 4744 3021 4810 quocunque
3101 4724 3430 4790 vocaverit
3494 4721 3699 4805 sequi,
3780 4733 3847 4786 et
3907 4720 4211 4789 omnibus

2267 4811 2598 4878 mandatis
2654 4811 2866 4893 ipsius
2920 4829 3173 4876 morem
3232 4827 3490 4894 gerere:
3563 4808 3658 4874 sic
3714 4814 3790 4871 ut
3831 4815 4203 4874 metuamus

2265 4897 2399 4964 ulla
2442 4898 2515 4962 in
2559 4918 2632 4963 re
2674 4898 2892 4980 ipsum
2937 4894 3287 4961 offendere.
3377 4894 3966 4960 Verumenimvero
4010 4892 4204 4977 longe

2262 4983 2467 5050 alium
2523 4983 2822 5048 timorem
2879 4982 3127 5066 requiri
3185 5001 3381 5063 quam
3423 5000 3572 5045 eum
3618 4978 3699 5043 de
3742 5000 3873 5062 quo
3914 4976 4023 5045 hic
4065 4980 4206 5060 agi-

2265 5078 2376 5135 tur
2437 5067 2775 5135 sciendum
2834 5075 2953 5134 est.
3041 5067 3217 5132 Nam
3280 5066 3475 5130 timor
3539 5064 3646 5131 hic
3711 5065 3824 5147 qui
3889 5065 4202 5148 populum

2263 5154 2531 5235 invasit,
2619 5155 2743 5220 fuit
2814 5153 3162 5238 repentina
3241 5149 3559 5235 quaedam
3637 5150 3986 5216 commotio
4073 5171 4207 5233 qua

2265 5240 2547 5326 populus
2603 5240 2815 5307 iustus
2867 5240 2938 5308 in
2993 5259 3180 5305 arma
3237 5238 3390 5305 ruit.
3480 5233 3617 5304 Sed
3669 5237 3741 5302 in
3798 5236 3914 5303 illo
3978 5235 4225 5304 timore

3689 5337 3794 5393 42*
