5059 6059
314 341 422 408 429

308 527 461 600 coelo
531 531 591 592 et
652 524 810 591 solis
874 523 1221 608 splendore
1282 522 1492 607 magis
1557 522 1934 589 afficiuntur
1998 543 2192 606 quam

309 611 645 703 perturbato
697 619 765 677 et
819 611 1104 678 tenebris
1157 629 1379 693 opaco.
1466 607 1579 676 Sic
1622 609 1826 691 igitur
1868 627 2019 675 arca
2061 610 2191 674 soe-

310 702 474 777 deris,
542 695 668 762 Dei
732 696 1150 781 pulchritudo
1211 706 1280 761 et
1330 695 1538 762 virtus
1584 696 1949 774 vocabatur,
2023 693 2192 777 quod

309 805 471 854 suam
517 783 605 848 ibi
657 783 1085 867 praesentiam
1142 781 1466 847 Dominus
1523 779 1778 864 populo,
1831 781 1903 845 in
1957 780 2084 846 fide
2127 789 2194 846 et

308 869 675 958 poenitentia
731 868 1079 946 accedenti,
1136 867 1549 950 patefaceret.
1633 865 1734 933 Ac
1776 867 1925 932 licet
1966 866 2082 931 illa
2122 866 2193 931 in

305 955 559 1042 regionis
614 954 850 1020 ultima
901 963 1091 1038 parte
1132 954 1236 1020 vel
1280 952 1522 1037 angulo
1564 961 1755 1032 esset,
1815 963 2030 1017 tamen
2077 952 2191 1018 ad-

305 1063 507 1109 versus
544 1039 866 1124 quoslibet
909 1041 1129 1105 hostes
1170 1059 1399 1104 murus
1441 1045 1582 1103 erat
1623 1037 1930 1113 aheneus,
1976 1047 2045 1104 et
2085 1045 2189 1102 tu·

304 1129 597 1194 tissimum
633 1126 1193 1209 propugnaculum
1223 1144 1298 1190 ac
1329 1122 1722 1208 praesidium
1746 1123 1976 1189 fortius
1998 1143 2191 1206 quam

303 1212 601 1298 quaelibet
643 1210 797 1277 urbs
840 1211 1306 1277 munitissima:
1350 1219 1415 1275 et
1458 1209 1540 1275 ad
1580 1210 1866 1275 hostium
1901 1208 2189 1286 consilia,

300 1297 805 1377 machinationes,
848 1316 925 1363 ac
956 1316 1367 1380 quoscunque
1400 1297 1679 1379 impetus
1722 1294 2191 1378 propulsandos

300 1384 638 1452 utilissima.
725 1383 876 1448 Non
933 1393 1073 1448 erat
1128 1381 1386 1466 quidem
1442 1400 1591 1448 arca
1631 1380 1748 1446 illa
1786 1378 1917 1444 Dei
1960 1382 2189 1458 virtus,

299 1470 398 1536 sed
423 1470 599 1536 Deus
640 1468 781 1553 ipse
828 1468 967 1535 vim
1002 1488 1188 1534 suam
1223 1467 1357 1531 illio
1390 1466 1748 1532 exserebat.
1813 1464 1908 1531 At
1940 1467 2192 1549 capitur

297 1576 429 1622 arca
462 1554 600 1639 illa,
642 1564 709 1621 et
741 1553 924 1620 Deus
955 1553 1254 1637 captivus
1288 1551 1651 1619 abducitur.
1738 1551 1878 1618 Nae
1911 1572 1994 1617 ex
2029 1551 2189 1616 Phi·

293 1639 648 1706 listaeorum
688 1639 1018 1723 opinione:
1061 1639 1173 1706 sed
1219 1658 1370 1705 arca
1403 1639 1553 1705 licet
1585 1645 1776 1721 capta
1810 1638 2024 1717 fuerit,
2061 1636 2191 1702 Dei

294 1735 485 1792 tamen
557 1727 772 1793 virtus
829 1745 1082 1791 summe
1133 1732 1361 1808 potens
1416 1744 1557 1790 sese
1604 1723 1916 1790 adversus
1971 1723 2189 1789 hostes

293 1811 580 1879 exseruit.
671 1811 807 1878 Nos
870 1830 1030 1876 vero
1091 1811 1244 1877 hinc
1302 1830 1538 1876 cavere
1600 1808 1791 1875 nobie
1845 1809 2187 1876 discamus.

293 1897 441 1964 Nam
499 1896 632 1963 etei
693 1895 971 1963 foederis
1033 1916 1253 1962 arcam
1318 1916 1451 1961 non
1512 1894 1887 1973 habeamus,
1944 1895 2014 1960 in
2058 1915 2190 1978 qna

289 2003 414 2049 sese
443 1982 637 2048 nobis
673 1983 1027 2066 propitium
1058 1981 1279 2047 adfore
1313 1982 1497 2047 Deus
1529 1981 1924 2065 polliceatur,
1965 1989 2188 2045 tamen

290 2068 587 2134 habemus
656 2069 1052 2135 certissimas
1121 2078 1308 2133 notas
1364 2067 1531 2133 velle
1591 2066 1806 2150 ipsum
1860 2067 1933 2131 in
1975 2065 2187 2131 medio

289 2161 559 2220 nostrum
616 2152 929 2233 habitare,
987 2173 1187 2236 quum
1235 2153 1507 2218 verbum
1549 2152 1752 2235 ipsius
1796 2173 1958 2236 pure
2001 2150 2189 2216 nobis

289 2240 719 2318 annuntiatur,
778 2246 844 2304 et
885 2247 1291 2305 sacramenta
1332 2240 1582 2304 sincere
1624 2236 2188 2303 administrantur.

288 2324 475 2392 Vivae
523 2334 694 2392 sunt
745 2325 921 2389 enim
978 2323 1132 2390 illae
1187 2325 1505 2408 imagines
1558 2326 1629 2388 in
1686 2323 1917 2407 quibus
1960 2323 2190 2388 faciem

286 2410 410 2477 eius
461 2410 894 2493 contemplari
951 2409 1137 2476 nobis
1173 2409 1362 2476 licet:
1420 2409 1533 2474 illa
1574 2419 1729 2475 sunt
1771 2407 2189 2492 pulchritudo

289 2495 472 2577 ipsine
502 2505 569 2563 et
605 2496 856 2575 virtus,
888 2515 1093 2579 quum
1128 2495 1441 2560 nimirum
1476 2515 1557 2560 ex
1589 2495 1722 2560 illis
1755 2494 2188 2577 agnoscimus,

288 2580 483 2647 Deum
558 2602 688 2647 nos
747 2582 818 2647 in
885 2601 1094 2647 unum
1158 2580 1470 2664 populum
1533 2580 1705 2646 velle
1767 2599 2188 2664 congregare,

288 2685 464 2749 quum
518 2675 829 2733 mutuam
885 2665 1063 2733 inter
1104 2687 1226 2732 nos
1269 2665 1675 2731 concordiam
1718 2664 2046 2731 fovemus:
2114 2686 2189 2730 ac

286 2753 425 2817 certi
464 2773 697 2819 snmus
736 2752 875 2819 fore
918 2759 996 2817 ut
1035 2751 1106 2816 in
1149 2771 1334 2816 suam
1378 2752 1649 2817 tutelam
1692 2760 1983 2834 receptos
2017 2771 2187 2814 nun-

286 2857 459 2920 quam
500 2839 798 2905 deserat:
852 2836 967 2904 sed
1010 2858 1239 2904 verum
1284 2846 1611 2921 pastorem
1657 2856 1813 2921 erga
1853 2856 2004 2902 suas
2047 2835 2189 2901 ovi-

285 2923 444 2990 culae
506 2932 686 3010 agat,
758 2922 1279 3007 quandoquidem
1343 2943 1463 2988 nos
1515 2924 1586 2987 in
1644 2924 1863 2987 ovium
1920 2941 2188 2988 suarum

285 3029 609 3076 umerum
650 3009 961 3092 ‚recipere
1013 3008 1320 3092 dignatus
1363 3017 1485 3090 est,
1539 3028 1739 3090 quare
1780 3008 1851 3072 in
1893 3008 2034 3072 eius
2075 3026 2189 3072 cu-

285 3113 408 3160 ram
458 3104 524 3162 et
563 3096 909 3163 carintem
950 3093 1423 3160 recumbamus.
1510 3092 1757 3159 Contra
1795 3114 1949 3159 vero
1991 3112 2190 3175 quum

286 3179 935 3334 {ffp'ibjmffssffi
972 3178 1062 3330 ἶ
1063 3178 2191 3348 ⁰:333.53⁰3{·.f2⁰.3512³¹22‡2.3

285 3286 631 3418 semum
690 3352 773 3418 ab
825 3351 956 3417 illis
1014 3350 1191 3418 velut
1246 3352 1314 3416 in
1359 3351 1657 3417 exsilium
1701 3349 1874 3432 pelli,
1941 3358 2007 3413 et
2047 3347 2192 3431 pul·

287 3435 711 3504 thritudinem
754 3457 830 3503 ac
886 3437 1202 3504 virtutem
1263 3436 1402 3502 eius
1444 3436 1527 3504 ab
1568 3436 1718 3514 illis,
1762 3443 2077 3518 quantum
2121 3435 2190 3498 in

285 3541 345 3588 se
397 3532 511 3604 est,
567 3525 643 3590 in
701 3522 1149 3606 captivitatem
1189 3522 1394 3587 mitti:
1460 3543 1579 3588 nec
1619 3522 1758 3587 fore
1801 3541 2016 3587 coram
2066 3519 2192 3585 Dei

286 3606 429 3675 solio
484 3610 713 3675 minus
769 3628 933 3686 reos,
998 3628 1193 3691 quam
1250 3608 1308 3673 si
1366 3607 1496 3672 Dei
1535 3607 1741 3690 ipsius
1784 3607 2188 3671 maiestatem

282 3689 543 3761 ludibrio
602 3694 1013 3761 habuissent.
1101 3697 1316 3777 Atque
1358 3713 1478 3759 nos
1522 3693 1592 3758 in
1633 3692 1746 3758 illa
1788 3700 2086 3775 tempora
2123 3699 2192 3755 et

282 3778 347 3843 in
399 3781 541 3847 illas
605 3800 926 3866 personas
974 3778 1355 3846 incidimus:
1421 3799 1574 3843 nam
1629 3778 1909 3855 obsecro,
1972 3796 2191 3842 nonne

287 3863 387 3930 ubi
440 3865 863 3950 evangelium
928 3866 1138 3930 fuerat
1200 3864 1662 3947 praedicatum,
1728 3863 1841 3929 nbi
1896 3861 2190 3928 sublatae

284 3954 785 4034 superstitiones,
829 3949 942 4016 ubi
985 3952 1067 4016 ab
1108 3948 1408 4017 omnibus
1448 3949 1913 4034 pollutionibus
1945 3947 2191 4031 templa

281 4047 652 4124 expurgata,
709 4034 992 4104 vidimus
1048 4036 1374 4119 plerisque
1414 4035 1575 4103 locis
1614 4046 1951 4102 revocatas
1992 4032 2192 4099 idolo-

276 4123 515 4190 manias
568 4133 642 4190 et
700 4123 1057 4204 restitutas,
1120 4130 1198 4187 ut
1253 4121 1376 4188 sibi
1436 4123 1557 4188 visi
1601 4123 1737 4186 sint
1775 4120 2051 4202 improbi
2090 4118 2188 4184 illi

277 4205 565 4276 homines
624 4208 709 4274 de
764 4208 1034 4276 vivente
1091 4207 1233 4273 Deo
1275 4205 1726 4291 triumphare?
1783 4206 2007 4288 Quare
2048 4224 2188 4271 cer-

272 4298 403 4359 tum
452 4303 556 4362 ew
598 4314 713 4360 eos
755 4313 983 4359 omnes
1025 4293 1137 4376 qui
1179 4293 1250 4357 in
1291 4294 1453 4359 istas
1495 4291 1903 4360 confusiones
1944 4291 2189 4357 incide-

274 4387 438 4458 runt,
481 4400 711 4447 coram
749 4379 895 4444 Deo
927 4378 1131 4446 fuisse
1153 4378 1360 4443 divini
1381 4386 1789 4461 contemptus
1810 4398 1971 4443 reos.
2055 4377 2188 4442 Ne-

273 4483 387 4547 que
439 4467 621 4532 enim
666 4472 879 4548 potest
921 4464 1103 4530 Deus
1145 4465 1336 4530 aliter
1377 4484 1570 4547 quam
1611 4466 1685 4528 in
1728 4462 1994 4530 Christo
2033 4462 2189 4529 Iesu

272 4559 333 4614 et
400 4551 736 4636 evangelii
813 4550 1289 4634 praedicatione
1370 4549 1691 4633 cognosci.
1782 4548 1912 4616 Sed
1992 4548 2188 4630 unde,

271 4654 518 4718 quaeso,
566 4635 724 4702 talis
766 4635 1056 4703 confusio
1098 4637 1222 4702 nisi
1266 4636 1349 4702 ab
1392 4636 1730 4701 hominnm
1765 4633 2016 4700 malitia
2049 4654 2188 4699 ma-

269 4722 496 4789 navit?
556 4723 770 4788 Porro
826 4742 1028 4805 quum
1071 4742 1154 4788 ex
1196 4721 1327 4787 Dei
1367 4722 1566 4788 verbo
1609 4720 1914 4787 certiores
1957 4721 2189 4785 fiamus

271 4825 376 4874 eos
416 4810 533 4893 qui
574 4807 921 4892 evangelio
952 4805 1243 4891 improbe
1278 4808 1655 4886 abutuntur,
1700 4816 1767 4872 et
1799 4805 2018 4870 Deum
2051 4806 2188 4871 suis

270 4894 572 4974 operibus
592 4894 945 4977 abnegant,
968 4913 1113 4960 reos
1145 4913 1288 4959 esse
1308 4913 1527 4958 coram
1550 4893 1855 4973 Domino,
1877 4899 2188 4974 tanquam

270 4977 325 5042 si
363 4978 587 5044 Deum
631 4979 758 5064 ipsi
792 4980 1126 5062 captivum
1159 4978 1572 5059 abducerent,
1613 4985 1680 5044 et
1712 4998 1952 5044 nomen
1986 4977 2190 5060 ipsius

268 5062 668 5147 blasphemis
700 5064 964 5131 vocibus
997 5064 1348 5145 laederent,
1383 5063 1743 5132 cavendnm
1781 5082 2190 5146 summopere

268 5167 352 5214 ne
407 5169 565 5216 oum
622 5150 703 5217 iis
752 5151 1219 5233 conspiremus,
1276 5150 1391 5215 sed
1447 5151 1665 5233 potius
1722 5149 1937 5215 danda
1977 5147 2191 5214 omnis

270 5253 461 5319 spera
501 5243 584 5303 ut
628 5243 696 5301 et
736 5235 1119 5303 damnemus
1160 5243 1228 5302 et
1270 5234 1668 5304 detestemur
1709 5255 1837 5313 eos,
1880 5256 1957 5302 ac
1998 5235 2070 5300 in
2112 5232 2192 5299 ti·

1614 334 1717 401 IN
1749 335 1804 401 1.
1848 333 2030 401 LIB.
2076 332 2475 402 SAMUEL.
2519 333 2715 404 CAP.
2756 334 2879 405 IV.

4100 340 4237 408 4230

2298 544 2481 589 more
2523 529 2593 589 et
2632 523 3040 593 solicitudine
3072 547 3431 608 versemur,
3473 526 3750 594 seientes
3787 528 4000 594 Deum
4036 529 4229 601 iustis

2301 609 2456 674 olim
2492 612 2719 692 poenis
2754 632 2872 678 nos
2906 633 3039 679 non
3073 613 3292 679 minus
3325 633 3520 696 quam
3551 613 3889 679 Israelitas
3913 615 4226 688 ulturum.

2298 695 2441 760 Vae
2484 709 2704 761 autem
2752 697 2941 764 nobis
2974 700 3032 766 si
3066 700 3134 765 in
3171 698 3300 763 Dei
3334 699 3565 764 ultoris
3605 719 3681 765 ac
3716 699 3945 767 iudicis
3988 723 4227 771 manus

2296 781 2739 849 inciderimus.
2825 783 2970 851 Nae
3021 786 3203 851 mille
3254 783 3461 850 modis
3506 785 3719 867 perire
3761 785 4077 852 mundum
4122 811 4225 856 sa-

2297 865 2429 932 tius
2480 876 2672 953 esset,
2736 889 2931 951 quam
2996 880 3220 937 nostra
3275 871 3465 952 culpa
3505 869 3636 935 Dei
3679 891 3914 936 nomen
3958 873 4028 937 in
4073 894 4225 940 con-

2296 961 2621 1036 temptum
2668 954 2896 1022 venire
2940 957 3237 1022 veritatis
3277 957 3484 1039 ipsius
3541 956 4025 1022 coniuratorum
4071 959 4221 1026 hos-

2296 1038 2496 1103 tium:
2550 1038 2722 1122 quod
2764 1039 2821 1107 si
2863 1042 3286 1125 contingeret,
3328 1041 3571 1105 malum
3609 1041 3880 1123 perinde
3928 1055 4100 1110 esset
4148 1066 4224 1113 ao

2295 1124 2352 1189 si
2408 1123 2593 1191 Deus
2649 1125 2732 1191 ab
2784 1125 2918 1192 illis
2973 1128 3365 1194 vinceretur.
3453 1126 3897 1207 Quamobrem
3940 1128 4063 1196 hoc
4107 1153 4226 1197 ex·

2295 1210 2510 1293 emplo
2567 1210 2741 1277 docti
2795 1211 3144 1296 sapiamus,
3202 1221 3271 1278 et
3322 1213 3391 1278 in
3449 1223 3628 1278 metu
3671 1231 3749 1277 ao
3791 1212 4225 1283 sollicitudine

2295 1296 2710 1375 retineamur,
2769 1318 2845 1364 ac
2890 1298 3212 1382 duplicem
3255 1298 3410 1364 hinc
3452 1297 3801 1363 utilitatem
3846 1298 4016 1365 hano
4058 1303 4225 1368 refe-

2293 1402 2536 1447 ramus.
2623 1382 2723 1448 Ac
2779 1382 3059 1465 primum
3117 1383 3377 1467 quidem
3421 1403 3829 1466 summopere
3871 1405 4223 1453 caveamus

2295 1488 2379 1532 ne
2421 1468 2719 1534 collatam
2768 1468 2840 1533 in
2873 1491 2995 1535 nos
3026 1469 3155 1535 Dei
3190 1470 3466 1554 gratiam
3502 1489 3790 1552 unquam
3828 1470 4218 1539 reiiciamus.

2294 1550 2552 1619 Deinde
2605 1561 2785 1620 certo
2837 1556 3132 1639 persuasi
3172 1558 3377 1622 simus
3419 1575 3539 1621 nos
3583 1556 3708 1620 Dei
3749 1556 3963 1639 gratia
4005 1558 4220 1638 fretos,

2294 1640 2548 1704 etiamsi
2609 1647 2787 1706 totus
2847 1639 3197 1706 adversum
3250 1661 3368 1706 nos
3410 1640 3581 1706 orbis
3624 1641 4017 1724 conspirarit
4059 1665 4222 1709 nuu-

2293 1745 2488 1807 quam
2531 1724 2996 1805 destituendos,
3040 1726 3154 1792 sed
3198 1726 3357 1792 satis
3397 1725 3626 1791 auxilii
3660 1735 3725 1791 et
3760 1725 4069 1809 praesidii
4103 1729 4218 1794 ad-

2292 1830 2522 1876 versus
2565 1810 2884 1893 quoslibet
2923 1812 3211 1879 insultus
3253 1813 3323 1877 in
3367 1811 3509 1877 Deo
3553 1831 3674 1876 nos
3719 1809 4075 1893 habituros,
4142 1822 4219 1880 ut

2294 1896 2655 1979 quicunque
2694 1918 2881 1963 casus
2922 1898 3294 1975 acciderint,
3337 1907 3553 1962 tamen
3598 1895 4022 1979 imperterriti
4064 1899 4219 1966 sub·

2293 1982 2621 2048 sistamus.
2707 1983 2956 2049 Contra
2997 2005 3116 2051 nos
3156 1985 3395 2049 misere
3438 1981 3762 2064 perituros
3803 1983 4101 2063 sciamus,
4160 1985 4219 2051 si

2294 2066 2538 2134 divinis
2593 2069 2921 2136 beneficiis
2966 2077 3034 2135 et
3072 2070 3302 2153 gratiis
3344 2067 3528 2134 abusi
3571 2068 3902 2147 fuerimus,
3964 2079 4031 2135 et
4073 2092 4219 2137 nos-

2295 2163 2398 2217 tra
2438 2153 2917 2236 ingratitudine
2960 2155 3217 2239 sepulta
3259 2155 3328 2220 in
3372 2154 3562 2219 nobis
3602 2153 3941 2233 iacuerint,
3985 2163 4052 2221 et
4094 2156 4216 2220 im-

2293 2238 2511 2322 probis
2573 2247 2641 2305 et
2702 2240 3040 2324 flagitiosis
3107 2240 3480 2306 hominibus
3544 2240 3944 2305 occasionem
4007 2238 4218 2307 divini

2293 2323 2575 2389 nominis
2630 2324 3104 2409 proscindendi,
3170 2333 3238 2392 et
3280 2325 3637 2391 maiestatis
3679 2324 3888 2407 ipsius
3930 2337 4219 2393 contem-

2294 2409 2546 2475 nendae
2633 2420 2860 2476 nostra
2949 2411 3143 2495 culpa
3237 2410 3748 2495 praebuerimus.
3867 2410 4222 2478 Caeterum

2294 2503 2360 2560 et
2416 2494 2531 2559 illa
2586 2495 2939 2579 prophetae
2993 2497 3197 2563 verba
3254 2498 3324 2561 in
3384 2496 3668 2563 Psalmis
3723 2506 4023 2562 accurate
4064 2504 4221 2563 sunt

2292 2580 2715 2662 observanda,
2749 2602 2947 2664 quum
2985 2583 3219 2649 dicitur
3239 2580 3418 2648 Deus
3438 2581 3744 2665 repulisse
3761 2582 4221 2647 tabernaculum

2291 2686 2479 2732 suum
2542 2666 2699 2744 Silo,
2757 2666 3221 2734 tabernaculum
3275 2687 3461 2734 suum
3503 2667 3610 2732 ubi
3652 2666 3962 2733 habitavit
4002 2667 4069 2732 in
4114 2667 4219 2735 Ῑιο-

2292 2752 2584 2819 minibus.
2672 2751 2930 2833 Quibus
2972 2753 3277 2819 docemur
3318 2752 3462 2818 Deo
3508 2752 3590 2817 ab
3632 2752 4003 2818 hominibus
4046 2774 4221 2820 rece-

2294 2837 2493 2915 denti,
2538 2836 2704 2902 nihil
2748 2847 2964 2904 tamen
3009 2839 3333 2905 decedere.
3420 2837 3652 2921 Neque
3695 2839 3868 2902 enim
3909 2836 4049 2905 Silo
4084 2837 4216 2903 Dei

2292 2923 2415 2988 fuit
2477 2923 2989 3005 tabernaculum,
3051 2924 3121 2990 in
3186 2943 3316 3008 quo
3378 2930 3689 3006 tanquam
3756 2923 3944 2988 domo
4001 2922 4219 3006 aliqua

2296 3007 2642 3090 habitaret,
2684 3009 2795 3074 sed
2837 3009 2909 3074 in
2954 3029 3082 3093 quo
3126 3010 3556 3092 praesentiam
3600 3028 3788 3074 suam
3831 3008 4067 3091 populo
4110 3007 4218 3073 de-

2293 3101 2705 3159 monstraret.
2794 3093 2938 3161 Sibi
2995 3115 3152 3161 vero
3204 3094 3515 3179 populum
3559 3093 3734 3159 hunc
3777 3093 3845 3158 in
3891 3092 4215 3176 peculium

2294 3180 2599 3263 elegerat,
2659 3186 2727 3244 et
2780 3201 2938 3247 suae
2981 3180 3443 3252 beneficentiae
3484 3179 3854 3245 testimonia
3896 3180 3966 3244 in
4009 3188 4217 3245 totam

2293 3264 2588 3349 ipsorum
2643 3264 2976 3349 regionem
3020 3265 3356 3347 effuderat,
3398 3265 3559 3331 adeo
3601 3275 3678 3330 ut
3718 3265 4030 3348 quamdiu
4075 3285 4217 3331 sese

2293 3350 2565 3433 populus
2607 3350 2677 3415 in
2723 3352 2933 3417 officio
2976 3351 3317 3428 continuit,
3364 3350 3613 3415 tamdiu
3657 3351 3745 3417 sit
3786 3350 3973 3416 illum
4019 3351 4215 3416 bene-

2294 3437 2489 3502 ficum
2556 3445 2622 3501 et
2685 3437 3033 3520 propitium
3097 3445 3427 3520 expertus.
3515 3438 3736 3520 Atque
3800 3436 3923 3503 hac
3967 3436 4218 3501 ratione

2294 3519 2478 3586 Deus
2512 3521 2686 3586 inter
2718 3522 2860 3587 illos
2896 3543 3089 3588 suum
3113 3521 3352 3587 dicitur
3375 3521 3680 3587 habuisse
3702 3519 4213 3587 tabernaculum.

2293 3607 2430 3672 Nos
2470 3627 2628 3672 vero
2674 3608 2980 3689 peculiari
3025 3608 3300 3691 quadam
3341 3608 3597 3672 ratione
3639 3605 3855 3671 Deum
3891 3606 4068 3672 inter
4099 3625 4221 3672 noe

2293 3692 2489 3758 etiam
2567 3691 2860 3759 habitare
2924 3694 3222 3773 sciamus,
3309 3713 3511 3777 quum
3577 3693 3988 3777 evangelium
4053 3712 4221 3792 pure

2291 3776 2703 3862 praedicatur
2758 3785 2826 3842 et
2880 3787 3286 3844 sacramenta
3340 3777 3621 3843 fideliter
3670 3799 3753 3852 ex
3798 3776 4072 3843 Domini
4112 3776 4220 3841 in-

2293 3863 2517 3929 stituto
2574 3862 3133 3931 administrantur.
3219 3863 3446 3946 Neque
3505 3884 3660 3929 vero
3705 3863 3837 3928 tale
3877 3861 4057 3929 istud
4102 3860 4218 3928 do-

2290 3949 2602 4016 micilium
2662 3949 2846 4016 nobis
2902 3951 3247 4036 fingamus,
3309 3948 3392 4013 ad
3447 3948 3617 4032 quod
3660 3950 3874 4015 virtus
3908 3949 4110 4032 ipsius
4153 3956 4220 4013 et

2292 4035 2581 4117 potentia
2614 4034 2700 4101 sit
2735 4034 3017 4120 alligata.
3097 4035 3396 4118 Namque
3430 4055 3500 4099 se
3537 4055 3873 4118 nunquam
3908 4034 4003 4100 ita
4036 4034 4217 4099 Deus

2293 4119 2439 4186 ullis
2505 4121 2733 4206 alligat
2793 4121 3105 4206 personis,
3176 4121 3333 4205 quin
3400 4119 3656 4186 abillis
3700 4120 3957 4204 quando
4001 4118 4215 4183 visum

2290 4206 2490 4271 fuerit
2530 4205 2806 4285 recedat,
2847 4229 3049 4292 quum
3093 4207 3375 4273 nominis
3417 4205 3521 4272 sui
3566 4205 3836 4289 gloriam
3879 4204 4100 4270 venire
4143 4202 4212 4265 in

2291 4313 2519 4358 eorum
2596 4302 3031 4377 contemptum
3102 4292 3638 4359 animadvertent.
3729 4289 3948 4371 Quare
4019 4287 4214 4372 agite,

2292 4379 2460 4443 serio
2516 4377 2596 4443 de
2654 4378 2797 4444 istis
2852 4379 3244 4464 cogitemus:
3315 4398 3391 4444 ac
3445 4378 3623 4442 omni
3678 4374 3856 4440 fastu
3915 4379 3981 4438 et
4033 4392 4211 4438 arro·

2291 4463 2519 4548 gantia
2586 4462 2894 4546 deposita,
2960 4463 3040 4529 de
3104 4463 3287 4529 nobis
3345 4462 3632 4528 modeste
3676 4459 4054 4538 sentientes,
4119 4456 4213 4523 sio

2293 4568 2509 4614 coram
2553 4548 2695 4631 ipso
2741 4549 3164 4624 ambulemus,
3210 4559 3283 4612 ut
3338 4570 3410 4614 re
3451 4549 3594 4632 ipsa
3649 4546 3867 4612 Deum
3909 4543 3981 4609 in
4024 4541 4213 4608 nobis

2291 4634 2585 4700 habitare
2629 4635 3054 4718 conspicuum
3096 4633 3395 4700 omnibus
3437 4632 3790 4699 faciamus:
3848 4638 4022 4693 certo
4065 4648 4214 4711 per-

2292 4721 2468 4789 suasi
2502 4720 2640 4785 sore
2673 4729 2751 4784 ιιι
2792 4721 2852 4786 si
2894 4715 3066 4785 inter
3107 4741 3226 4786 nos
3268 4718 3665 4784 domicilium
3710 4714 3999 4799 elegerit,
4043 4733 4213 4778 nun-

2291 4828 2483 4892 quam
2543 4803 2623 4870 ab
2664 4804 2825 4888 ipso,
2885 4813 3095 4871 terrae
3139 4805 3289 4871 licet
3330 4804 3578 4871 coelum
3621 4803 3987 4875 misceatur,
4034 4797 4211 4863 dese-

2290 4912 2547 4959 ramur:
2614 4890 2726 4957 sed
2791 4892 3007 4973 potius
3062 4899 3317 4974 patrem
3362 4888 3710 4972 propitium
3761 4884 4211 4968 experiamur:

2291 4988 2357 5044 et
2391 4978 2704 5043 adversus
2739 4996 3156 5059 quoscunque
3189 4995 3374 5042 casus
3407 4981 3804 5039 servatorem
3830 4970 4208 5036 sentiamus.

2292 5062 2419 5129 His
2459 5063 2679 5145 itaque
2714 5063 2998 5128 contenti
3034 5060 3283 5145 placide
3316 5058 3860 5140 conquiescamus,
3905 5063 3980 5121 ut
4013 5075 4210 5139 quae-

2291 5168 2549 5232 cunque
2609 5147 2913 5213 bonitatis
2977 5167 3134 5230 erga
3197 5165 3318 5210 nos
3381 5164 3538 5208 suae
3601 5143 3783 5207 Deus
3839 5141 4210 5207 testimonia

2293 5234 2478 5302 nobis
2511 5233 2830 5314 ostendat,
2865 5233 2946 5299 de
2977 5232 3185 5316 ipsius
3217 5228 3588 5314 praesentia
3619 5226 3783 5294 certi
3814 5227 4018 5294 simus
4037 5247 4209 5293 nun·
