5059 6059
823 360 951 427 427
2465 351 2877 421 HOMILIA
2918 352 3150 420 XVII.
4609 358 4702 425 428

824 549 948 615 sibi
1005 545 1186 630 prius
1240 546 1313 611 in
1367 543 1761 609 domicilium
1802 540 2036 618 locum,
2080 541 2153 606 in
2195 561 2319 624 quo
2362 561 2518 607 suae
2562 562 2752 625 prae·

826 635 1074 701 sentiae
1135 638 1204 696 et
1265 629 1768 713 pulchritudinis
1833 636 2118 694 exstaret
2179 626 2504 711 peculiare
2565 628 2750 693 testi-

827 721 1139 798 monium,
1199 716 1659 781 derelicturum
1705 723 1773 779 et
1815 735 1856 779 a
1898 734 1968 779 se
2012 713 2274 778 omnino
2318 712 2749 795 repulsurum.

826 807 920 871 Et
981 805 1103 870 hoc
1166 803 1558 867 nominatim
1617 800 1855 867 dicitur
1916 799 2118 865 fuisse
2182 799 2445 882 signum
2505 799 2643 863 irae
2686 805 2755 863 et

827 889 1299 956 maledictionis
1373 887 1634 953 divinae
1690 887 1761 951 in
1819 886 2130 950 miserum
2189 883 2367 950 hunc
2425 884 2753 968 populum,

829 997 1023 1060 quem
1077 984 1212 1039 tam
1271 974 1472 1038 durae
1515 973 1801 1050 cervicis,
1860 969 2309 1051 retractat-ium
2352 978 2418 1034 et
2459 970 2754 1035 inemen-

833 1061 1118 1128 dabilem
1190 1059 1382 1125 toties
1446 1067 1587 1123 erat
1650 1067 1979 1141 expertus.
2067 1055 2256 1136 Quae
2298 1054 2562 1138 quidem
2606 1075 2754 1137 pos·

832 1156 1044 1212 trema
1106 1144 1308 1211 verba
1363 1143 1717 1228 plurimum
1776 1143 1859 1210 ad
1918 1141 2116 1207 huius
2175 1140 2300 1207 loci
2363 1141 2753 1224 interpreta-

832 1233 1076 1298 tionem
1122 1230 1390 1308 faoiunt,
1449 1240 1523 1294 ut
1565 1250 1648 1294 ex
1691 1248 1767 1293 ea
1810 1228 2067 1311 qualem
2111 1235 2362 1310 oportet
2403 1226 2752 1291 utilitatem

829 1318 1211 1385 referamus.
1298 1315 1740 1397 Quamobrem
1812 1312 2186 1391 notandum,
2258 1334 2298 1377 a
2370 1312 2514 1377 Deo
2575 1322 2756 1377 tanta

833 1413 1055 1488 strage
1108 1402 1422 1486 populum
1478 1400 1923 1466 Israelitarum
1979 1399 2181 1464 fuisse
2235 1417 2631 1482 percussum,
2688 1407 2758 1461 et

836 1509 1056 1556 arcam
1119 1490 1328 1572 ipsam
1384 1507 1467 1552 ex
1510 1486 1716 1569 ipsius
1758 1486 2099 1550 voluntate
2142 1485 2213 1548 in
2254 1483 2756 1549 Philistaeorum

836 1593 1071 1640 manus
1134 1584 1390 1656 captam
1456 1570 1806 1651 devenisse,
1872 1579 1950 1635 ut
2011 1569 2323 1653 populum
2381 1568 2460 1634 de
2502 1577 2599 1633 tot
2639 1567 2753 1633 ad-

836 1660 1054 1726 missis
1136 1658 1764 1742 transgressionibus
1830 1657 2145 1737 totiesque
2208 1655 2499 1738 repetitis
2562 1654 2754 1720 casti-

835 1755 1053 1830 garet:
1108 1746 1281 1827 quod
1337 1744 1595 1825 saepius
1649 1763 1689 1806 a
1741 1741 2073 1825 prophetis
2112 1740 2503 1816 admonitus,
2563 1750 2631 1805 et
2672 1738 2755 1803 ad

838 1830 1306 1915 poenitentiam
1361 1828 1680 1913 agendam
1738 1827 2079 1906 invitatus,
2138 1824 2367 1891 surdas
2411 1846 2605 1891 aures
2647 1824 2758 1890 ad-

836 1915 1302 1982 monitionibus
1356 1914 1786 1997 praebuisset:
1848 1912 2186 1996 legemque
2244 1912 2470 1995 ipsam,
2515 1911 2589 1974 in
2630 1930 2758 1993 qua

835 2023 977 2068 sese
1014 2021 1342 2072 ‚exercere
1396 2011 1460 2063 et
1516 2020 1711 2083 quam
1763 2008 1917 2064 ante
1973 1998 2193 2062 oculos
2244 2006 2311 2061 et
2365 1998 2436 2061 in
2489 1996 2756 2062 auribus

836 2107 1094 2171 semper
1136 2085 1375 2151 habere
1410 2083 1701 2165 debebat,
1743 2105 1826 2149 ex
1862 2104 1994 2166 qua
2027 2083 2156 2149 Dei
2188 2082 2589 2148 voluntatem
2626 2081 2758 2146 dis-

836 2182 1033 2252 ceret,
1100 2181 1319 2237 tamen
1385 2191 1640 2237 summo
1703 2178 2077 2251 contemptu
2140 2167 2489 2233 habuisset.
2579 2166 2757 2247 Quin

836 2260 1032 2325 etiam
1106 2256 1189 2322 ad
1260 2264 1567 2339 paternas
1629 2254 1775 2320 illas
1842 2254 2310 2320 admonitiones
2371 2253 2760 2318 cohortatio-

834 2363 1099 2428 nesque,
1154 2341 1351 2407 etiam
1411 2341 1613 2406 variis
1655 2342 1903 2408 vicibus
1946 2340 2259 2422 repetitae
2301 2340 2758 2423 castigationes

835 2436 1262 2506 accesserant,
1309 2429 1449 2493 Deo
1491 2426 1682 2491 modo
1724 2426 2033 2510 populum
2068 2424 2138 2489 in
2173 2425 2551 2490 servitutem
2587 2424 2756 2506 capi-

837 2514 1300 2579 talissimorum
1386 2511 1670 2578 hostium
1748 2510 1961 2589 dante,
2048 2509 2238 2575 modo
2325 2509 2472 2575 aliis
2535 2510 2760 2592 poenis

842 2608 1208 2677 exercente,
1267 2605 1344 2663 ut
1378 2598 1489 2680 qui
1528 2598 1669 2662 Deo
1703 2596 1936 2662 subiici
1972 2605 2370 2674 recusarant,
2405 2594 2529 2660 etsi
2568 2596 2759 2661 toties

840 2684 926 2752 ad
969 2683 1304 2749 meliorem
1348 2684 1604 2766 frugem
1647 2683 1728 2748 ab
1772 2684 1911 2765 ipso
1938 2680 2235 2758 revocati,
2271 2679 2472 2746 variis
2506 2690 2574 2744 et
2605 2679 2759 2745 sub·

839 2769 994 2836 inde
1050 2769 1346 2854 repetitis
1388 2769 1633 2851 poenis,
1692 2776 1767 2833 ut
1809 2768 1866 2833 si
1908 2788 2041 2831 non
2084 2766 2167 2831 ad
2202 2766 2574 2844 secundam,
2630 2786 2760 2830 non

841 2855 923 2923 ad
977 2857 1256 2935 tertiam,
1312 2874 1447 2919 non
1504 2854 1587 2919 ad
1643 2861 1962 2937 quartam,
2020 2852 2253 2917 saltem
2309 2850 2393 2917 ad
2446 2851 2760 2935 quintam,

840 2949 1115 3018 sextam,
1152 2941 1497 3024 septimam
1533 2939 1793 3024 plagam
1825 2949 2262 3016 moverentur,
2298 2937 2433 3003 suis
2465 2937 2762 3003 hostibus

842 3028 1187 3105 servirent,
1275 3036 1343 3091 et
1406 3047 1447 3091 a
1508 3025 1679 3090 malo
1743 3024 2051 3091 desistere
2114 3023 2453 3089 discerent.
2541 3022 2762 3103 Quare

843 3112 1028 3178 Deus
1061 3133 1194 3177 non
1230 3111 1419 3176 aliter
1454 3131 1603 3177 cum
1647 3111 1881 3193 populo
1925 3129 2042 3176 suo
2087 3110 2244 3194 egit,
2285 3128 2480 3191 quam
2525 3108 2761 3191 magis-

842 3206 1058 3264 tratus
1100 3196 1369 3281 quilibet
1408 3216 1563 3262 cum
1604 3195 1967 3261 facinoroso
2001 3193 2301 3278 quopiam
2335 3215 2559 3277 quem,
2629 3193 2760 3259 vir·

842 3284 944 3368 gis
999 3303 1279 3361 caesum,
1338 3280 1570 3346 deinde
1626 3301 1762 3345 non
1818 3282 2303 3364 resipiscentem
2358 3280 2536 3346 auris
2586 3280 2761 3345 exci-

845 3370 1045 3446 sione,
1124 3377 1239 3433 aut
1302 3368 1431 3432 alia
1492 3387 1797 3448 corporea
1859 3387 2067 3449 poena
2106 3366 2370 3442 inflicta,
2453 3373 2761 3447 tanquam

843 3454 1067 3520 inusta
1136 3454 1389 3536 corpori
1447 3453 1840 3536 flagitiorum
1894 3453 2220 3531 memoria,
2291 3450 2373 3516 ad
2427 3450 2759 3515 meliorem

844 3549 1135 3604 mentem
1198 3558 1501 3604 revocare
1557 3538 1892 3602 niteretur.
1982 3535 2093 3605 Sic
2137 3537 2317 3602 Deus
2359 3557 2517 3620 erga
2558 3557 2762 3620 popu·

846 3624 985 3689 lum
1028 3645 1219 3688 suum
1258 3639 1334 3689 se
1367 3622 1589 3710 gessit,
1632 3622 1843 3688 modis
1885 3623 2187 3689 omnibus
2229 3642 2378 3688 eum
2423 3621 2502 3688 ad
2547 3643 2618 3688 se
2661 3643 2762 3688 re·

846 3709 1084 3774 ducere
1143 3717 1445 3776 conatus:
1519 3718 1974 3774 verumtamen
2029 3708 2139 3773 ille
2196 3728 2452 3790 semper
2506 3709 2763 3772 insueta

847 3794 1217 3878 pervicacia
1270 3801 1335 3858 et
1391 3794 1795 3861 contumacia
1849 3795 2154 3877 perrexit,
2210 3802 2286 3858 ut
2327 3792 2583 3858 nullum
2625 3813 2760 3858 am-

844 3878 1021 3962 plius
1074 3879 1360 3944 remedio
1412 3880 1622 3945 locum
1682 3879 2000 3963 reliquum
2044 3879 2289 3956 fecerit,
2346 3877 2458 3944 sed
2506 3877 2647 3943 Deo
2691 3899 2763 3944 se

846 3964 1352 4030 abominandum
1410 3985 1803 4047 exosumque
1860 3986 2125 4048 prorsus
2168 3963 2544 4030 reddiderit.
2629 3962 2760 4029 Sed

845 4050 1039 4153 agite,
1095 4051 1347 4130 fratres,
1388 4050 1518 4116 ista
1558 4050 1744 4116 nobis
1787 4051 2047 4133 propius
2088 4049 2507 4134 applicentur.
2593 4049 2762 4114 Nam

845 4157 903 4201 si
968 4135 1239 4219 quilibet
1282 4157 1365 4201 ex
1409 4136 1594 4201 nobis
1630 4136 1826 4201 altius
1869 4137 1937 4200 in
1979 4156 2051 4202 se
2095 4135 2514 4213 descenderit,
2572 4144 2640 4200 et
2681 4133 2765 4200 ad

846 4220 1110 4287 divinae
1172 4220 1338 4305 legis
1395 4220 1922 4304 perpendiculum
1977 4243 2129 4288 suas
2184 4222 2464 4286 offensas
2521 4241 2765 4304 appen-

848 4306 1037 4388 derit,
1094 4308 1331 4372 merito
1387 4327 1543 4373 sane
1584 4317 1847 4384 statuet,
1913 4327 2043 4371 non
2089 4305 2291 4372 semel
2332 4327 2373 4371 a
2414 4328 2486 4372 se
2526 4304 2764 4384 Deum,

847 4399 965 4458 aut
1007 4413 1143 4458 una
1184 4392 1438 4458 ratione
1472 4400 1901 4474 peccatorum,
1944 4401 2381 4476 provocatum,
2437 4392 2552 4458 sed
2589 4391 2766 4456 mille

848 4477 1060 4543 modis
1124 4478 1436 4545 adversus
1499 4479 1640 4543 eius
1704 4477 2108 4543 maiestatem
2171 4499 2212 4543 a
2275 4498 2346 4542 se
2409 4490 2762 4562 peccatum.

847 4563 986 4629 Nos
1030 4563 1309 4646 quidem,
1370 4565 1592 4640 fateor,
1638 4583 1847 4645 neque
1887 4564 2011 4628 Dei
2054 4564 2269 4643 verbo,
2315 4585 2523 4646 neque
2566 4583 2763 4628 evan-

850 4648 1096 4732 gelicae
1157 4649 1423 4716 veritati
1478 4668 1746 4731 prorsus
1803 4649 2114 4713 nuncium
2173 4649 2573 4714 remisimus:
2653 4647 2766 4713 sed

851 4734 1010 4817 quid
1064 4734 1339 4818 impedit
1392 4735 1741 4817 quominus
1797 4755 1871 4799 eo
1929 4733 2363 4813 deveniamus,
2430 4735 2557 4799 nisi
2598 4732 2767 4817 quod

851 4819 1064 4885 nostri
1108 4823 1469 4899 miseretur,
1530 4828 1598 4884 et
1640 4821 1883 4885 nostris
1924 4819 2381 4903 cupiditatibus
2426 4821 2608 4885 laxas
2651 4820 2767 4884 ha-

851 4905 1054 4972 benas
1113 4927 1243 4971 non
1298 4903 1662 4988 permittit?
1719 4904 1940 4986 Quare
1995 4907 2500 4989 quotiescunque
2555 4906 2765 4989 ipsum

850 4991 959 5057 vel
1015 4991 1358 5058 levissimis
1402 4991 1683 5075 peccatis
1725 4991 1795 5055 in
1839 5013 1957 5057 nos
1999 5012 2440 5074 provocamus,
2507 5012 2593 5056 an
2638 5011 2766 5055 non

851 5095 1198 5155 meremur,
1256 5088 1334 5142 ut
1376 5099 1495 5144 nos
1539 5077 1881 5142 derelictos
1921 5097 2037 5142 suo
2081 5091 2305 5143 sancto
2347 5078 2579 5160 spiritu
2622 5097 2768 5157 spo·

853 5159 973 5225 liet
1015 5169 1082 5226 et
1121 5172 1431 5245 tanquam
1477 5163 1674 5229 bruta
1717 5163 2074 5228 animantia
2116 5184 2237 5227 nos
2281 5163 2464 5228 nobis
2507 5162 2574 5227 in
2620 5182 2767 5226 noe-

850 5253 1030 5312 trum
1086 5248 1354 5315 exitium
1411 5247 1788 5333 permittat?
1849 5248 2053 5315 Porro
2109 5268 2315 5331 quum
2368 5247 2639 5332 quisque
2680 5248 2770 5314 si-

2855 541 3128 626 gillatim
3185 562 3327 606 sese
3381 541 3476 609 sic
3520 542 3895 624 explorarit,
3954 549 4021 608 et
4062 561 4182 607 sua
4223 549 4479 623 peccata
4513 547 4707 611 exami-

2857 628 3054 700 narit,
3094 627 3289 692 etiam
3331 628 3401 692 in
3443 648 3681 712 genere
3722 629 4046 695 fateamur
4086 634 4342 710 oportet
4376 634 4469 692 tot
4485 632 4711 711 peccatis

2854 714 3073 777 omnia
3141 712 3379 796 ubique
3456 713 3671 796 plena,
3747 724 3824 779 ut
3901 734 4157 780 summo
4235 713 4377 776 iure
4437 714 4711 784 nobiscnm

2854 797 3089 882 agendi
3127 800 3267 864 Deo
3302 799 3654 864 maximam
3690 799 4111 883 praebeamus
4145 798 4552 866 occasionem.
4620 802 4711 869 Rc-

2854 885 2998 967 quis
3038 905 3213 960 vero,
3255 884 3408 949 licet
3449 885 3708 967 saepius
3748 905 3789 949 a
3832 885 4120 950 Domino
4161 894 4491 968 correptus
4521 895 4581 951 et
4606 908 4712 953 cas·

2857 970 3117 1055 tigatus,
3165 977 3245 1033 ut
3297 968 3379 1034 ad
3414 981 3820 1052 peccatorum
3855 971 4294 1054 cognitionem
4328 969 4714 1052 adduceretur,

2857 1066 2925 1121 et
2987 1055 3267 1139 supplex
3330 1055 3545 1122 factus
3613 1057 3874 1122 veniam
3938 1077 4013 1123 ac
4077 1055 4516 1121 remissionem
4553 1057 4714 1141 impe·

2856 1150 3079 1221 traret,
3138 1152 3361 1206 tamen
3418 1142 3587 1206 serio
3636 1141 3715 1206 de
3772 1142 3905 1208 illis
3960 1141 4315 1224 cogitavit?
4367 1141 4580 1224 Itaque
4613 1164 4715 1209 me·

2857 1226 3083 1291 tuendi
3134 1247 3396 1293 causam
3455 1227 3805 1292 maximam
3863 1227 4194 1308 habemus,
4251 1236 4320 1292 et
4375 1227 4622 1293 cavendi
4653 1249 4716 1296 ne

2860 1314 2984 1379 Dei
3030 1312 3343 1396 patientia
3383 1312 3556 1377 velle
3597 1312 3780 1378 abuti
3825 1314 4184 1379 videamur.

3026 1398 3155 1464 Hic
3228 1418 3387 1464 vero
3466 1398 3700 1464 merito
3770 1408 4037 1481 quaerat
4112 1399 4366 1483 aliquis,
4492 1399 4719 1466 uomodo

2860 1483 3041 1549 Deus
3083 1504 3311 1566 passus
3355 1484 3439 1547 sit
3481 1504 3698 1549 arcam
3734 1484 3912 1549 illam
3948 1505 4134 1550 suam
4165 1484 4310 1568 capi
4347 1485 4430 1551 ab
4450 1419 4720 1566 inentibus,

2860 1579 2926 1633 et
2987 1581 3239 1652 captam
3306 1568 3555 1650 abduci,
3621 1569 4139 1653 quandoquidem
4203 1590 4356 1636 arca
4419 1569 4526 1634 illa
4573 1579 4723 1653 capta

2858 1655 3132 1737 ipsemet
3188 1663 3414 1736 captus
3471 1664 3536 1720 et
3579 1659 3648 1719 in
3693 1656 4098 1739 triumphum
4143 1657 4378 1723 ductus
4419 1654 4721 1722 videbatur.

2859 1744 2956 1805 Ao
2983 1761 3214 1805 revera
3239 1740 3552 1823 propheta
3577 1741 3646 1805 in
3669 1742 3948 1807 Psalmis
3976 1745 4068 1808 sic
4103 1741 4418 1825 loquitur,
4445 1740 4620 1816 Deus,
4647 1741 4724 1806 in·

2856 1827 3015 1908 quit,
3052 1825 3316 1891 tradidit
3353 1827 3423 1890 in
3455 1827 3865 1909 captivitatem
3885 1829 4166 1892 virtutem
4186 1848 4393 1908 mam,
4433 1825 4724 1907 etpumi-

2855 1913 3133 1978 tudine»
3187 1931 3373 1976 suam
3426 1913 3499 1976 in
3555 1932 3786 1977 mnus
3829 1913 4096 1979 inimici.
4184 1912 4404 1994 Quam
4459 1910 4618 1976 dictu
4650 1913 4724 1976 in·

2857 1996 3070 2063 solens
3113 1995 3288 2061 istud
3332 2017 3652 2080 quamque
3693 1999 4090 2064 inauditum!
4130 1996 4264 2066 Sed
4309 2010 4524 2063 tamen
4556 1997 4637 2061 ita
4660 1997 4727 2062 lo-

2858 2083 2964 2166 qui
3010 2082 3392 2166 prophetam
3436 2094 3689 2149 certum
3732 2092 3849 2161 est,
3895 2093 3972 2148 ut
4005 2084 4226 2168 populi
4261 2093 4520 2167 peccata
4550 2081 4728 2147 redar-

2859 2178 3105 2252 gueret,
3173 2178 3241 2233 et
3301 2188 3379 2233 eo
3442 2171 3747 2253 graviora
3813 2169 4087 2250 doceret,
4170 2168 4340 2253 quod
4405 2179 4537 2234 tum
4589 2167 4730 2232 illam

2857 2253 3108 2320 cladem
3172 2253 3682 2334 accersivissent,
3746 2276 3876 2337 qua
3938 2256 4203 2339 factum,
4266 2264 4342 2320 ut
4402 2256 4536 2338 ipse
4585 2251 4729 2317 Deus

2859 2340 3042 2405 velut
3095 2339 3394 2420 captivus
3458 2338 3542 2404 ab
3583 2339 3877 2407 hostibus
3919 2349 4273 2420 teneretur,
4327 2349 4401 2406 et
4439 2341 4508 2405 in
4545 2338 4730 2403 trium-

2859 2426 3065 2509 phum
3117 2424 3563 2490 abduceretur.
3653 2430 3743 2491 At
3784 2428 3980 2509 paulo
4023 2435 4172 2509 post
4215 2425 4588 2503 videbimus,
4637 2421 4732 2488 Dei

2860 2511 3106 2597 gloriae
3150 2511 3272 2576 bac
3314 2511 3691 2592 captivitate
3732 2533 3863 2576 non
3908 2512 4099 2578 modo
4141 2511 4307 2577 nihil
4351 2509 4660 2577 dedecoris
4684 2519 4733 2571 et

2863 2596 3256 2675 ignominiae
3317 2596 3431 2662 sed
3484 2595 3730 2680 gloriae
3782 2598 4137 2681 plurimum
4181 2597 4544 2664 accessisse.
4620 2591 4733 2660 nei

2862 2681 3240 2748 Philistaeis
3274 2681 3641 2764 incredulis,
3687 2685 3908 2761 fateor,
3944 2704 4251 2768 magnam
4285 2682 4565 2748 oblatam
4591 2698 4732 2745 occa·

2865 2768 3110 2833 sionem
3178 2768 3376 2834 fuisse
3429 2767 3640 2834 divini
3695 2768 3976 2834 nominis
4032 2770 4207 2834 omni
4265 2789 4506 2851 genere
4553 2771 4734 2832 contu·

2863 2853 3201 2917 meliarum
3272 2866 3337 2918 et
3406 2854 3850 2920 conviciorum
3905 2854 4252 2921 lacerandi.
4339 2852 4530 2935 Quod
4580 2851 4732 2916 etiam

2864 2959 3064 3021 quum
3119 2938 3345 3003 fecisse
3398 2939 3543 3004 illos
3598 2949 3868 3019 constet,
3922 2951 4144 3005 tamen
4201 2961 4332 3005 non
4393 2937 4590 3004 fnisse
4623 2934 4733 3000 diu-

2864 3034 3130 3089 turnam
3196 3023 3376 3088 illam
3431 3024 3744 3090 laetitiam
3788 3037 3857 3090 et
3897 3025 4326 3109 petulantiam
4372 3034 4610 3091 certum
4644 3024 4733 3096 est,

2865 3130 3058 3192 quam
3102 3129 3248 3174 care
3290 3109 3420 3174 illis
3462 3112 3823 3176 constitisse
3867 3111 4170 3193 deinceps
4215 3109 4591 3188 videbimus,
4627 3106 4735 3172 Deo

2866 3216 2995 3295 npn
3040 3197 3472 3296 permittente.
3500 3195 3867 3296 utediutius
3907 3198 4396 3296 insolescerent,
4439 3196 4585 3280 quin
4621 3209 4735 3276 gn·

2863 3302 2998 3430 {²05⁸
2999 3279 4562 3452 ¹333&23¹¹⁸.;}312‘13m.3;{¹‚2¹⁰2201333¹.⁰„0⁸¹
4575 3280 4738 3429 22ss

2865 3460 3029 3517 rent.
3118 3451 3373 3516 Videtis
3431 3463 3503 3518 ut
3563 3453 3709 3535 plus
3752 3453 3996 3538 gloriae
4041 3454 4366 3519 Dominus
4407 3453 4495 3519 sit
4532 3448 4737 3516 exista

2862 3537 3242 3620 captivitate
3312 3558 3504 3620 quam
3571 3537 3900 3604 dedecoris
3952 3548 4410 3622 consequutus,
4480 3534 4635 3621 quod
4675 3550 4737 3596 ex

2866 3624 3281 3707 sequentibus
3323 3624 3625 3707 deinceps
3659 3626 3770 3689 fiet
3805 3625 4003 3689 etiam
4037 3626 4274 3690 notius.
4341 3620 4736 3706 Quamobrem

2864 3710 2986 3774 etsi
3022 3709 3425 3775 inimicorum
3462 3711 3707 3790 sannis,
3744 3710 4054 3788 ludibriis,
4088 3710 4400 3777 conviciis
4422 3706 4737 3792 expositum

2868 3794 2990 3860 Dei
3037 3815 3276 3859 nomen
3321 3795 3648 3861 videatur:
3696 3806 3913 3863 tamen
3950 3797 4053 3863 vel
4088 3795 4173 3862 ab
4204 3796 4439 3861 invitis
4471 3789 4737 3885 hostibus

2866 3892 3160 3945 servator
3240 3883 3611 3963 agnoscitur
3685 3891 3752 3947 et
3807 3882 4196 3947 Iudaeorum
4252 3879 4444 3948 Deoe
4495 3875 4742 3973 tutelam

2866 3967 3257 4049 agnoscitur.
3346 3965 3523 4047 Quid
3581 3988 3735 4033 vcro
3791 3969 4051 4051 captivo
4108 3967 4524 4044 insultarent,
4594 3976 4740 4027 colu!

2869 4062 3008 4116 tum
3074 4052 3356 4118 maxime
3422 4055 3563 4118 visa
3627 4062 3730 4119 est
3793 4053 4132 4119 tremenda
4195 4048 4534 4137 potentia?
4595 4047 4740 4113 'Pam

2868 4138 3042 4202 enim
3108 4138 3391 4202 maxime
3456 4137 3796 4205 Philistaei
3859 4147 4204 4205 senserunt
4263 4159 4336 4206 se
4392 4140 4664 4222 impuros
4691 4133 4741 4227 ’g‘

2869 4223 3163 4305 pollutos,
3220 4233 3284 4288 et
3340 4223 3641 4307 indignos
3699 4225 3812 4308 qui
3869 4246 4006 4290 rem
4053 4236 4188 4290 tam
4230 4244 4488 4292 sacram
4527 4229 4592 4288 et
4624 4213 4740 4316 td}-

2871 4309 3116 4391 giosam
3193 4308 3664 4393 contingerent.
3752 4310 3975 4392 Quare
4037 4309 4316 4376 abducta
4377 4309 4451 4375 in
4512 4313 4738 4389 captm·

2871 4403 3068 4457 tatem
3128 4414 3276 4459 arca
3337 4395 3630 4475 foederis,
3690 4418 3821 4462 non
3877 4398 4016 4480 ipse
4075 4397 4255 4462 Deus
4298 4394 4608 4462 abductus
4641 4391 4739 4453 00⁸2

2869 4478 2981 4543 sed
3041 4488 3258 4543 tamen
3301 4479 3619 4546 Israelitis
3665 4482 3785 4546 boc
3829 4484 4064 4548 factum
4107 4481 4486 4564 imputatur,
4543 4475 4616 4544 ad
4650 4472 4739 4537 fin·

2869 4564 3172 4647 gitiorum
3212 4567 3713 4631 immensitatem
3749 4567 4295 4652 exaggerandam,
4332 4567 4567 4650 quibus
4598 4560 4739 4626 Dea·

2869 4660 3251 4732 provocatus
3313 4651 3522 4716 fuerat
3579 4652 3896 4718 adversus
3952 4654 4145 4737 ipsos,
4209 4653 4395 4736 quasi
4436 4645 4740 4727 sacrilegae

2868 4735 2964 4802 illi
3045 4736 3165 4800 Dei
3236 4737 3636 4801 maiestatem
3697 4738 3989 4804 hostibus
4041 4739 4497 4822 prodidissent.
4575 4733 4740 4799 Porro

2868 4842 3019 4887 arca
3073 4822 3348 4886 foederis
3392 4831 3659 4888 vocatur
3701 4823 3829 4890 Des·
3859 4824 4259 4908 pulchritudo
4298 4829 4356 4889 et
4397 4822 4527 4889 Dei
4563 4819 4740 4888 virtut

2915 4906 3038 4971 uod
3109 4909 3367 4991 signum
3432 4921 3607 4973 esset
3670 4911 4070 4991 praesentiae
4124 4911 4344 4993 ipsius,
4411 4908 4575 4974 sicut
4621 4905 4739 4966 πω

2868 4929 3233 5059 docuimus.
3275 4993 3508 5075 Itaque
3552 4995 3608 5060 si
3643 4996 3790 5077 quis
3824 5017 3905 5062 ex
3944 4994 4127 5080 plebe
4161 5015 4457 5062 moerore
4435 4986 4741 5146 ff

2869 5079 3150 5144 afflictus
3193 5090 3260 5144 et
3301 5081 3678 5163 profligatus
3722 5081 3805 5147 ad
3847 5103 4062 5148 arcam
4097 5092 4399 5148 oraturus
4618 5075 4740 5141 &0¹¹

2872 5184 3000 5229 non
3067 5165 3286 5229 minus
3342 5165 3772 5245 recreabatur,
3843 5189 4037 5251 quam
4095 5168 4152 5234 si
4193 5166 4377 5233 Deus
4419 5167 4554 5250 ipse
4592 5173 4738 5245 pm·

2870 5269 3023 5316 sens
3096 5250 3472 5318 adstitisset.
3560 5250 4121 5333 Quemadmodum
4193 5252 4488 5320 homines
4554 5255 4739 5316 serem
