5059 6059
312 319 388 385 25
1591 317 1691 384 IN
1736 318 1793 383 1.
1840 317 2019 384 LIB.
2064 317 2464 385 SAMUEL.
2506 316 2706 385 CAP.
2750 313 2949 381 XIII.
4172 315 4262 381 26

310 522 431 577 tam
486 507 614 573 acri
670 505 1180 589 reprehensione
1234 505 1563 572 Samuelis
1606 506 1947 584 offensum,
2010 526 2219 573 reces-

306 599 467 664 sisse.
551 590 683 658 Sed
758 591 1123 659 cavendum
1183 613 1268 658 ne
1324 591 1500 658 illius
1558 591 1894 658 imitemur
1952 593 2218 659 festina·

309 682 547 752 tionem,
581 676 918 761 multoque
948 679 1168 744 minus
1191 678 1606 744 rebellionem
1631 688 1700 744 et
1720 680 2218 756 contumaciam,

307 770 370 834 in
411 784 596 848 quam
638 784 709 829 se
753 765 1173 847 praecipitem
1217 763 1415 829 dedit.
1462 763 1631 830 Nam
1680 763 2004 830 horrenda
2038 764 2220 829 dein-

306 874 442 937 ceps
508 850 799 915 confusio
863 852 929 915 in
986 852 1194 934 ipsius
1248 862 1444 933 caput
1498 863 1565 915 et
1624 866 1915 933 posteros
1970 850 2218 915 incidit.

306 939 509 1020 Quare
571 935 1087 1018 quotiescunque
1148 936 1330 1001 Deus
1388 938 1603 1003 acrius
1660 958 1782 1001 nos
1837 934 2218 1018 increpabit,

303 1023 526 1090 dociles
569 1032 825 1085 mentes
870 1020 1126 1086 adferre
1169 1021 1522 1088 discamus:
1569 1035 1791 1087 nostro
1837 1023 2010 1086 enim
2047 1041 2218 1087 com·

305 1110 477 1175 modo
544 1108 641 1183 fit,
728 1117 804 1172 ut
866 1127 1124 1172 summo
1190 1109 1330 1171 iure
1395 1108 1732 1173 nobiscum
1803 1108 1982 1173 Deus
2047 1118 2217 1188 agat,

299 1214 520 1276 nempe
562 1204 637 1257 ut
679 1192 1114 1270 absolvamur,
1160 1201 1226 1257 et
1272 1214 1357 1257 ne
1398 1195 1466 1257 in
1516 1192 1808 1258 ultimam
1854 1193 2033 1258 illam
2070 1213 2217 1258 con-

301 1279 792 1355 demnationem,
838 1279 1139 1343 omnibus
1182 1279 1673 1345 contumacibus
1717 1292 1783 1343 et
1827 1281 1892 1343 in
1939 1279 2218 1362 peccatis

296 1388 428 1433 sese
468 1362 967 1430 obfirmantibus
1011 1376 1306 1446 paratam
1349 1364 1731 1430 incidamus.

453 1450 771 1532 Sequitur
813 1448 1115 1534 deinceps
1159 1451 1427 1533 gravius
1471 1471 1680 1533 poena
1714 1470 1911 1533 quam
1949 1448 2217 1516 Saulem

297 1557 546 1603 manere
592 1534 864 1602 Samuel
909 1536 1095 1602 docet
1139 1535 1243 1602 his
1288 1535 1537 1601 verbis:
1608 1534 1779 1601 Certe
1819 1536 2223 1602 stabilivisset

297 1623 517 1688 Iehova
582 1641 846 1704 regumn
903 1627 1079 1686 tuum
1138 1622 1311 1704 apud
1355 1621 1690 1687 Israslitas
1731 1641 1930 1703 usque
1970 1623 2042 1687 in
2082 1642 2217 1687 sae-

293 1710 508 1791 culum,
556 1726 726 1773 nunc
778 1713 988 1773 autem
1043 1727 1305 1791 reynum
1360 1712 1537 1772 tuum
1590 1726 1710 1772 non
1754 1706 1978 1772 stabit.-
2033 1728 2220 1790 quae-

289 1795 431 1863 sivit
498 1792 628 1859 sibi
693 1792 929 1858 lehova
992 1794 1204 1858 virum
1267 1793 1603 1858 secundum
1667 1793 1952 1858 unionum
2011 1813 2218 1872 suum,

290 1901 463 1963 quem
504 1881 835 1945 mondavit
878 1898 1006 1945 esse
1047 1884 1482 1945 antecessorem
1521 1880 1596 1944 in
1627 1879 1860 1961 populo
1893 1899 2025 1945 suo.
2114 1879 2221 1944 Ita

290 1967 468 2032 Deus
556 1964 849 2031 decrevit
926 1979 992 2028 et
1071 1977 1287 2029 ratum
1351 1975 1453 2031 est
1517 1965 1802 2030 Iehovae
1868 1965 2218 2031 decretum.

292 2051 635 2119 Caeterum
695 2049 800 2114 hic
845 2051 1055 2114 oritur
1099 2071 1232 2115 non
1276 2071 1482 2133 parva
1524 2050 1832 2132 quaesti0,
1898 2050 2218 2134 quomodo

287 2137 451 2202 dicat
509 2135 805 2219 Samuel,
865 2134 1086 2201 Saulis
1146 2156 1436 2220 regnum,
1498 2138 1552 2201 si
1597 2135 2006 2202 observasset
2048 2135 2221 2219 quod

285 2225 496 2288 iussus
557 2224 785 2298 fuerat,
847 2220 1206 2286 stabilitum
1263 2223 1342 2286 iri
1400 2222 1473 2287 in
1529 2233 1955 2306 perpetuum:
2013 2242 2216 2305 quan-

287 2308 635 2391 doquidem
695 2310 995 2391 superius
1052 2307 1336 2373 vidimus
1391 2329 1525 2373 non
1584 2308 1789 2373 fuisse
1846 2329 1886 2371 a
1928 2308 2217 2373 Domino

287 2415 559 2479 regnum
611 2393 786 2458 istud
833 2393 1283 2476 approbatum,
1330 2393 1498 2476 quod
1547 2394 1729 2459 nullo
1768 2395 1942 2459 iusto
1985 2392 2218 2459 funda·

284 2493 499 2545 mento
571 2480 921 2545 niteretur:
989 2490 1057 2543 et
1121 2477 1291 2561 quod
1359 2479 1637 2562 populus
1699 2480 1925 2564 iugum
1993 2480 2113 2545 sibi
2176 2501 2216 2544 a

284 2566 566 2631 Domino
626 2565 1003 2647 impositum
1063 2572 1370 2629 excutere
1431 2565 1758 2632 voluisset.
1847 2564 2213 2642 Praeterea,

280 2672 472 2735 quum
535 2650 725 2716 Deus
783 2649 905 2715 sibi
966 2670 1225 2732 semper
1268 2648 1499 2715 similis
1541 2652 1628 2714 sit
1668 2661 1733 2715 et
1775 2650 2215 2729 immutabilis,

279 2759 404 2802 non
469 2746 753 2820 possunt
817 2735 1154 2800 hominum
1223 2735 1395 2801 facta
1460 2737 1865 2801 voluntatem
1931 2736 2107 2801 illius
2151 2748 2219 2802 et

280 2823 618 2889 decretum
664 2822 1031 2886 immutare.
1121 2820 1483 2904 Oportebat
1526 2831 1743 2887 autem
1779 2835 2107 2905 sceptrum
2147 2823 2214 2888 in

280 2908 446 2974 tribu
538 2907 713 2973 Iuda
798 2907 959 2991 erigi
1045 2908 1577 2991 confirmarique:
1671 2907 2215 2990 quemadmodum

279 2995 499 3060 multis
570 3005 729 3059 ante
788 2993 1063 3058 saeculis
1107 3003 1370 3059 sanctus
1412 2994 1680 3077 spiritus
1724 3014 1842 3077 per
1884 3014 1958 3060 os
2000 2994 2216 3060 Iacobi

275 3080 716 3165 praedixerat.
802 3077 1089 3159 Quinam
1152 3080 1353 3163 igitur
1415 3080 1557 3145 fieri
1618 3090 1852 3162 posset,
1914 3092 1990 3144 ιιι
2033 3101 2216 3163 soep-

276 3176 447 3232 trum
508 3168 584 3231 in
640 3165 888 3230 familia
934 3173 1000 3229 et
1044 3165 1217 3231 tribu
1261 3164 1634 3231 Beniamini
1678 3166 2040 3249 erigeretur
2083 3176 2214 3232 sta·

276 3252 723 3334 bilireturque,
797 3271 964 3333 quae
1023 3250 1264 3316 nulllas
1325 3252 1788 3333 promissiones
1845 3261 2212 3335 acceperat:

272 3353 336 3402 et
394 3337 584 3403 Deus
649 3337 1053 3419 propositum
1113 3346 1420 3414 mutasse,
1478 3345 1547 3402 et
1586 3338 1811 3403 varius
1849 3358 1991 3403 esse
2035 3338 2214 3403 vide-

273 3423 502 3490 retur?
599 3422 781 3490 Sane
826 3442 1026 3505 quum
1072 3437 1247 3488 stare
1291 3423 1416 3488 ista
1459 3444 1591 3487 non
1628 3424 1901 3506 possint,
1941 3433 2217 3506 apparet

269 3510 463 3576 etiam
530 3530 810 3592 regnum
869 3509 936 3572 in
997 3507 1246 3573 familia
1303 3517 1368 3574 et
1423 3509 1600 3574 tribu
1645 3507 1867 3575 Saulis
1910 3510 2216 3576 constitui

274 3607 335 3660 et
388 3595 676 3661 stabiliri
737 3615 865 3659 non
911 3594 1220 3676 potuisse,
1284 3615 1496 3678 neque
1540 3595 1606 3659 in
1652 3595 1783 3660 alia
1824 3594 1962 3661 ulla
2004 3595 2213 3660 tribu:

271 3695 381 3747 aut
423 3681 559 3747 Dei
605 3682 954 3747 veritatem
1000 3679 1254 3745 destrui
1297 3681 1677 3763 oportuisse,
1724 3692 1794 3744 et
1835 3681 1901 3745 in
1943 3682 2083 3746 Deo
2117 3682 2217 3745 in-

271 3768 715 3834 constantiam
751 3766 950 3831 fuisse
981 3765 1108 3830 dici
1143 3776 1209 3830 et
1244 3765 1764 3846 mutabilitatem,
1809 3766 1980 3849 quod
2017 3768 2213 3833 nimis

268 3852 632 3920 absurdum
678 3853 863 3928 foret,
909 3859 977 3917 et
1019 3852 1162 3916 sine
1208 3851 1612 3934 blasphemia
1646 3874 1728 3916 ne
1768 3852 2042 3933 cogitari
2077 3854 2215 3935 qui·

270 3941 414 4005 dem
452 3948 698 4022 potest.
773 3937 902 4003 Hic
937 3936 1146 4002 nodus
1181 3948 1254 4002 ut
1294 3938 1696 4021 expediatur,
1733 3938 2211 4004 observandum

269 4024 492 4092 Deum
562 4045 694 4088 non
741 4043 999 4105 semper
1044 4021 1613 4089 nobis-consilium
1662 4044 1853 4088 suum
1899 4044 2211 4090 arcanum

268 4123 334 4176 et
370 4108 1043 4194 incomprehensibile
1088 4109 1412 4175 revelare:
1459 4108 1626 4193 quod
1670 4132 1802 4175 non
1838 4110 1978 4175 sine
2017 4130 2213 4176 causa

270 4197 440 4280 apud
477 4193 871 4281 prophetam
910 4195 1180 4274 abyssus
1217 4196 1535 4260 immensa
1571 4195 1837 4261 dicitur:
1875 4195 1987 4261 sed
2025 4216 2212 4279 prop-

271 4295 370 4349 ter
429 4289 729 4349 nostram
786 4281 1232 4345 infirmitatem
1279 4290 1346 4346 et
1392 4281 1852 4347 hebetudinem
1901 4283 1970 4347 in
2006 4284 2215 4348 causis

267 4368 700 4435 inferioribus
737 4369 1035 4431 retinere.
1126 4366 1455 4447 Quoniam
1491 4367 1666 4431 enim
1704 4389 1832 4433 non
1870 4388 2214 4450 possumus

266 4455 347 4521 ad
392 4454 746 4521 consilium
794 4472 996 4534 usque
1040 4452 1245 4534 ipsius
1287 4453 1725 4518 inenarrabile
1760 4454 2211 4539 conscendere,

269 4562 481 4624 neque
542 4539 754 4622 ipsius
796 4538 1203 4602 maiestatem
1248 4540 1434 4614 ferre,
1496 4539 1679 4604 Deus
1723 4548 1985 4605 nostrae
2027 4540 2212 4604 infir·

267 4628 524 4692 mitatis
586 4624 912 4690 rationem
971 4623 1238 4699 habens,
1308 4645 1448 4690 sese
1507 4624 1695 4690 nobis
1752 4625 2211 4704 accommodat,

265 4724 332 4778 et
377 4713 655 4779 modum
705 4710 990 4792 aliquem
1034 4713 1358 4792 proponit,
1404 4732 1520 4793 per
1565 4731 1760 4794 quem
1805 4712 2210 4777 voluntatem

268 4820 460 4865 suam
542 4797 738 4863 nobis
806 4796 1127 4878 patefacit.
1217 4796 1439 4877 Quare
1503 4817 1704 4878 quum
1770 4795 1955 4863 Deus
2020 4797 2212 4863 alicui

265 4886 586 4961 minatur,
628 4881 711 4948 ad
745 4881 1206 4965 poenitentiam
1242 4884 1383 4947 istis
1419 4883 2029 4948 comminationibus
2063 4903 2213 4948 eum

272 4980 481 5049 vocat,
529 4980 605 5034 et
647 4972 703 5035 si
748 4976 1164 5035 convertatur
1208 4989 1247 5032 a
1291 4968 1568 5050 pristina
1614 4970 1748 5033 vita
1793 4977 1858 5034 et
1903 4968 2084 5034 vitiis
2128 4967 2211 5033 ad

269 5057 621 5122 meliorem
679 5055 953 5137 frugem,
1011 5074 1082 5118 se
1139 5054 1425 5120 vicissim
1484 5075 1866 5121 conversum
1914 5056 1992 5120 iri
2037 5053 2211 5118 dicit.

274 5140 451 5208 Sane
496 5140 689 5206 Deus
732 5160 864 5205 non
901 5149 1211 5217 mutatur,
1256 5152 1330 5204 ut
1366 5151 1705 5205 mutantur
1743 5141 2051 5215 homines,
2099 5161 2209 5204 ne·

269 5249 398 5311 que
443 5229 530 5295 ab
580 5226 918 5292 hominum
966 5225 1366 5308 poenitentia
1412 5227 1667 5309 pendet,
1715 5236 1830 5291 aut
1874 5247 1955 5290 ex
2005 5224 2210 5291 homi-

2319 527 2475 572 num
2523 506 2713 572 factis
2755 505 3095 574 consilium
3140 505 3334 590 capit.
3419 503 3650 588 Neque
3693 505 3869 570 enim
3914 504 4255 572 hominum

2321 593 2724 676 poenitentia
2767 602 2978 677 potest
3020 612 3189 675 quae
3231 592 3452 657 futura
3485 604 3641 656 sunt
3673 591 4057 657 immutare:
4098 599 4261 658 sunt

2320 680 2495 744 enim
2541 679 2810 745 mobiles
2850 689 2917 744 et
2949 680 3414 761 inconstantes,
3458 690 3522 742 et
3554 678 3625 742 in
3667 677 3859 743 horas
3894 686 4257 761 mutantur,

2321 784 2486 847 quae
2547 765 2832 830 varietas
2891 774 2958 830 et
3011 763 3412 830 mutabilitas
3467 765 3536 827 in
3580 763 3799 827 Deum
3842 763 4073 828 cadere
4118 785 4253 839 non

2323 861 2552 934 potest,
2616 852 2721 916 cui
2785 851 3006 914 omnia
3070 850 3296 914 futura
3359 850 3725 931 praesentia
3790 863 3977 914 sunt:
4047 869 4257 933 quare

2322 938 2653 1019 poenitere
2711 936 2895 1001 illum
2948 957 3083 1000 non
3141 942 3367 1019 potest.
3455 934 3706 998 Verum
3769 935 3948 1000 Deus
4010 934 4100 1000 ita
4159 934 4251 1000 lo·

2322 1024 2563 1105 quitur,
2643 1035 2902 1089 nostrae
2976 1021 3379 1087 infirmitatis
3450 1030 3765 1103 respectu.
3856 1018 3966 1086 Sic
4028 1021 4253 1103 itaque

2320 1107 2637 1192 propheta
2681 1107 2948 1174 Samuel
2992 1109 3289 1188 increpat
3331 1104 3621 1181 Saulem,
3666 1127 3864 1188 quum
3904 1106 4079 1182 dicit,
4125 1116 4261 1173 sta·

2323 1194 2656 1261 biliturum
2719 1195 2917 1259 fuisse
2978 1192 3289 1259 Iehovam
3346 1210 3619 1275 regnum
3676 1190 3881 1273 ipsius
3935 1192 4105 1274 apud
4150 1191 4254 1257 Is-

2322 1280 2606 1359 raelitas,
2643 1282 2697 1345 si
2741 1280 2861 1344 Dei
2898 1279 3206 1344 mandato
3240 1278 3467 1342 fuisset
3492 1277 3887 1358 obsequens:
3926 1289 4000 1342 ut
4024 1298 4252 1343 verum

2321 1365 2385 1430 id
2429 1366 2726 1431 futurum
2772 1366 2987 1444 fuerit,
3045 1366 3100 1430 si
3147 1362 3307 1428 Saul
3351 1361 3784 1428 conditionem
3830 1362 4007 1428 illam
4053 1382 4255 1448 appo·

2319 1453 2512 1517 sitam
2572 1450 2997 1516 observasset.
3087 1449 3220 1515 Sed
3278 1448 3408 1514 ista
3465 1459 3619 1513 sunt
3671 1449 3763 1513 sic
3805 1449 4260 1530 expendenda,

2322 1558 2402 1601 ne
2449 1537 2575 1602 Dei
2619 1537 2892 1602 consilia
2935 1548 3004 1601 et
3046 1555 3282 1602 arcana
3324 1532 4005 1616 incomprehensibilia
4038 1535 4255 1600 curio-

2319 1623 2455 1689 sius
2499 1632 2882 1688 scrutemur.
2970 1622 3141 1687 Nam
3194 1622 3250 1686 si
3307 1620 3467 1687 Saul
3511 1618 3801 1685 officium
3860 1621 4034 1704 regis
4087 1621 4256 1686 inof-

2319 1710 2503 1774 fenso
2565 1707 2728 1791 pede
2782 1708 2995 1774 facere
3043 1708 3456 1793 perrexisset,
3524 1705 3649 1770 Dei
3693 1703 4255 1773 benedictionibus

2320 1794 2691 1860 cumulatus
2748 1795 2993 1874 fuisset,
3064 1804 3131 1858 et
3188 1792 3380 1857 novis
3434 1811 3691 1875 semper
3747 1789 3932 1857 donis
3984 1801 4249 1859 auctus:

2322 1881 2421 1946 sui
2478 1882 2652 1944 enim
2710 1880 2941 1946 similis
2996 1899 3251 1961 semper
3289 1887 3391 1942 est
3434 1877 3631 1943 Deus.
3722 1876 3856 1943 Sed
3901 1879 4098 1945 etiam
4147 1879 4253 1946 hic

2320 1964 2805 2032 observandum
2849 1965 3088 2045 Deum,
3131 1974 3208 2028 ut
3250 1967 3424 2028 viam
3467 1964 3662 2029 faciat
3705 1984 3941 2029 arcano
3984 1964 4080 2030 illi
4128 1986 4252 2031 suo

2320 2061 2586 2117 aeterno
2630 2060 2699 2116 et
2731 2049 3373 2133 incomprehensibili
3418 2047 3694 2126 decreto,
3740 2069 3932 2134 saepe
3975 2053 4073 2117 uti
4117 2073 4255 2116 me-

2321 2137 2446 2203 diis
2500 2139 2711 2203 causis
2768 2134 3198 2202 inferioribus.
3287 2136 3379 2199 Et
3432 2135 3527 2198 ita
3584 2134 3827 2201 factum
3888 2145 3962 2201 ut
4005 2136 4169 2203 Saul
4212 2159 4253 2203 a

2319 2234 2497 2288 recta
2564 2224 2671 2287 via
2732 2223 3068 2302 aberrarit,
3134 2233 3206 2286 ut
3271 2220 3455 2286 Deus
3519 2242 3794 2305 regnum
3856 2220 4133 2288 Davidis
4177 2223 4248 2289 in

2320 2309 2493 2374 tribu
2552 2305 2719 2373 Iuda
2775 2309 3076 2392 erigeret,
3134 2316 3202 2371 et
3261 2305 3584 2372 Davidem
3638 2307 3710 2371 in
3768 2306 3951 2372 illius
3993 2329 4247 2391 posses-

2318 2396 2569 2460 sionem
2627 2393 2936 2460 mitteret.
3025 2393 3288 2476 Lapsus
3343 2393 3565 2475 itaque
3612 2391 3833 2459 Saulis
3876 2391 4009 2457 fuit
4051 2414 4253 2462 causa

2318 2478 2532 2545 media
2578 2479 2678 2544 vel
2725 2479 2994 2569 inlferior
3035 2479 3367 2544 electionis
3415 2475 3704 2543 Davidis.
3793 2478 3900 2543 Ita
3945 2477 4027 2545 D.
4075 2480 4246 2547 Pau·

2318 2567 2423 2632 lus
2467 2564 2548 2630 de
2593 2564 2984 2630 Iudaeorum
3031 2586 3186 2631 casu
3233 2565 3504 2647 loquens
3546 2565 3640 2628 ait
3683 2564 3945 2630 illorum
3993 2566 4247 2648 lapsum

2320 2666 2388 2717 et
2450 2651 2711 2717 ruinam
2776 2671 3037 2717 causam
3099 2672 3241 2716 esse
3305 2662 3565 2715 nostrae
3633 2651 3803 2716 vitae
3868 2662 3934 2716 et
3999 2653 4251 2720 salutis.
4359 2708 4361 2711 .

2318 2736 2511 2818 Quod
2557 2738 2729 2801 enim
2776 2757 2817 2802 a
2858 2737 3001 2802 Deo
3046 2735 3244 2802 alieni
3287 2736 3439 2801 facti
3482 2747 3660 2817 sunt,
3704 2737 3855 2801 inde
3899 2738 4141 2804 factum
4178 2748 4254 2804 ut

2321 2823 2463 2888 Deo
2519 2823 2916 2889 reconciliati
2970 2822 3285 2888 fuerimus
3342 2821 3425 2885 ad
3483 2822 3714 2887 salutis
3758 2824 4252 2904 promissionem

2319 2908 2763 2974 obtinendam.
2850 2908 3101 2974 Verum
3179 2908 3235 2973 si
3301 2906 3527 2972 Iudaei
3591 2920 4120 2991 perseverassent
4182 2911 4250 2975 in

2322 2994 2554 3059 timore
2616 3002 2685 3059 et
2748 2994 2891 3078 lege
2957 2994 3104 3074 Dei,
3167 3013 3304 3058 non
3366 2990 3512 3057 ideo
3573 3007 3787 3057 tamen
3835 2992 4251 3062 desiissemus

2317 3078 2463 3144 Deo
2526 3080 2835 3164 coniungi
2898 3101 3048 3146 cum
3111 3079 3307 3163 ipsis:
3372 3077 3917 3161 quemadmodum
3980 3078 4138 3144 olim
4202 3100 4243 3144 a

2318 3165 2637 3249 propheta
2694 3165 2936 3232 dictum
2993 3176 3116 3243 est,
3170 3165 3307 3230 fore
3351 3176 3424 3228 ut
3466 3173 3714 3247 septem
3758 3163 4052 3230 infideles
4101 3186 4240 3232 ves·

2318 3261 2447 3316 tem
2494 3249 2708 3318 fidelis
2750 3252 2946 3318 nnius
2990 3251 3331 3335 accipiant,
3375 3249 3752 3332 dicantque:
3808 3251 4077 3330 Eamus,
4138 3272 4247 3319 as·

2316 3338 2670 3403 condamus
2726 3339 2793 3403 in
2853 3346 3133 3402 montem
3193 3336 3482 3402 Domini.
3570 3334 3704 3400 Sed
3749 3337 4057 3420 quoniam
4101 3358 4247 3403 sese

2316 3423 2541 3488 Iudaei
2613 3422 2955 3506 privilegio
3028 3422 3142 3488 illo
3210 3421 3518 3505 indignos
3573 3420 4015 3504 reddiderunt,
4084 3422 4246 3505 quid

2316 3506 2620 3592 deinceps
2654 3508 2928 3575 accidit?
2993 3509 3445 3575 Provocarunt
3479 3528 3598 3583 me,
3648 3509 3864 3591 inquit
3898 3508 4243 3589 Dominus,

2315 3596 2449 3662 suis
2513 3594 2972 3661 rebellionibus
3024 3604 3090 3661 et
3145 3593 3588 3669 contumaciis,
3653 3602 3722 3658 et
3773 3595 4062 3662 vicissim
4120 3617 4157 3660 e

2315 3681 2462 3746 illos
2520 3681 2898 3764 provocabo.
2989 3679 3274 3764 Populos
3332 3680 3508 3743 enim
3564 3680 3910 3757 suscitabo,
3970 3683 4082 3764 qui
4123 3684 4170 3747 fi
4196 3683 4243 3747 ii

2315 3768 2444 3833 mei
2481 3778 2696 3832 erunt.
2744 3765 2922 3833 Sane
2956 3776 3303 3849 antequam
3341 3762 3422 3828 ad
3456 3765 3780 3849 evangelii
3804 3769 4242 3851 cognitionem

2318 3852 2711 3929 veniremus,
2764 3874 3024 3918 eramus
3082 3853 3289 3917 instar
3332 3852 3718 3916 miserarum
3765 3852 4121 3936 pecudum:
4181 3867 4249 3918 et

2314 3938 2386 4002 in
2468 3938 2679 4003 locum
2746 3939 2954 4004 sancti
3017 3937 3195 4002 illius
3259 3936 3528 4001 seminis
3593 3940 3918 4022 surrogati
3982 3960 4247 4006 sumus:

2315 4023 2483 4106 quod
2541 4044 2660 4089 sua
2702 4023 2894 4107 culpa
2937 4025 3004 4087 in
3051 4022 3572 4088 maledictionem
3615 4023 3865 4090 incidit.
3952 4025 4059 4090 Ex
4102 4027 4243 4107 qui·

2313 4108 2435 4174 bus
2491 4119 2762 4192 apparet
2820 4108 3044 4174 divina
3096 4107 3516 4192 providentia
3560 4129 3667 4175 res
3708 4130 3933 4175 omnes
3976 4110 4071 4174 ita
4113 4109 4245 4176 dis·

2315 4194 2486 4278 poni,
2531 4207 2607 4259 ut
2639 4194 2768 4260 Dei
2804 4195 3171 4274 consilium,
3214 4214 3348 4258 non
3389 4196 3738 4276 capiamus,
3773 4194 3943 4278 quod
3978 4208 4242 4279 captum

2315 4292 2616 4346 nostrum
2681 4294 2747 4346 et
2812 4280 3213 4346 intellectum
3279 4290 3577 4363 superat,
3647 4292 4102 4345 verumtamen
4160 4302 4243 4346 ex

2314 4366 2530 4432 causis
2573 4365 2987 4432 inferioribus
3023 4374 3294 4449 apparet
3331 4366 3546 4430 Deum
3583 4365 3839 4430 efficere
3874 4386 4037 4448 quae
4071 4367 4246 4449 apud

2314 4475 2384 4519 se
2428 4453 2747 4518 decrevit:
2792 4464 2860 4519 et
2901 4454 2994 4517 sic
3036 4453 3286 4534 operari
3332 4464 3404 4514 ut
3447 4451 3618 4533 quod
3663 4472 3774 4517 ore
3809 4472 3924 4517 suo
3959 4471 4248 4533 pronun-

2313 4539 2509 4605 ciavit
2580 4558 2840 4622 semper
2899 4537 3188 4620 impleat.
3280 4535 3392 4603 Sic
3447 4538 3629 4601 initio
3674 4536 3866 4601 huius
3922 4537 4239 4603 historiae

2315 4622 2615 4704 vidimus,
2674 4624 2890 4689 Deum
2945 4623 3232 4690 voluisse
3287 4622 3458 4687 filios
3516 4622 3623 4687 Eli
3667 4622 3974 4688 occidere.
4064 4621 4245 4703 Quid

2314 4711 2408 4775 ita
2473 4709 2674 4775 vero?
2750 4709 3002 4792 Nempe
3067 4710 3200 4775 iam
3265 4718 3419 4773 ante
3485 4705 3862 4773 decreverat
3925 4709 4240 4774 familiam

2314 4796 2496 4861 illam
2551 4804 2618 4860 et
2675 4798 2945 4879 stirpem
3003 4795 3249 4861 delere:
3316 4814 3516 4876 quare
3573 4794 3665 4859 sic
3722 4793 3966 4859 medias
4009 4814 4245 4861 causas

2313 4881 2661 4960 ordinavit,
2721 4892 2796 4946 ut
2849 4881 2945 4946 illi
3001 4882 3332 4965 perierint.
3424 4876 3535 4944 Sic
3592 4900 3792 4961 quum
3847 4879 4091 4964 populo
4130 4901 4245 4946 vo-

2312 4968 2441 5033 luit
2483 4965 2880 5044 benedicere,
2927 4969 3102 5033 viros
3145 4965 3488 5031 suscitavit
3529 4984 3691 5047 quos
3736 4964 3925 5030 donis
3967 4966 4051 5031 ad
4096 4988 4239 5032 sus-

2314 5052 2612 5118 tinendas
2676 5054 2847 5117 tanti
2907 5053 3196 5117 muneris
3248 5060 3467 5134 partes
3521 5054 3901 5118 necessariis
3959 5054 4247 5118 ornavit.

2314 5140 2564 5207 Contra
2596 5159 2769 5213 vere,
2816 5158 3013 5220 quum
3054 5138 3121 5201 in
3158 5136 3376 5219 populi
3413 5148 3675 5217 peccata
3711 5138 3916 5203 voluit
3951 5139 4243 5204 animad-

2314 5236 2588 5303 vertere,
2647 5236 2711 5288 et
2770 5225 3062 5288 severius
3120 5223 3432 5306 populum
3488 5225 3738 5304 punire,
3800 5224 4001 5290 malos
4047 5226 4247 5292 duces
