5059 6059
820 312 958 379 299

996 500 1331 586 Sequitur,
1371 501 1640 570 sterilem
1670 503 2008 587 peperisse,
2052 508 2111 571 et
2152 501 2572 570 abundantem
2601 500 2766 584 tiliis

817 589 1192 673 elanym‘sse.
1279 587 1537 671 Quibus
1595 589 1812 656 verbis
1867 589 2068 658 Anna
2124 589 2295 656 redit
2336 589 2418 656 ad
2462 587 2765 671 specialis

821 675 994 760 quod
1052 696 1092 740 a
1148 674 1294 740 Deo
1340 684 1678 756 acceperat
1726 676 2020 742 beneficii
2064 674 2636 759 praedicationem,
2685 687 2763 740 ut

820 760 993 844 qnod
1052 760 1121 825 in
1181 781 1425 846 genere
1483 761 1565 826 de
1617 759 1745 826 Dei
1805 763 2096 844 potentia
2139 761 2414 839 dixerat,
2471 761 2597 826 sibi
2641 759 2766 843 ipsi

821 856 892 912 et
933 847 1264 930 praesenti
1311 846 1620 911 materiae
1666 848 1964 930 applicet,
2006 869 2173 931 quae
2217 847 2529 914 carminis
2567 846 2765 911 huius

821 934 1072 999 occasio
1106 934 1338 1014 fuerat,
1374 934 1563 1015 quasi
1599 932 1793 1016 dicat,
1837 955 1909 999 se
1942 933 2094 999 licet
2129 954 2349 999 coram
2391 933 2766 998 hominibus

819 1018 1020 1085 vilem
1079 1027 1273 1102 atque
1332 1019 1667 1095 abiectam,
1734 1029 1957 1084 tamen
2018 1031 2206 1086 tanta
2249 1040 2394 1085 esse
2436 1020 2565 1084 Dei
2609 1036 2768 1101 erga

818 1127 893 1171 se
953 1104 1285 1182 beneficia,
1345 1114 1420 1169 ut
1464 1106 1696 1169 merito
1741 1106 1945 1189 possit
1986 1107 2055 1170 in
2100 1127 2327 1171 eorum
2374 1106 2764 1171 afflictorum

818 1198 886 1260 et
938 1191 1385 1257 famelicorum
1434 1210 1710 1255 numero
1754 1192 2025 1268 censeri,
2082 1211 2244 1274 quos
2288 1190 2472 1256 Deus
2516 1190 2767 1257 solatus

819 1285 924 1344 est
977 1286 1047 1342 et
1106 1277 1290 1342 bonis
1349 1276 1659 1361 explevit.
1752 1275 1977 1357 Quare
2031 1277 2389 1343 cohaerent
2440 1279 2574 1342 ista
2617 1296 2767 1342 cum

822 1363 904 1429 iis
962 1383 1128 1446 quae
1186 1365 1487 1445 superius
1546 1362 1853 1438 diximus,
1930 1364 2196 1428 Annam
2256 1362 2378 1429 sibi
2444 1363 2572 1447 ipsi
2634 1382 2766 1425 non

824 1449 1202 1516 satisfacere
1245 1447 1678 1532 praedicando
1725 1448 2074 1531 specialem
2119 1470 2279 1532 erga
2321 1470 2392 1514 se
2420 1449 2543 1514 Dei
2588 1448 2768 1512 favo-

822 1556 985 1615 rem,
1028 1534 1143 1600 sed
1186 1534 1381 1600 altius
1427 1554 1788 1618 assurgere,
1834 1546 1907 1598 ut
1956 1533 2082 1598 Dei
2127 1535 2487 1617 potentiam
2525 1544 2661 1598 tam
2699 1534 2767 1596 in

822 1622 1080 1705 superis
1123 1642 1317 1704 quam
1359 1620 1605 1697 inseris,
1671 1630 1735 1684 et
1778 1619 2071 1686 eiusdem
2117 1622 2595 1704 providentiam
2643 1639 2771 1701 qua

821 1728 930 1776 res
992 1727 1432 1790 quascumque
1492 1710 1664 1789 regit
1718 1716 1912 1788 atque
1971 1704 2402 1783 administrat,
2474 1727 2593 1791 pro
2648 1725 2769 1770 suo

820 1792 1086 1860 modulo
1130 1792 1569 1876 magnifaciat.
1659 1792 1864 1857 Porro
1908 1793 2321 1858 sterilitatem
2368 1813 2554 1858 suam
2598 1812 2771 1858 com-

820 1889 1013 1963 parat
1077 1900 1227 1945 cum
1297 1877 1531 1944 abiecti
1597 1887 1662 1941 et
1734 1877 1854 1943 vili
1919 1880 2139 1942 anima
2204 1878 2522 1955 famelica,
2603 1896 2770 1961 quae

820 1965 1057 2031 deinde
1121 1974 1469 2030 saturetur.
1560 1962 1751 2042 Nam,
1821 1973 1891 2028 ut
1958 1964 2269 2042 vidimus,
2354 1966 2544 2047 gravi
2612 1983 2770 2029 cura

821 2053 1003 2135 prius
1062 2049 1443 2134 angebatur,
1505 2049 1675 2131 quod
1735 2070 1774 2114 a
1831 2050 1970 2115 Deo
2016 2051 2359 2131 quibusvis
2402 2050 2661 2115 iniuriis
2705 2061 2772 2113 et

820 2137 1082 2221 probris
1138 2137 1219 2201 ob
1278 2136 1688 2201 sterilitatem
1748 2134 1926 2200 illam
1987 2143 2300 2217 exposita,
2369 2139 2545 2200 etin
2593 2135 2771 2200 luctu

821 2245 897 2289 ac
964 2242 1253 2287 moerore
1312 2233 1626 2305 perpetuo
1671 2223 1871 2286 vitam
1919 2233 2144 2287 actura
2192 2220 2547 2286 videretur.
2635 2220 2767 2286 Sed

819 2331 861 2375 a
898 2308 1041 2374 Deo
1073 2307 1277 2373 filium
1315 2317 1732 2390 consequuta,
1793 2317 2043 2371 tantam
2087 2309 2511 2372 mutationem
2552 2320 2771 2372 mente

822 2396 1001 2460 velut
1072 2393 1354 2459 attonita
1412 2395 1689 2457 miratur
1746 2402 1812 2457 ct
1871 2392 2221 2476 praedicat.
2313 2392 2609 2474 Quaerat
2670 2394 2771 2458 bic

820 2481 1056 2563 aliquis
1126 2480 1382 2557 merito,
1454 2500 1573 2544 cur
1641 2478 1721 2543 de
1779 2491 2029 2560 septem
2090 2479 2310 2543 liberis
2367 2481 2767 2543 mentionem

821 2568 1039 2642 faciat,
1100 2587 1268 2648 quae
1329 2575 1546 2629 tamen
1610 2575 1747 2628 tum
1796 2565 2065 2629 unicum
2111 2565 2327 2631 adhuc
2372 2565 2769 2639 Samuelem,

822 2653 946 2717 etsi
989 2651 1293 2733 deinceps
1336 2672 1376 2716 a
1423 2652 1563 2716 Deo
1617 2649 2001 2714 foecundata
2037 2663 2395 2733 pepererat.
2484 2651 2769 2733 Quidam

820 2739 913 2804 sic
952 2741 1154 2802 verba
1201 2738 1357 2803 baec
1394 2748 1754 2818 exponunt,
1803 2749 1892 2814 ut,
1934 2738 2244 2817 quoniam
2279 2738 2507 2801 fideles
2546 2738 2772 2821 paucis

821 2825 1112 2889 contenti
1152 2837 1325 2898 sunt,
1374 2837 1449 2887 ut
1484 2823 1729 2886 Psalm.
1775 2820 1879 2894 37.
1928 2821 2028 2888 16.
2077 2822 2294 2887 docet:
2339 2822 2608 2888 Annam
2651 2824 2772 2889 hoc

820 2910 1201 2976 beneficium
1246 2909 1471 2974 eodem
1510 2908 1650 2973 loco
1687 2907 1927 2972 habere
1963 2930 2088 2990 quo
2128 2908 2318 2992 longe
2356 2909 2544 2991 plura
2579 2920 2772 2991 atque

821 2999 1069 3061 maiora
1128 2996 1367 3061 dicant.
1461 2997 1549 3059 Ac
1609 3015 1765 3058 eane
1829 2995 1969 3058 Deo
2015 3016 2134 3058 sua
2177 2996 2247 3059 in
2294 3016 2413 3060 nos
2460 2995 2772 3062 beneficia

821 3083 1217 3160 conferente,
1285 3082 1339 3145 si
1395 3081 1646 3144 virtute
1704 3080 1975 3162 spiritus
2020 3082 2229 3145 s'ancti
2273 3103 2603 3164 regamur,
2650 3082 2770 3145 mi-

822 3171 1001 3234 nima
1063 3166 1248 3233 nobis
1307 3186 1567 3251 semper
1611 3165 1749 3230 loco
1797 3167 2114 3230 maiorum
2159 3182 2353 3230 erunt
2399 3171 2538 3232 eius
2585 3169 2774 3232 bene-

818 3254 1016 3335 facta,
1062 3275 1138 3320 ac
1182 3253 1262 3319 de
1306 3252 1388 3318 iis
1419 3254 1657 3333 ipsum,
1704 3263 1775 3314 ut
1812 3271 1930 3332 par
1964 3262 2081 3328 est,
2130 3251 2540 3318 laudabimus
2574 3262 2772 3335 atque

821 3341 1320 3408 celebrabimus.
1411 3337 1543 3405 Sed
1607 3357 1835 3419 parum
1897 3343 2205 3402 convenit
2262 3339 2390 3403 ista
2449 3340 2771 3421 expositio

822 3448 1022 3510 quum
1111 3428 1253 3492 istis
1313 3428 1510 3490 Anna
1558 3423 1772 3488 verbis
1838 3444 2019 3506 spem
2067 3444 2267 3506 quam
2333 3425 2402 3488 in
2471 3426 2769 3489 futurum

822 3524 1207 3596 conceperat
1278 3513 1495 3595 potius
1568 3511 1822 3592 aperire
1899 3509 2216 3575 videatur.
2307 3510 2537 3593 Neque
2593 3511 2768 3575 enim

824 3597 1088 3663 dubium
1149 3609 1268 3676 est,
1331 3597 1490 3679 quin
1534 3596 1678 3678 ipsa
1726 3594 1849 3658 Dei
1898 3596 2209 3660 virtutem
2255 3609 2531 3677 experta
2575 3618 2771 3678 quam

822 3682 906 3750 ad
950 3682 1447 3765 concipiendum
1495 3691 1856 3763 acceperat,
1923 3680 2086 3746 bene
2131 3681 2204 3745 in
2249 3695 2578 3763 posterum
2625 3704 2769 3763 spe-

823 3782 945 3853 ret,
1005 3789 1080 3835 ac
1140 3771 1391 3833 maiora
1451 3768 1752 3849 deinceps
1798 3778 2150 3849 exspectet,
2208 3768 2465 3849 fideque
2510 3769 2769 3849 conspi-

822 3858 953 3922 ciat
1018 3876 1185 3937 quae
1250 3854 1541 3919 nondum
1611 3875 1681 3917 re
1748 3854 1887 3937 ipsa
1955 3854 2225 3936 impleta
2288 3865 2498 3918 erant.
2590 3855 2770 3918 Deus

824 3962 979 4006 vero
1022 3961 1182 4005 sane
1227 3941 1497 4004 minime
1544 3940 1758 4003 verbis
1805 3941 1949 4003 istis
1992 3942 2232 4005 Annae
2277 3940 2608 4023 alligatur,
2655 3940 2767 4004 sed

820 4026 1040 4112 potius
1100 4028 1312 4090 virtus
1372 4027 1511 4090 eius
1567 4047 1641 4090 ac
1687 4025 1980 4107 potentia
2025 4026 2409 4104 celebratur,
2469 4047 2599 4107 qua
2643 4025 2763 4091 fili·

822 4133 1013 4177 orum
1050 4112 1537 4176 multitudinem
1577 4132 1781 4192 usque
1817 4111 1898 4175 ad
1936 4112 2381 4193 septenarium
2421 4132 2770 4176 numerum

822 4199 951 4281 ipsi
1008 4198 1235 4281 largiri
1297 4209 1526 4278 potest.
1618 4197 1823 4261 Porro
1884 4218 2197 4261 numerus
2241 4199 2655 4281 septenarius
2700 4199 2766 4262 in

824 4286 1029 4352 sacris
1092 4282 1585 4348 multitudinem
1646 4283 1713 4346 in
1776 4303 1847 4346 se
1903 4284 2211 4348 continet.
2307 4285 2410 4347 Ex
2471 4286 2767 4365 superio·

820 4372 1007 4436 ribus
1040 4370 1245 4453 igitur
1280 4369 1648 4451 colligimus
1692 4370 1899 4432 Deum
1939 4369 2437 4434 foecundantem
2463 4369 2769 4435 mulieres

871 4457 1006 4520 rius
1066 4456 1343 4529 steriles,
1403 4469 1468 4518 et
1530 4469 1824 4519 saturare
1884 4468 1951 4519 et
1996 4476 2344 4533 macerare,
2395 4467 2460 4518 et
2502 4456 2769 4538 explere

820 4478 1007 4608 gosis
1054 4541 1403 4614 famelicos,
1450 4551 1518 4604 et
1561 4557 1788 4605 contra
1834 4540 2079 4605 divitiis
2124 4542 2257 4605 suis
2298 4556 2493 4623 atque
2538 4542 2768 4623 opibus

824 4632 1109 4694 nitentes
1146 4628 1441 4709 spoliare.
1536 4630 1753 4708 Atque
1790 4626 1872 4699 id,
1919 4627 2150 4707 inquit,
2195 4631 2393 4691 etiam
2433 4641 2590 4691 ante
2626 4649 2770 4711 par·

824 4728 960 4779 tum
1017 4715 1363 4778 mulierum
1410 4714 1851 4793 conspicuum.
1943 4712 2200 4792 Quibus
2251 4711 2591 4789 docemur,
2645 4714 2768 4778 Dei

822 4802 1019 4865 etiam
1087 4802 1357 4865 minima
1416 4800 1730 4863 beneficia
1785 4800 1949 4861 tanti
2014 4801 2186 4881 apud
2235 4821 2350 4864 nos
2395 4820 2537 4864 esse
2581 4821 2769 4882 opor·

824 4895 980 4961 tere,
1046 4899 1116 4950 ut
1171 4908 1255 4949 ex
1318 4888 1396 4949 iis
1442 4884 1519 4948 ad
1571 4884 1940 4948 divinorum
1988 4905 2260 4967 operum
2308 4886 2769 4966 perfectionem

824 4993 1030 5053 usque
1091 4993 1544 5050 assurgamus,
1612 4972 1858 5053 Deique
1903 4972 2178 5053 gloriam
2228 4985 2421 5052 atque
2471 4973 2766 5053 magnifi-

823 5059 1103 5122 centiam
1163 5061 1369 5140 magis
1416 5079 1490 5122 ac
1535 5058 1746 5140 magi-s
1792 5057 2242 5138 suspiciamus,
2305 5071 2502 5139 atque
2549 5069 2621 5121 ut
2670 5059 2767 5120 in·

826 5144 1049 5207 finitae
1099 5158 1163 5207 et
1199 5143 1873 5225 incomprehensibilis
1910 5145 2194 5225 alioquin
2236 5144 2595 5207 maiestatis
2632 5144 2771 5208 eius

821 5240 1095 5312 gustum
1154 5230 1437 5312 aliquem
1498 5229 1870 5306 habeamus,
1930 5252 1969 5295 a
2021 5229 2313 5294 minimis
2372 5229 2513 5294 eius
2575 5229 2769 5294 bene-

2532 311 2951 383 HOMILIA
2999 312 3117 384 VI.

4646 321 4752 391 300

2866 502 3035 574 ficiis
3077 502 3160 568 ad
3205 504 3456 570 maiora
3499 524 3792 589 surgere,
3829 512 3901 569 et
3941 525 4094 571 cnm
4130 503 4553 572 admiratione
4582 512 4758 593 saepi·-

2867 609 3018 654 cere
3090 588 3436 656 discamns.
3526 591 3818 658 Multum
3871 590 4078 674 igitur
4126 611 4285 657 sane
4331 592 4758 680 profecerimus,

2868 674 2927 740 si
2969 696 3054 740 ex
3093 676 3373 761 singulis
3418 675 3544 742 Dei
3586 676 3655 742 in
3698 676 3918 743 oculos
3963 692 4217 744 nostros
4259 677 4555 760 operibus
4583 680 4761 748 incur-

2870 760 3167 828 rentibus
3225 763 3368 828 eius
3425 762 3733 827 virtutem
3794 761 4225 830 admiremur:
4286 762 4480 842 velut,
4523 769 4760 850 exempli

2869 848 3104 931 gratia,
3177 867 3381 931 quum
3455 847 3562 914 vel
3617 868 3891 931 gramen
3954 867 4298 931 assurgere
4351 851 4763 936 conspicimus,

2871 935 2940 997 in
2997 935 3119 999 hoc
3174 934 3318 1017 ipso
3377 935 3909 1016 conquiescentes
3966 934 4048 997 ad
4108 934 4319 998 Deum
4368 935 4593 1017 ipsum,
4643 938 4765 1004 licet

2870 1018 2894 1082 i
2943 1019 3077 1084 sius
3121 1019 3281 1088 coeli
3325 1019 3431 1086 vel
3478 1033 3691 1085 terrae
3734 1031 4079 1103 conspectu
4124 1019 4383 1104 privati,
4440 1021 4766 1090 efferamur.

2873 1041 3315 1187 Quamobrem
3371 1105 3536 1170 nihil
3593 1104 3754 1170 adeo
3812 1118 3910 1171 est
3966 1106 4034 1169 in
4093 1119 4225 1171 toto
4285 1118 4604 1172 terrarum
4642 1110 4767 1176 orbe

2872 1193 3206 1274 exiguum,
3250 1192 3417 1273 quod
3467 1212 3598 1255 non
3651 1191 3771 1256 Dei
3815 1191 4152 1269 iustitiam,
4198 1191 4472 1275 gloriam
4519 1214 4589 1258 ac
4622 1194 4770 1260 boni·

2874 1287 3076 1341 tatem
3119 1278 3520 1350 testificetur.
3611 1281 3702 1343 At
3745 1276 3914 1360 quod
3957 1278 4348 1362 plerumque
4385 1279 4643 1343 minima
4670 1281 4771 1346 ists

2873 1362 3065 1428 nobis
3110 1363 3457 1441 vilescunt,
3501 1362 3743 1428 idcirco
3789 1385 4032 1446 magna
4075 1363 4272 1428 etiam
4317 1364 4557 1429 adiicit.
4619 1364 4768 1447 Quo·

2874 1450 3051 1516 niam
3110 1449 3311 1531 igitur
3355 1465 3486 1513 tam
3532 1448 3749 1514 hebeti
3789 1470 4016 1514 sumus
4059 1449 4348 1532 ingenio,
4410 1463 4486 1514 nt
4526 1449 4636 1516 vix
4671 1450 4775 1517 Dei

2874 1536 3282 1599 maiestatem
3344 1545 3416 1600 ut
3472 1534 3658 1600 decet
3712 1555 4164 1619 agnoscamus,
4223 1555 4264 1598 a
4320 1535 4606 1601 minimis
4657 1537 4776 1602 istis

2876 1621 3247 1686 faciendum
3308 1621 3650 1686 exordium
3709 1635 3831 1701 est,
3890 1642 3929 1685 a
3982 1621 4217 1704 quibus
4270 1620 4354 1684 ad
4412 1621 4530 1686 illa
4570 1623 4780 1688 maiora

2875 1705 3296 1772 deducamur.
3387 1705 3499 1773 Sic
3570 1706 3769 1772 Anna
3836 1706 3939 1772 bic
4008 1708 4393 1772 nominatim
4460 1706 4630 1774 inter
4681 1709 4780 1774 Dei

2873 1793 3235 1876 singularia
3292 1791 3607 1857 beneficia
3665 1792 4012 1857 mulierum
4068 1790 4571 1860 foecunditatem
4625 1804 4784 1858 antes

2875 1878 3195 1942 sterilium
3241 1888 3552 1943 recenset.
3643 1879 3733 1943 Et
3777 1879 4037 1960 quidem
4077 1879 4147 1944 in
4187 1879 4393 1943 sacris
4431 1900 4621 1963 saepe
4654 1880 4781 1945 haec

2876 1965 3202 2029 sententia
3247 1965 3584 2047 repetitur,
3631 1976 3704 2028 ut
3747 1986 3877 2027 non
3924 1965 4127 2029 solam
4180 1973 4444 2029 Annam
4484 1964 4605 2031 hec
4638 1985 4782 2047 prae-

2877 2049 3094 2115 dicare
3137 2050 3452 2115 sciamus:
3515 2053 3894 2132 praesertim
3943 2052 4010 2114 in
4057 2050 4359 2128 Psalmis,
4421 2051 4533 2115 ubi
4575 2050 4783 2116 Psalm.

2880 2136 3021 2214 113,
3068 2140 3104 2200 9
3152 2135 3392 2201 dicitur
3440 2136 3621 2201 Deus
3658 2158 3692 2201 a
3744 2136 4059 2218 propheta
4105 2135 4318 2202 facere
4360 2134 4653 2202 habitare
4681 2147 4783 2200 ste·

2879 2222 3065 2286 rilem
3112 2221 3181 2286 in
3229 2223 3494 2300 familia,
3553 2233 3620 2287 et
3667 2235 3937 2286 matrem
3988 2222 4272 2286 filiorum
4317 2221 4683 2300 laetantem,
4733 2229 4785 2286 ut

2877 2329 3290 2372 numerosam
3351 2308 3597 2390 prolem
3656 2309 3724 2372 in
3771 2305 3899 2371 Dei
3944 2308 4252 2374 maximis
4296 2305 4627 2373 beneficiis
4664 2328 4784 2373 cen·

2876 2393 3145 2457 sendum
3196 2393 3463 2470 doceat:
3509 2415 3584 2460 ac
3628 2393 3902 2476 proinde
3948 2395 4192 2477 gratias
4236 2394 4336 2458 illi
4381 2395 4498 2458 uni
4543 2415 4654 2477 pro
4692 2392 4788 2458 hoo

2877 2478 3188 2544 beneficio
3249 2481 3632 2545 nominatim
3693 2479 4000 2562 agendas.
4092 2482 4199 2557 At,
4259 2491 4511 2562 quanta
4555 2489 4664 2558 est,
4700 2477 4787 2541 ob·

2876 2586 3079 2643 secro,
3138 2565 3514 2630 mortalium
3576 2565 3701 2631 hac
3760 2567 3828 2630 in
3889 2577 4074 2647 parte
4133 2564 4588 2648 ingratitudo?
4651 2564 4790 2629 Nam

2875 2652 3036 2717 alios
3101 2651 3323 2716 videas
3379 2675 3462 2717 ex
3520 2673 3868 2717 numerosa
3927 2652 4103 2733 prole
4162 2651 4483 2716 sollicitos
4541 2659 4606 2714 et
4645 2650 4789 2714 labe·

2878 2751 3130 2803 rantes:
3219 2739 3379 2802 alios
3461 2759 3621 2804 vero
3688 2738 4047 2821 gloriantes
4113 2748 4180 2800 et
4245 2757 4390 2802 sese
4457 2737 4788 2802 efferentes.

2876 2822 3050 2904 Quid
3112 2843 3268 2907 ergo
3333 2825 3470 2888 Deo
3529 2826 3690 2891 fiet?
3758 2825 3897 2888 Non
3959 2834 4351 2907 agnoscetur
4398 2822 4633 2887 autor?
4692 2840 4792 2885 non

2879 2923 3158 2992 agent-ur
3223 2910 3319 2974 illi
3384 2909 3684 2994 gratiae?
3753 2931 3881 2973 non
3950 2910 4031 2974 ab
4098 2910 4239 2973 eius
4305 2908 4694 2974 liberalitate
4745 2913 4794 2971 et

2881 3016 3084 3060 mann
3131 2996 3513 3061 beneficium
3562 2996 3735 3061 istud
3784 3017 3912 3078 qua
3958 3015 4075 3078 par
4118 3007 4220 3061 est
4263 2995 4640 3060 reverentia
4677 3013 4792 3058 sus·

2881 3080 3210 3163 cipietur?
3255 3083 3463 3146 Porro
3508 3081 3887 3147 discendum
3933 3087 4131 3145 etiam
4179 3102 4261 3145 ex
4311 3083 4550 3146 Annae
4596 3078 4792 3156 verbis,

2880 3188 2920 3231 a
2986 3167 3128 3232 Deo
3191 3188 3311 3232 sua
3378 3168 3565 3232 nobis
3632 3169 3798 3232 dona
3855 3167 4082 3250 largiri
4138 3167 4520 3249 incipiente,
4585 3167 4793 3232 maiora

2879 3274 3139 3335 semper
3200 3252 3659 3335 exspectanda.
3753 3255 3978 3335 Neque
4023 3252 4196 3317 enim
4243 3263 4345 3318 est
4389 3274 4544 3319 cum
4591 3263 4790 3316 morta-

2880 3339 3055 3404 libus
3098 3339 3590 3422 comparandus,
3650 3360 3862 3421 neque
3914 3337 3993 3404 ad
4040 3339 4402 3404 humanam
4453 3356 4792 3403 mensuram

2879 3424 3019 3489 eius
3064 3445 3261 3506 opera
3304 3439 3460 3489 sunt
3505 3427 3863 3508 exigenda:
3909 3445 4113 3507 quum
4157 3425 4209 3489 si
4259 3444 4388 3507 quo
4441 3424 4586 3506 quis
4628 3422 4793 3488 alium

2877 3510 3046 3574 iuvit
3093 3512 3404 3576 beneficio
3448 3513 3834 3577 necessitate
3882 3513 4096 3592 aliqua
4142 3509 4574 3585 laborantem,
4633 3526 4794 3590 aegre

2879 3598 3045 3662 ferat
3088 3598 3301 3661 denuo
3346 3596 3426 3660 ad
3473 3619 3542 3662 se
3589 3597 3818 3661 rediri:
3879 3595 4063 3662 Deus
4109 3617 4263 3661 vero
4307 3609 4548 3661 contra
4588 3616 4696 3660 nos
4729 3590 4793 3655 sd

2877 3704 2948 3748 se
3004 3683 3261 3759 invitet,
3326 3701 3698 3764 metumque
3755 3702 4014 3746 omnem
4073 3682 4598 3764 importunitatis
4640 3677 4794 3744 nobis

2879 3768 3144 3845 adimat,
3184 3769 3666 3850 postulantibus
3691 3768 4007 3832 donorum
4035 3770 4238 3852 ipsius
4261 3768 4793 3834 continuationem

2879 3865 3073 3936 atque
3116 3854 3330 3937 coepti
3374 3856 3441 3919 in
3485 3856 3671 3919 nobis
3714 3856 3928 3939 operis
3967 3854 4461 3936 perfectionem.
4553 3850 4793 3918 Habetis

2878 3962 3070 4005 usum
3155 3940 3388 4005 horum
3460 3944 3694 4005 Annae
3762 3942 4128 4018 verborum,
4203 3940 4331 4005 sibi
4405 3955 4791 4005 numerosam

2880 4027 3123 4110 prolem
3181 4047 3265 4091 ex
3322 4049 3398 4091 eo
3458 4027 3913 4109 promittentis,
3972 4026 4142 4108 quod
4194 4026 4402 4090 filium
4453 4048 4494 4091 a
4538 4024 4677 4089 Deo
4710 4042 4791 4087 ac-

2876 4115 3185 4195 cepisset:
3255 4124 3486 4178 coutra
3550 4135 3700 4177 vero
3758 4113 3961 4196 prolis
4020 4111 4555 4177 imminutionem
4616 4111 4690 4174 de
4735 4127 4793 4172 es

2876 4200 3280 4279 superbienti
3345 4222 3420 4264 ac
3477 4221 3619 4264 sese
3686 4220 3834 4264 cum
3901 4198 4162 4262 iniuriis
4230 4197 4541 4264 efferenti
4585 4196 4794 4261 denun-

2879 4287 3125 4349 tiantis.
3192 4283 3303 4351 Sic
3362 4306 3519 4350 sane
3569 4286 3747 4349 Deus
3791 4285 4117 4366 sapienter
4162 4284 4510 4348 hominum
4553 4281 4793 4367 gloriam

2873 4382 2943 4434 et
2978 4371 3431 4436 excellentiam
3469 4393 3599 4454 qua
3633 4392 3833 4453 super
3869 4371 4028 4435 alios
4065 4370 4437 4453 gloriantur
4460 4365 4792 4441 contundit,

2876 4468 2943 4520 et
3022 4459 3089 4521 in
3170 4458 3459 4538 ipsorum
3543 4457 3991 4522 confusionem
4064 4458 4276 4520 vertit.
4368 4455 4584 4520 Suam
4647 4452 4792 4518 enim

2875 4544 3109 4607 merito
3154 4543 3426 4624 gloriam
3475 4564 3590 4624 pro
3637 4543 4049 4607 liberalitatis
4096 4555 4163 4607 et
4210 4541 4531 4606 bonitatis
4576 4539 4791 4604 ratione

2874 4630 3294 4712 conspicuam
3375 4650 3517 4693 esse
3585 4630 3744 4695 vult.
3835 4629 4023 4709 Quod
4090 4649 4245 4693 vero
4311 4627 4411 4692 vel
4486 4626 4793 4698 tardiores,

2876 4715 2980 4780 vcl
3045 4716 3401 4780 hebetiores
3460 4715 3526 4778 in
3590 4713 3713 4778 Dei
3771 4714 3981 4799 gloria
4026 4714 4220 4778 sicuti
4266 4734 4383 4795 par
4432 4725 4539 4778 est
4595 4728 4793 4795 agnos·

2875 4800 3080 4865 cenda
3143 4801 3597 4883 laudandaque
3657 4822 3901 4880 sumus,
3971 4802 4045 4865 fit
4109 4813 4182 4863 ut
4236 4801 4327 4864 sit
4379 4799 4581 4865 nobis
4633 4811 4793 4877 saepo

2875 4888 3236 4952 confusioni
3296 4899 3362 4951 et
3420 4888 3799 4969 opprobrio:
3864 4908 4095 4967 nempe
4138 4887 4307 4950 enim
4357 4897 4590 4950 nostra
4624 4880 4793 4947 tardi·

2875 4983 3008 5035 tate
3056 4973 3221 5038 bona
3265 4973 3333 5037 in
3386 4990 3673 5038 nostram
3711 4973 3988 5037 salutem
4028 4972 4354 5038 destinata
4384 4971 4793 5054 profanamusr

2878 5079 3148 5140 quorum
3228 5074 3477 5124 rectum
3564 5081 3752 5124 usum
3838 5059 4237 5141 ignoramus.
4324 5057 4585 5140 Ecquis
4645 5054 4792 5119 enim

2879 5159 3126 5210 rectum
3165 5146 3340 5210 illius
3378 5167 3567 5209 usum
3606 5159 3666 5208 et
3706 5144 3785 5207 ad
3824 5147 4102 5209 salutem
4139 5165 4280 5210 esse
4315 5142 4584 5219 dixerit,
4622 5156 4791 5223 quum

2878 5230 3090 5313 ipsum
3150 5231 3461 5296 adversus
3507 5251 3629 5295 nos
3673 5252 4124 5314 provocamus,
4184 5251 4333 5296 eum
4380 5239 4695 5312 quantum
4731 5223 4794 5287 in
