5059 6059
848 301 933 369 75
2546 298 2955 368 HOMILIA
3000 297 3120 366 LI.
4678 307 4740 374 ‘16

850 489 1066 557 dimus
1130 490 1439 574 populum
1507 487 1980 555 intolerabilem
2054 487 2439 554 servitutem
2510 509 2777 572 passum
2880 507 2965 572 go
3007 485 3159 552 viva
3205 484 3390 553 nobis
3432 487 3500 552 in
3544 487 3670 554 hac
3712 487 3984 555 historia
4027 498 4578 573 repraesentetur:
4617 503 4676 558 ut
4707 496 4750 561 si

850 578 1052 644 fuisse
1114 575 1360 642 multos
1422 596 1661 652 annos,
1741 586 1808 639 et
1872 575 1993 641 sub
2056 574 2281 657 iugum
2349 576 2777 658 asperrimum

853 666 1127 730 missum
1173 661 1373 727 fuisse
1416 661 1623 727 instar
1667 660 2052 726 miserarum
2099 660 2441 743 pecudum,
2482 660 2626 728 sine
2669 658 2780 726 de·

852 748 1166 815 sensione.
1232 747 1408 813 Nam
1442 765 1702 830 quaeso,
1739 765 2059 830 quaenam
2084 754 2228 811 erat
2261 749 2561 824 servitus,
2581 746 2779 811 etiam

848 834 1290 901 instrumenta
1332 831 1413 897 ad
1457 831 1782 900 culturam
1827 841 2042 897 terrae
2086 833 2447 898 necessaria
2487 851 2618 898 non
2664 830 2781 896 ha·

851 921 1009 987 bere
1053 919 1180 985 nisi
1223 918 1305 985 ab
1347 916 1676 984 inimicis?
1760 917 1901 984 Iam
1949 937 2104 982 vero
2148 917 2332 982 Deus
2372 937 2442 983 se
2485 916 2780 984 defenso-

848 1026 992 1073 rem
1049 1014 1117 1071 et
1174 1012 1604 1088 protectorem
1662 1003 1884 1105 populi
1942 1001 2042 1068 sui
2101 1003 2465 1086 profitetur,
2527 1023 2646 1068 nec
2688 1003 2781 1068 ita

849 1100 1093 1170 tamen,
1140 1100 1214 1156 ut
1259 1109 1569 1175 magnum
1610 1097 1816 1154 otium
1843 1089 1970 1172 ipsi
2010 1088 2221 1167 faciat,
2258 1088 2778 1173 quandoquidem

848 1199 961 1244 sae
1008 1199 1045 1243 e
1089 1184 1430 1242 exercetur
1465 1175 1650 1241 novis
1687 1174 1969 1240 hostium
2005 1174 2549 1259 aggressionibus.
2621 1172 2782 1241 Saul

850 1264 962 1349 qui
1012 1283 1115 1328 em
1159 1282 1468 1347 magnum
1515 1269 1616 1327 est
1657 1260 1678 1324 i
1759 1261 1781 1325 i
1825 1279 2032 1344 propu
2126 1259 2407 1341 aculum,
2451 1259 2596 1325 Deo
2641 1279 2783 1343 pro-

853 1369 1077 1433 speros
1112 1365 1451 1414 successus
1493 1345 1622 1431 ipsi
1710 1354 1894 1411 ante:
1949 1367 1980 1411 s
2123 1345 2552 1413 nibilominus
2596 1345 2785 1412 novis

852 1455 1112 1536 semper
1153 1433 1437 1498 hostium
1482 1430 1931 1498 invasionibus
1971 1431 2337 1497 infestatur.
2406 1432 2512 1496 Ex
2550 1429 2784 1515 quibus

853 1519 1182 1603 discimus,
1239 1518 1456 1583 Deum
1514 1535 1849 1603 nunquam
1893 1519 1962 1581 in
2010 1515 2134 1583 hae
2178 1517 2314 1583 vita
2356 1516 2493 1582 suis
2537 1518 2782 1600 perfee-

853 1615 991 1672 tam
1034 1605 1189 1670 dare
1233 1604 1520 1688 quietem
1565 1613 1633 1668 et
1676 1612 1820 1669 tran
1871 1601 2246 1668 uillitatem:
2292 1624 2396 1678 ne,
2431 1603 2487 1668 si
2524 1600 2783 1685 quando

848 1711 1004 1759 cum
1046 1689 1251 1756 variis
1295 1688 1788 1755 difficultatibus
1857 1686 2217 1754 notandum
2274 1688 2417 1768 erit,
2478 1686 2784 1753 fraenum

850 1775 1165 1843 arrodant
1228 1784 1298 1840 et
1361 1773 1664 1840 dentibus
1728 1773 2042 1840 adversus
2117 1773 2332 1856 ipsum
2413 1772 2780 1839 frendeant.

852 1862 1081 1947 Neque
1124 1861 1299 1927 enim
1342 1860 1753 1944 cogitandum
1801 1867 1901 1925 est
1940 1859 2009 1925 in
2055 1858 2179 1926 hac
2223 1859 2515 1926 terrestri
2551 1866 2617 1924 et
2651 1879 2777 1925 non

850 1948 1163 2014 diuturna
1185 1944 1718 2024 habitatiuncula,
1743 1945 1963 2013 Deum
1985 1944 2156 2011 velle
2180 1944 2365 2011 nobis
2399 1954 2777 2011 terrestrem

847 2032 1224 2119 paradisum
1278 2028 1453 2113 dare,
1511 2031 1614 2097 vel
1671 2030 1930 2097 delitias
1986 2030 2211 2097 facere.
2304 2029 2435 2098 Sed
2478 2029 2603 2096 hoc
2646 2049 2778 2096 uno

842 2127 1185 2199 contentos
1218 2137 1361 2183 esse
1393 2125 1666 2202 oportet,
1703 2115 2055 2200 perfectam
2092 2114 2462 2183 felicitatem
2488 2126 2775 2181 nostram

848 2226 993 2272 esse
1034 2205 1110 2270 in
1151 2202 1331 2270 coelo
1374 2202 1685 2287 positam:
1745 2200 2093 2284 Deumque
2137 2222 2471 2286 nunquam
2516 2200 2777 2267 defutu-

849 2311 997 2358 rum
1043 2288 1232 2356 nobis
1287 2289 1357 2353 in
1415 2288 1687 2353 summis
1744 2286 2067 2370 periculis,
2124 2287 2282 2371 quin
2337 2296 2775 2373 opportunum

847 2376 1169 2443 auxilium
1237 2372 1504 2441 adferat.
1603 2371 1738 2440 Sed
1804 2372 2086 2440 vicissim
2152 2374 2346 2439 etiam
2415 2372 2772 2450 sciendum,

851 2462 1071 2529 Deum
1117 2460 1314 2528 variis
1356 2458 1814 2524 afflictionibus
1842 2477 1964 2525 nos
1997 2466 2429 2538 exercentem,
2476 2457 2646 2525 velle
2680 2459 2775 2524 ita

852 2547 1042 2614 nobis
1085 2545 1460 2629 ampliorem
1518 2545 1730 2628 ipsum
1785 2543 2134 2610 invocandi
2188 2544 2524 2611 materiam
2586 2543 2772 2610 dare:

849 2642 919 2698 et
962 2653 1002 2697 a
1043 2629 1408 2698 carnalibus
1450 2629 1755 2696 omnihus
1800 2629 2139 2697 affectibus
2182 2651 2471 2708 avocare,
2516 2649 2603 2695 ne
2645 2629 2775 2696 illis

851 2715 1283 2784 inebriemur:
1327 2713 1410 2781 ad
1451 2737 1612 2799 quas
1655 2736 1771 2782 nos
1812 2737 1954 2782 esee
1995 2715 2270 2782 nimium
2313 2715 2654 2800 proclives,
2711 2724 2778 2780 et

853 2802 1127 2869 nimium
1174 2822 1365 2885 saepe
1386 2801 1468 2868 ab
1491 2800 1618 2868 illis
1652 2800 1829 2867 eludi
1861 2802 2004 2885 ipsa
2038 2802 2445 2885 experientia
2479 2808 2773 2867 testatur.

852 2888 1076 2972 Quare
1141 2908 1345 2972 quum
1410 2887 1533 2954 boc
1595 2886 1733 2954 loeo
1798 2887 2099 2955 victorias
2167 2885 2389 2954 Saulis
2455 2885 2776 2971 audimus,

846 2976 1052 3041 etiam
1112 2973 1600 3039 meminerimus
1658 2971 1937 3039 miserae
1993 2970 2381 3038 conditionis
2438 2993 2586 3039 cum
2645 2992 2780 3056 qua

850 3061 980 3128 Dei
1071 3059 1303 3145 opulus
1347 3056 1735 3138 luctabatur,
1779 3057 2007 3124 crebro
2050 3058 2238 3122 illum
2283 3058 2473 3124 novis
2517 3079 2775 3143 aggres-

847 3146 1015 3213 sioni
1062 3167 1140 3212 us
1207 3143 1500 3211 hostibus
1567 3143 2027 3210 adorientibus.
2134 3143 2267 3209 Hic
2344 3164 2498 3209 vero
2576 3163 2777 3227 quum

850 3238 1317 3311 memorantur,
1376 3230 1520 3307 Kis,
1581 3229 1737 3314 Ner,
1779 3228 2023 3308 Abner‚
2067 3237 2135 3294 et
2176 3230 2253 3294 fit
2290 3230 2486 3295 etiam
2531 3230 2778 3295 mentio

849 3317 1330 3394 Idumaeorum,
1390 3314 1845 3391 Moabitarum,
1899 3314 2470 3381 Hammonitarum
2518 3324 2586 3381 et
2628 3314 2776 3381 reli·

853 3423 1128 3486 quorum
1207 3400 1522 3466 adversus
1600 3421 1762 3484 quos
1826 3398 1990 3466 Saul
2067 3409 2449 3485 perpetuum
2530 3400 2777 3465 bellum

1000 3488 1074 3567 it,
1130 3484 1611 3552 observandum
1669 3485 1827 3552 istos
1886 3506 2113 3553 omnes
2171 3483 2369 3552 fuisse
2424 3508 2460 3551 e
2504 3486 2781 3572 posteris

850 3509 1232 3649 ffihami,
1290 3571 1401 3655 qui
1458 3579 1676 3636 tamen
1732 3570 2066 3655 perpetuis
2121 3571 2283 3637 odiis
2326 3569 2644 3637 adversus
2687 3570 2781 3635 ls-

853 3657 1119 3724 raelitas
1160 3664 1514 3724 certarunt.
1603 3657 1693 3722 Et
1749 3655 2007 3740 quidem
2053 3655 2346 3723 Idumaei
2405 3663 2595 3722 erant
2654 3658 2779 3723 ori-

856 3742 1016 3810 undi
1059 3742 1140 3808 ab
1181 3741 1383 3808 altero
1426 3742 1707 3808 filiorum
1732 3741 1961 3821 Isaaci,
2007 3743 2246 3820 EsauO,
2291 3745 2491 3808 fratre
2528 3741 2781 3810 Iacobi:

856 3828 968 3914 qui
1013 3838 1234 3894 tamen
1278 3827 1720 3911 capitalissimi
1756 3828 1976 3895 hostes
2015 3828 2462 3895 Israelitarum
2497 3831 2778 3906 fuerant,

856 3922 924 3979 et
969 3912 1281 3979 adversus
1326 3933 1436 3980 eos
1478 3913 1784 3979 continua
1817 3912 1989 3980 bella
2023 3923 2387 3998 gesserunt.
2454 3912 2589 3980 Sed
2625 3913 2779 3997 quid

856 3999 983 4067 hoc
1026 3997 1171 4065 est?
1237 3999 1536 4064 'Pantane
1593 3997 1829 4066 fratres
1870 3999 2046 4065 inter
2101 4022 2170 4066 se
2226 3999 2372 4064 odia
2431 3999 2777 4067 exercere?

851 4085 996 4151 Nae
1037 4081 1308 4169 perinde
1350 4082 1524 4150 istud
1569 4094 1671 4151 est
1711 4104 1787 4152 ac
1830 4085 1890 4151 si
1933 4086 2128 4153 unius
2185 4084 2602 4169 eiusdemque
2639 4105 2782 4150 cor-

935 4169 1029 4237 ris
1084 4169 1377 4235 membra
1433 4169 1679 4235 mutuis
1735 4191 1875 4237 sese
1919 4171 2298 4237 mineribus
2341 4170 2780 4238 confoderent

928 4258 942 4272 ⁶
996 4277 1032 4322 c
1096 4255 1319 4339 itaque
1386 4253 1710 4320 discamus
1774 4276 1906 4321 non
1971 4256 2216 4336 mirari,
2278 4256 2333 4322 si
2389 4257 2437 4321 ii
2492 4256 2601 4340 qui
2660 4276 2780 4322 nos

853 4342 1026 4409 tueri
1049 4350 1117 4407 et
1151 4338 1495 4407 defendere
1531 4338 1857 4418 deberent,
1893 4340 2022 4425 qui,
2058 4342 2346 4426 inquam,
2382 4361 2523 4408 sese
2558 4341 2780 4409 catho-

853 4427 1019 4494 licae
1059 4425 1213 4493 fidei
1255 4433 1652 4512 protectores
1697 4435 2095 4512 nuncupant,
2140 4424 2327 4493 nobis
2369 4434 2526 4495 sunt
2558 4428 2782 4494 hostes

854 4512 1292 4580 infestissimi:
1338 4510 1856 4596 quandoquidem
1914 4534 1994 4579 ea
2036 4513 2155 4579 fuit
2200 4513 2487 4579 omnium
2531 4522 2781 4599 tempo·

857 4621 1004 4665 rum
1047 4598 1323 4664 macula.
1415 4595 1525 4665 Sic
1570 4596 1870 4664 videmus
1913 4598 2266 4682 Israelitas,
2328 4618 2462 4664 non
2523 4607 2781 4665 tantum

856 4684 1169 4752 adversus
1213 4681 1609 4750 Philistaeos
1653 4682 1891 4750 bellum
1937 4685 2245 4769 gessisse:
2303 4684 2413 4750 sed
2470 4683 2782 4750 adversus

857 4791 1203 4855 germanos
1248 4771 1503 4847 fratres,
1562 4769 1675 4854 qui
1733 4767 1942 4836 crebis
1997 4769 2172 4853 ipsos
2212 4769 2475 4853 praeliis
2519 4769 2781 4834 lacessi-

857 4863 1119 4935 verunt,
1162 4855 1395 4939 quibus
1438 4863 1660 4920 tamen
1696 4855 1914 4939 potius
1946 4854 2122 4920 ferre
2156 4857 2487 4939 suppetias
2521 4855 2604 4920 ab
2639 4855 2784 4924 aliis

858 4941 1182 5025 oppressis
1243 4940 1598 5025 oportebat.
1708 4940 1891 5007 Haec
1956 4959 2111 5006 vero
2177 4941 2363 5007 nobis
2441 4939 2633 5007 hodie
2710 4943 2781 5007 in

861 5034 1147 5093 nostram
1190 5027 1538 5093 utilitatem
1584 5025 1823 5092 debent
1865 5024 2123 5093 cedere:
2171 5046 2381 5112 neque
2423 5026 2599 5092 enim
2643 5048 2783 5093 ma-

858 5109 1100 5177 ioribus
1139 5112 1499 5198 privilegiis
1543 5132 1738 5197 quam
1780 5122 2000 5198 patres
2042 5119 2303 5178 nostros
2344 5113 2473 5178 frui
2507 5133 2630 5195 par
2662 5121 2781 5180 est.

858 5195 960 5266 Ae
1002 5217 1136 5262 non
1180 5194 1446 5265 dubium
1490 5206 1592 5266 est
1632 5197 1789 5284 quin
1833 5197 2140 5266 ecclesiae
2183 5197 2463 5265 conditio
2507 5206 2578 5264 et
2618 5199 2782 5266 ima-

2881 592 3004 638 nos
3046 571 3128 637 ab
3187 572 3266 638 iis
3324 572 3708 658 quibuscum
3763 573 3868 640 vel
3923 576 4241 660 sanguine
4284 576 4384 641 vel
4454 581 4752 647 necessitu-

2882 657 3034 724 dine
3075 656 3295 742 aliqua
3336 659 3541 727 iuncti
3585 680 3811 727 sumus
3854 663 4060 745 premi
4105 670 4173 727 et
4216 661 4416 746 affligi
4458 662 4540 728 ali
4579 685 4652 729 ua
4677 685 4751 731 rs·

2881 744 3060 809 tione
3103 745 3465 829 contigerit,
3527 766 3610 811 ne
3667 767 3909 812 novum
3965 758 4032 811 et
4088 747 4328 813 isolens
4366 746 4432 812 id
4480 769 4522 813 n
4599 751 4647 815 is
4680 752 4752 817 vi·

2882 828 3131 906 deatur,
3188 840 3304 895 aut
3364 850 3561 916 aegre
3614 831 3920 912 feramus,
3977 832 4493 916 quandoquidem
4552 854 4620 900 ea
4664 836 4756 903 fuit

2879 915 3176 981 omnium
3211 916 3616 984 saeculorum
3637 917 4053 985 consuetudo.
4095 918 4446 985 Caeterum
4468 918 4574 986 hic
4602 921 4757 987 etim

2880 1002 3176 1085 observa,
3222 1002 3441 1068 Deum
3483 1002 3711 1070 fecisse
3753 1004 4087 1087 promissa,
4133 1024 4335 1088 quum
4372 1004 4633 1070 Saulem
4666 1007 4759 1072 ele·
4882 1064 4883 1071 ,

2881 1087 3000 1238 fit,
3044 1107 3292 1186 suoque
3333 1087 3575 1172 populo
3619 1109 3838 1175 regem
3929 1090 4209 1168 raefecit,
4269 1110 4504 1173 nempe
4545 1090 4669 1158 fore
4702 1093 4759 1158 il·
4882 1122 4883 1127 ¹

2883 1173 3780 1362 rgglmfgipglduliizffeidossssd
3826 1260 4008 1328 Deus
4053 1260 4445 1338 decreverat.
4504 1263 4761 1349 quemad·

2883 1342 3146 1409 modum
3216 1343 3523 1429 deinceps
3586 1345 3988 1413 videbimus:
4053 1356 4276 1414 tamen
4341 1346 4507 1414 illud
4567 1350 4763 1432 partin

2885 1438 3099 1495 ratum
3144 1430 3314 1510 feeit,
3403 1452 3555 1497 uum
3601 1433 3981 1514 fortunavit,
4037 1440 4106 1500 et
4159 1433 4406 1500 malum
4451 1435 4520 1499 in
4564 1435 4760 1501 bonum

2882 1514 3098 1580 vertit.
3129 1600 3143 1615 ·
3186 1516 3374 1617 Mete
3416 1525 3566 1619 atur
3622 1518 3797 1583 enim
3853 1519 4070 1603 populi
4130 1519 4491 1618 petulantia
4530 1526 4603 1585 ut
4638 1518 4761 1586 Saul

2881 1599 3695 1789 :matuatus
3727 1613 4108 1757 :aaa
4164 1603 4764 1789 :wama

2881 1771 3088 1836 randa
3130 1780 3197 1838 et
3239 1774 3700 1840 inaestimabili
3744 1775 4031 1842 bonitate
4073 1775 4342 1843 Saulem
4399 1773 4606 1841 voluit
4652 1795 4764 1843 eun

2880 1857 3121 1941 popule
3179 1857 3460 1944 benigne
3516 1869 3581 1926 et
3641 1872 3980 1929 mansuete
4030 1882 4243 1947 agere,
4309 1861 4516 1928 donec
4580 1881 4763 1926 verum

2880 1962 3102 2028 regem
3174 1963 3214 2008 a
3278 1963 3348 2009 se
3406 1945 3801 2012 destinatum
3860 1947 4185 2014 Davidem
4256 1948 4662 2014 suscitaoeet:
4713 1958 4766 2011 ut

2879 2027 3193 2113 populum
3236 2029 3608 2097 ostenderet
3651 2051 3803 2098 vere
3844 2033 3913 2098 in
3951 2033 4188 2100 librum
4226 2033 4396 2099 vitae
4431 2034 4765 2117 ascriptum,

2877 2124 2945 2180 et
2998 2115 3065 2179 in
3124 2133 3306 2197 spem
3368 2118 3550 2203 regni
3607 2117 3783 2184 illius
3838 2119 4086 2184 aeterni
4144 2128 4472 2195 vocatum,
4531 2116 4764 2204 quodie

2876 2199 3164 2266 Domino
3210 2211 3435 2268 nestro
3480 2202 3632 2269 Iesu
3677 2204 3947 2271 Christo
3992 2204 4385 2288 patefactum
4430 2213 4553 2270 est.

3045 2284 3189 2351 Iam
3234 2308 3396 2353 vero
3438 2288 3847 2373 procidamus
3883 2295 3990 2357 etc.

3512 2578 4005 2665 HOMILIA
4047 2582 4184 2664 LI.

3641 2715 3838 2784 οΑΡ.
3882 2717 4035 2783 XV.

3056 2887 3112 2951 1.
3161 2885 3457 2953 Etdioeit
3504 2886 3759 2955 Samuel
3799 2889 3887 2956 ad
3930 2887 4110 2969 Saul,
4150 2889 4767 2959 memiss'tDomim

2880 2977 2953 3039 ut
2991 2991 3287 3056 ungerem
3329 2977 3385 3037 te
3425 2972 3496 3038 in
3542 2993 3744 3059 regem
3796 2994 3987 3057 super
4031 2975 4339 3058 populum
4398 2977 4543 3044 eius
4584 2972 4765 3056 Israel,

2878 3077 3046 3124 nunc
3086 3077 3226 3143 erqo
3269 3058 3427 3125 audi
3468 3077 3674 3125 vocem
3715 3057 4000 3127 Domini.
4084 3060 4147 3125 2.
4185 3060 4361 3127 Haec
4398 3062 4557 3129 dicit
4593 3060 4767 3129 Doni-

2877 3163 3000 3209 nus
3056 3144 3449 3211 exercituum.
3555 3143 3861 3211 Recensui
3912 3166 4307 3230 quaecunque
4358 3146 4508 3229 fecit
4558 3145 4767 3213 Audet

3044 3229 3133 3308 “‘,
3174 3230 3473 3312 quomodo
3516 3229 4767 3300 resutiteiinviawmadsaendoeddo

2878 3314 3179 3399 Aeqypto.
3264 3314 3324 3380 3.
3382 3314 3574 3384 Num
3630 3335 3773 3401 erqo
3829 3318 3986 3384 vade
4039 3322 4099 3384 et
4141 3322 4400 3402 peracte
4452 3317 4767 3385 Amolotd

2877 3401 3176 3500 devinctio-e
3209 3402 3508 3468 univorsa
3550 3402 3720 3468 eius:
3759 3423 3884 3469 non
3914 3422 4151 3485 parcas
4189 3403 4267 3481 ei,
4310 3404 4429 3470 sed
4472 3403 4715 3485 ὑιισβα
4734 3421 4767 3468 ο

2881 3571 3093 3637 bovem
3149 3577 3206 3638 et
3263 3592 3456 3657 ovem,
3521 3574 3825 3640 camelum
3881 3580 3940 3640 et
3990 3575 4261 3642 asiam.
4364 3576 4431 3641 4.
4490 3573 4766 3657 stam&

2881 3658 3088 3740 itaque
3133 3656 3293 3723 Saul
3332 3660 3594 3741 populo,
3649 3666 3708 3727 et
3761 3659 4765 3747 recensuiteosquasiaqnosdn-

3243 3743 3256 3758 '
3330 3746 3643 3830 peditum,
3702 3750 3757 3811 et
3796 3746 3997 3815 decem
4039 3745 4245 3813 mt'llia
4285 3747 4578 3813 virorum
4613 3744 4764 3812 Mo.

2879 3827 2943 3895 5.
2994 3828 3313 3910 Quantoque
3352 3830 3805 3898 veniseetS'wl
3844 3851 4041 3915 usque
4079 3832 4167 3899 aa
4206 3831 4764 3907 eivitatmdsnaloe.

2877 3914 3124 3980 tetendit
3161 3914 3440 3982 insidias
3471 3917 3544 3984 in
3582 3922 3863 3984 tenende.
3927 3918 3988 3984 6.
4024 3916 4331 4000 Dixitque
4357 3916 4527 3986 Sana
4560 3917 4767 3985 oenum

2880 4000 3081 4078 Abia,
3123 4000 3398 4078 recedite,
3441 4008 3624 4086 atque
3664 4003 3954 4071 discedite
3991 4003 4071 4069 ab
4110 4002 4372 4071 Amulec
4402 4025 4485 4071 ne
4522 4004 4671 4087 forte
4701 4002 4769 4067 ia·

2878 4085 3125 4151 volvam
3167 4090 3223 4151 tc
3262 4105 3402 4152 cum
3443 4108 3534 4172 eo,
3577 4096 3648 4158 tu
3691 4090 3857 4155 enim
3895 4089 4102 4173 fecisti
4143 4089 4634 4155 misericordia»
4665 4104 4765 4153 aa·

2882 4170 3166 4237 omnibus
3202 4171 3364 4254 filiis
3409 4173 3634 4254 Israel,
3696 4195 3888 4258 quum
3919 4174 4359 4241 adscendero&
4398 4175 4480 4242 de
4520 4173 4764 4260 Aoum

2881 4255 2970 4322 Et
3008 4256 3552 4326 recessitOEnaeooe
3594 4263 3674 4327 de
3714 4259 4214 4328 medioAmalec.
4282 4259 4343 4325 7.
4380 4258 4764 4340 Perae-esim

2884 4341 3047 4408 Saul
3084 4343 3340 4411 Amalec
3382 4343 3463 4410 ab
3508 4345 3762 4425 Hevn'la,
3819 4348 4008 4414 donec
4061 4346 4274 4412 venias
4313 4346 4402 4413 ad
4451 4345 4599 4427 Sur,
4646 4359 4763 4428 qum

2879 4432 2969 4493 est
3012 4448 3045 4494 e
3083 4429 3331 4512 νομίσω
3371 4429 3663 4518 Aegypti.

3051 4599 3339 4685 Insignis
3383 4605 3772 4688 explicanda
3815 4604 4002 4670 nobis
4042 4603 4318 4670 historia
4360 4604 4660 4687 sequitur,
4709 4600 4757 4661 in

2881 4704 3009 4768 qua
3051 4688 3566 4772 contemplemur
3624 4698 4023 4777 quantopere
4077 4688 4255 4755 salus
4311 4690 4616 4756 eeclesiae
4652 4685 4756 4751 neo

2880 4792 3032 4837 cara
3091 4773 3210 4837 sit:
3277 4784 3341 4839 et
3399 4775 3709 4859 vicissim,
3773 4784 4018 4860 quanta
4069 4795 4227 4841 eura
4284 4785 4353 4841 et
4408 4774 4619 4841 studio
4672 4788 4757 4836 nou

2879 4865 3174 4941 oporteat
3215 4859 3587 4927 incumbere
3620 4864 3690 4929 in
3726 4861 4049 4928 mandatis
4070 4859 4349 4926 Domini
4382 4863 4525 4927 sine
4556 4866 4755 4924 conns·

2881 4943 3162 5010 dictione
3225 4945 3600 5030 implendis:
3667 4958 3745 5015 ut
3806 4948 3961 5013 licet
4013 4945 4223 5014 nestri
4282 4966 4513 5012 sensus
4566 4942 4751 5011 abhor-

2883 5036 3089 5106 reant,
3151 5038 3368 5097 tamen
3424 5032 3633 5117 ipsius
3675 5033 3999 5102 voluntati
4042 5032 4535 5099 satisfaciamus.
4612 5027 4750 5094 Into-

2882 5113 3152 5181 leranda
3215 5116 3391 5182 enim
3455 5122 3828 5207 arrogantia
3889 5119 4007 5185 illa
4068 5127 4185 5197 est,
4250 5139 4447 5202 quum
4508 5110 4751 5183 mortali·

2883 5199 3077 5267 audet
3120 5201 3434 5271 adversus
3475 5215 3830 5274 creatorem
3876 5204 4164 5289 obloqui:
4229 5213 4297 5271 et
4351 5204 4475 5272 sibi
4514 5202 4748 5285 aliqum

3907 1196 4012 1241 am
4066 1177 4186 1241 etsi
4249 1197 4380 1241 non
4435 1187 4573 1244 erat
4623 1179 4759 1244 istud
4882 1172 4883 1199 ³
