5059 6059
277 360 376 427 685

271 552 361 617 dat
407 566 468 612 se
519 543 682 608 nulli
741 541 1013 607 insidias
1059 541 1355 625 posuisse
1400 541 1483 607 ad
1527 541 2028 626 opprimendum
2066 542 2164 626 ip-

270 655 415 712 sum,
479 638 549 695 ut
611 630 700 694 sit
765 629 984 711 aliqua
1049 628 1420 693 differentia
1484 628 1662 694 inter
1723 629 2035 694 iniuriam
2101 636 2165 694 et

272 717 674 797 afflictionem,
759 725 833 779 ut
907 713 1174 778 fraudes
1241 722 1307 778 et
1372 715 1580 779 malas
1647 722 1819 780 artes
1886 715 2166 795 denotet,

1553 350 1653 416 IN
1698 351 1751 417 1.
1798 351 1974 417 LIB.
2022 351 2426 420 SAMUEL.
2475 352 2674 418 CAP.
2717 353 2880 419 XII.

4073 351 4201 416 686

2271 542 2556 624 Quidam
2612 544 2789 610 enim
2849 543 3013 608 haec
3056 542 3136 608 de
3178 541 3559 608 muneribus
3603 539 3999 624 intelligunt,
4067 543 4211 623 qui·

2269 630 2391 695 bus
2435 628 2680 696 iudices
2721 638 3266 714 corrumpuntur,
3311 636 3386 693 ut
3433 628 3503 692 in
3540 625 3800 692 iudiciis
3835 628 4215 706 caecutiant,

2270 724 2336 779 et
2393 715 2499 780 ius
2558 739 2689 781 non
2748 717 3034 795 videant,
3094 713 3210 780 sed
3255 713 3336 778 ad
3382 714 3629 778 malum
3673 713 4088 789 conniveant,
4133 728 4208 777 ut

271 807 467 891 quibus
506 801 726 866 miseri
776 800 1075 865 homines
1119 800 1366 864 incauti
1412 802 1892 883 opprimuntur,
1953 811 2017 864 et
2076 802 2167 866 ita
2268 800 2430 866 illud
2491 802 2783 867 inultum
2828 803 3253 884 relinquatur.
3343 799 3612 865 Samuel
3657 820 3727 863 se
3771 801 3852 863 ab
3895 798 4020 863 hac
4063 820 4205 864 cor·

264 891 486 977 quidem
536 896 610 951 ut
669 887 801 951 illis
862 885 1043 969 digni
1090 885 1321 968 poenis
1365 907 1584 951 coram
1628 886 2004 951 hominibus
2049 908 2164 969 ap-

267 988 518 1063 pareant.
621 972 894 1037 Samuel
963 991 1120 1037 vero
1181 980 1383 1055 negat
1440 994 1510 1037 se
1569 973 1739 1037 ullas
1797 973 2169 1038 istiusmodi

264 1078 409 1131 artes
449 1079 815 1142 usurpasse,
860 1058 1094 1139 quibus
1138 1056 1436 1123 incautos
1480 1057 1801 1136 obrueret,
1862 1067 1929 1123 et
1978 1080 2167 1143 prae-

264 1164 415 1215 terea
473 1158 666 1229 negat
731 1165 802 1209 se
868 1143 1185 1207 iniurium
1253 1143 1554 1225 cuiquam
1623 1146 1855 1223 fuisse,
1920 1156 2033 1209 aut
2098 1144 2168 1209 vi

258 1235 577 1319 quidquam
623 1232 871 1295 fecisse.
932 1229 1233 1312 Denique
1277 1230 1420 1294 istis
1466 1231 1684 1297 verbis
1727 1231 2168 1297 innocentiam

260 1340 422 1387 suam
464 1317 787 1399 patefacit,
847 1323 913 1380 et
971 1315 1259 1380 ostendit
1305 1336 1375 1379 se
1421 1317 1586 1381 nulli
1628 1338 1898 1402 gravem
1946 1318 2167 1399 fuisse,

259 1426 445 1488 neque
487 1402 674 1466 donis
721 1412 837 1466 aut
881 1400 1261 1465 muneribus
1304 1412 1682 1484 corruptum
1727 1403 2036 1467 iniuriam
2077 1404 2168 1467 fe·

258 1494 417 1567 cisse,
471 1508 684 1570 neque
731 1488 910 1552 falsis
956 1487 1495 1566 accusationibus,
1557 1509 1766 1571 neque
1809 1489 2167 1555 criminati-

258 1579 463 1643 onibus
505 1594 900 1656 quemquam
946 1574 1015 1637 in
1069 1573 1417 1639 discrimen
1465 1572 1836 1653 adduxisse,
1893 1596 2014 1640 nec
2060 1575 2170 1639 de-

251 1667 424 1745 nique
481 1658 901 1725 facultatibus
961 1659 1249 1742 ipsorum
1297 1659 1602 1724 inhiasse.
1693 1660 1879 1726 Mille
1925 1662 2171 1726 etenim

251 1749 501 1829 fraudes,
569 1746 752 1810 mille
821 1744 1097 1810 nocendi
1165 1758 1338 1810 artes
1405 1754 1576 1823 sunt,
1645 1746 1881 1829 quibus
1949 1748 2172 1812 miseri

249 1835 520 1899 homines
565 1833 914 1913 illaqueari
959 1831 1193 1895 solent.
1251 1831 1340 1895 Et
1384 1832 1644 1913 quidem
1690 1834 1832 1898 iure
1877 1835 1982 1917 agi
2020 1853 2171 1899 cum

249 1922 384 2004 ipsis
426 1919 778 1995 videbitur,
826 1916 996 1999 quod
1046 1918 1175 1981 illis
1222 1918 1287 1980 in
1333 1916 1576 1983 iudicio
1623 1918 2027 2001 permittitur
2069 1920 2175 1983 sui

245 2006 542 2084 defensio,
604 2024 770 2086 quae
831 2014 1051 2068 tamen
1101 2004 1316 2066 inanis
1361 2011 1460 2068 est
1505 2014 1772 2087 propter
1816 2016 1986 2069 artes
2031 2005 2171 2087 qui-

245 2093 351 2157 bus
423 2112 582 2173 prae
645 2088 887 2154 iudicio
946 2097 1330 2171 gravantur.
1434 2088 1655 2169 Quare
1710 2091 2171 2174 magistratum

245 2180 336 2260 qui
391 2199 468 2241 ex
533 2176 760 2241 animo
822 2175 981 2240 velit
1031 2174 1247 2239 officio
1293 2175 1497 2258 fungi,
1562 2178 1845 2260 cogitare
1901 2184 2170 2260 oportet,

244 2262 684 2329 abstinendum
755 2282 889 2325 non
951 2269 1212 2326 tantum
1273 2261 1581 2341 avaritia,
1647 2262 1763 2327 sed
1829 2263 2022 2329 etiam
2093 2263 2172 2327 ab

244 2350 399 2414 omni
443 2346 680 2412 frande
725 2358 792 2410 et
837 2348 1083 2430 rapina,
1141 2357 1336 2429 atque
1395 2348 1697 2413 omnibus
1748 2352 1971 2431 pravis
2015 2350 2173 2412 arti-

239 2437 360 2513 bus,
409 2434 654 2516 quibus
702 2434 920 2497 miseri
968 2443 1031 2497 et
1077 2433 1324 2498 incauti
1370 2432 1663 2498 homines
1718 2435 2173 2518 illaqueantur,

237 2534 295 2584 et
331 2520 682 2584 calumniis
728 2519 1112 2584 obruuntur.
1187 2519 1319 2582 Hic
1365 2522 1583 2601 agitur
1626 2529 1841 2585 autem
1889 2520 1969 2584 de
2014 2541 2172 2585 ava-

232 2608 366 2671 ritia
410 2616 477 2671 et
523 2605 889 2687 cupiditate
955 2605 1070 2668 illa
1114 2626 1242 2686 qua
1301 2606 1665 2688 superiores
1725 2607 1909 2672 bonis
1953 2604 2172 2672 subdi·

234 2704 427 2756 torum
495 2692 786 2756 inhiant.
893 2691 1063 2755 Nam
1132 2711 1324 2772 saepe
1397 2703 1552 2756 sunt
1617 2693 1875 2757 leonum
1941 2694 2172 2768 instar,

233 2780 428 2844 fauces
474 2788 752 2861 apertas
797 2776 1130 2856 habentes,
1196 2775 1428 2858 quibus
1486 2778 1798 2842 miserum
1857 2778 2173 2861 populum

232 2864 567 2929 devorent:
617 2875 687 2928 et
713 2873 972 2929 tenaces
997 2883 1254 2945 ungues
1289 2863 1521 2944 quibus
1557 2864 1828 2929 miseros
1864 2866 2171 2930 lacerent.

231 2948 377 3031 Quis
421 2952 606 3015 enim
654 2949 786 3013 illis
823 2971 892 3015 se
928 2956 1305 3030 opponeret,
1352 2958 1668 3031 potestate
1716 2958 1781 3015 et
1824 2951 2175 3015 autoritate

228 3037 505 3112 armatiS,
571 3057 710 3119 qua
753 3035 882 3099 tuti
926 3044 1083 3100 sunt
1127 3033 1442 3099 adversus
1489 3036 1781 3099 omnium
1828 3035 2172 3119 querelas?

234 3122 435 3202 Quare
497 3122 729 3187 danda
787 3129 887 3186 est
941 3140 1138 3202 opera
1199 3119 1701 3203 magistratibus,
1771 3130 1838 3187 et
1881 3143 2177 3187 summae

232 3210 597 3272 autoritatis
652 3207 832 3287 viris,
880 3216 954 3271 ut
998 3206 1293 3288 deposita
1339 3207 1634 3287 avaritia,
1676 3214 1742 3271 et
1786 3210 2008 3291 pravis
2043 3229 2176 3273 om-

231 3295 408 3359 nibus
453 3296 746 3371 artibuS,
789 3293 1161 3358 abstineant
1206 3292 1403 3356 etiam
1444 3293 1620 3358 omni
1664 3293 1748 3373 vi,
1792 3315 1922 3377 qua
1964 3295 2176 3359 solent

227 3382 517 3464 opprimi,
594 3380 841 3461 quibus
908 3400 1120 3460 neque
1176 3379 1542 3453 resistendi,
1603 3400 1813 3461 neque
1872 3377 2176 3464 litigandi

230 3476 286 3527 et
327 3487 513 3530 suam
565 3485 843 3532 causam
889 3463 1122 3549 agendi
1172 3473 1456 3547 potestas
1501 3473 1619 3530 est.
1708 3467 2006 3550 Pergens
2054 3465 2176 3532 Sa-

227 3553 389 3616 muel
448 3553 546 3617 ait
614 3572 694 3616 se
751 3572 882 3616 non
944 3549 1267 3632 accepisse
1311 3571 1553 3616 munus
1600 3550 1679 3616 de
1723 3572 1924 3617 manu
1969 3553 2179 3618 cuius·

227 3658 444 3718 quam:
492 3638 753 3721 quibus
798 3637 1014 3703 verbis
1060 3635 1320 3715 indicat,
1365 3658 1437 3703 se
1483 3658 1694 3720 neque
1740 3637 1927 3704 donis
1964 3658 2179 3721 neque

225 3725 613 3790 muneribus
682 3724 834 3787 ullis
893 3732 1267 3805 corruptum
1326 3723 1426 3788 ius
1475 3724 1651 3790 illius
1696 3725 1807 3806 qui
1854 3725 2178 3809 opprime-

225 3809 402 3873 batur
463 3809 874 3876 defendisse.
966 3808 1159 3888 Quod
1219 3807 1668 3875 observatione
1728 3809 2000 3893 dignum
2059 3819 2176 3875 est.

227 3892 440 3978 Neque
513 3897 708 3961 enim
781 3894 941 3960 satis
1008 3902 1108 3958 est
1172 3893 1405 3960 iudicis
1459 3897 1788 3961 sententia
1848 3917 1979 3961 non
2025 3917 2177 3963 con-

227 3980 517 4047 demnari
567 4004 731 4047 eum
762 3980 874 4063 qui
919 3980 1023 4044 ius
1059 3979 1274 4059 habet,
1321 3980 1402 4044 ad
1439 3981 1808 4065 improbum
1845 3982 2181 4049 absolven-

226 4065 385 4151 dum,
448 4068 574 4133 sed
641 4076 904 4150 oportet
956 4065 1142 4130 illum
1187 4067 1292 4130 ius
1336 4067 1605 4134 alterius
1652 4069 1824 4133 tueri
1869 4068 1995 4134 Dei
2041 4068 2178 4153 glo-

221 4154 343 4218 riae
410 4155 678 4229 studi0,
748 4160 815 4217 et
880 4152 1162 4236 proximi
1231 4150 1591 4219 dilectionis
1656 4175 1894 4220 amore.
2004 4154 2181 4219 Sane

223 4240 400 4305 multi
461 4260 681 4323 saepe
740 4237 988 4303 iudices
1049 4239 1321 4322 gloriam
1381 4252 1705 4322 quaerunt
1759 4240 1939 4305 inani
1984 4241 2182 4307 iacta-

221 4326 404 4405 tione,
452 4325 648 4409 quod
701 4333 879 4390 reete
917 4325 1286 4407 iudicarint,
1332 4332 1400 4389 et
1434 4347 1553 4391 sua
1588 4326 1920 4392 sententia
1955 4327 2186 4393 vicerit

226 4412 324 4492 qui
380 4413 644 4477 iustam
713 4431 978 4477 causam
1027 4411 1273 4477 habuit.
1363 4410 1497 4479 Sed
1544 4433 1804 4497 quaeso,
1856 4433 1983 4496 quo
2044 4413 2184 4479 iure

225 4497 658 4581 gloriantur?
713 4517 935 4561 nonne
981 4498 1157 4562 enim
1203 4499 1312 4578 qui
1356 4497 1596 4563 iustam
1636 4519 1901 4565 causam
1938 4498 2185 4579 habuit,

225 4595 479 4650 coactus
545 4592 664 4649 est
727 4583 1006 4665 supplex
1063 4583 1375 4648 iustitiam
1435 4605 1473 4647 a
1526 4594 1592 4649 te
1652 4583 1862 4649 iudice
1902 4605 2184 4667 poscere,

223 4678 290 4733 tu
351 4692 518 4737 vero
586 4671 708 4735 ius
769 4668 1146 4747 vendidisti,
1210 4676 1278 4732 et
1321 4668 1632 4733 miserum
1676 4669 2026 4754 praedatus
2071 4671 2186 4736 es?

225 4753 471 4822 Idcirco
497 4755 800 4823 Samuel
838 4755 1226 4819 nominatim
1266 4753 1373 4817 hic
1419 4757 1782 4836 profitetur,
1828 4777 1898 4819 se
1933 4756 2188 4821 nullum

225 4846 552 4928 accepisse
632 4863 678 4905 a
751 4861 1074 4923 quoquam
1160 4838 1620 4921 redemptionis
1698 4841 2009 4924 pretium:
2077 4842 2192 4909 sed

225 4947 478 5011 semper
527 4927 869 5009 aequitati
912 4925 1257 5005 studuisse,
1317 4940 1384 4989 et
1440 4948 1557 5009 pro
1615 4926 1784 4992 bona
1841 4947 2040 4993 causa
2089 4931 2189 4994 iu-

227 5010 505 5080 dicasse:
557 5024 648 5078 nt
703 5033 894 5077 nemo
938 5012 1033 5074 illi
1080 5014 1284 5094 possit
1328 5013 1738 5094 exprobrare,
1786 5014 2069 5096 pretium
2112 5017 2192 5081 ab

222 5099 351 5164 ullo
397 5100 645 5164 datum
706 5118 826 5181 pro
871 5118 1105 5164 causae
1147 5118 1301 5163 suae
1346 5097 1809 5182 redemptione.

389 5184 595 5267 Quae
643 5204 809 5249 vero
848 5192 1217 5268 sequuntur
1252 5183 1596 5265 dupliciter
1629 5186 1867 5268 exponi
1899 5192 2193 5270 possunt.

225 5268 334 5334 Ait
398 5273 626 5338 enim:
717 5270 932 5352 Neque
996 5269 1290 5335 abscondi
1352 5270 1597 5337 oculum
1659 5291 1864 5336 meum
1927 5272 2005 5337 ab
2046 5272 2193 5341 ulle.

2271 887 2529 970 ruptela
2616 889 2815 954 fuisse
2891 887 3358 953 alienissimum
3424 887 3789 968 profitetur.
3880 883 4204 964 Quoniam

2270 994 2428 1039 vero
2500 996 2693 1058 saepe
2766 976 2832 1038 in
2903 975 3104 1039 sacris
3172 973 3374 1038 oculos
3427 972 3715 1037 claudere
3789 970 4069 1035 refertur
4126 970 4209 1034 ad

2269 1060 2762 1144 negligentiam,
2821 1059 3062 1126 idcirco
3125 1059 3237 1123 alii
3294 1057 3493 1122 alium
3554 1078 3818 1121 sensum
3862 1070 4209 1139 quaerunt,

2271 1166 2507 1230 nempe
2569 1144 2942 1212 Samuelem
3002 1166 3136 1210 non
3188 1144 3498 1209 clausisse
3541 1142 3762 1207 oculos
3804 1142 3935 1207 illis
3977 1142 4209 1223 quibus

2272 1242 2412 1296 erat
2458 1233 2779 1297 auxilium
2824 1254 2905 1297 ex
2951 1231 3162 1297 officio
3207 1231 3492 1296 laturus:
3555 1228 3791 1312 quibus
3840 1228 4057 1295 verbis
4093 1226 4211 1294 Sa·

2271 1316 2448 1382 muel
2506 1326 2749 1403 purgat
2806 1339 2875 1382 se
2934 1315 3014 1381 de
3070 1316 3473 1400 negligentia
3529 1316 3598 1379 in
3643 1314 3855 1379 officio
3901 1314 4210 1392 faciendo,

2272 1411 2338 1467 et
2383 1404 2522 1468 iure
2568 1403 3120 1487 administrando,
3167 1411 3236 1467 et
3269 1402 3500 1484 cuique
3533 1421 3728 1466 suum
3766 1399 3999 1465 dando.
4086 1400 4212 1464 Ne·

2272 1511 2396 1572 que
2441 1490 2617 1554 enim
2664 1491 2875 1555 officio
2914 1491 3217 1555 functum
3265 1487 3548 1553 iudicem
3586 1485 3944 1550 dixerimus
3983 1486 4038 1550 si
4077 1506 4208 1550 non

2274 1577 2363 1640 sit
2428 1578 2705 1641 avaritia
2770 1577 3052 1654 infamis,
3122 1596 3252 1639 non
3319 1573 3738 1656 praedatione
3782 1572 4103 1636 bonorum
4148 1588 4214 1636 et

2274 1662 2681 1739 facultatum,
2752 1684 2886 1727 non
2958 1661 3226 1744 rapinis,
3297 1680 3508 1742 neque
3565 1659 3825 1723 licentia
3874 1659 4215 1737 tyrannica

2276 1748 2356 1811 ad
2445 1749 2831 1813 miserorum
2912 1748 3420 1830 oppressionem,
3501 1745 3629 1809 nisi
3693 1744 3893 1809 etiam
3959 1744 4214 1809 miseris

2276 1835 2690 1914 succurrerit,
2744 1846 2810 1899 et
2850 1835 2957 1900 ius
3000 1831 3265 1898 illorum
3310 1838 3560 1896 tutatus
3603 1830 3691 1894 sit
3734 1829 4045 1895 adversus
4091 1831 4212 1893 im-

2275 1920 2626 2000 proborum
2687 1919 2950 1985 fraudes
3008 1928 3076 1984 et
3131 1917 3601 2001 oppressiones.
3690 1916 3862 1980 Nam
3918 1929 4117 1998 prout
4174 1936 4212 1978 a

2277 2005 2420 2070 Deo
2478 2014 2634 2070 sunt
2675 2006 2745 2070 in
2792 2005 3000 2071 altum
3045 2004 3387 2087 dignitatis
3430 2003 3705 2086 gradum
3752 2002 3926 2080 elati,
3990 2001 4209 2066 subdi·

2275 2102 2494 2155 torum
2541 2091 2736 2156 etiam
2775 2092 3090 2156 maiorem
3126 2090 3271 2154 illos
3309 2088 3549 2154 habere
3584 2088 3903 2152 rationem
3939 2096 4211 2170 oportet.

2275 2178 2365 2241 Et
2430 2177 2696 2259 quidem
2752 2177 2903 2243 licet
2958 2197 3149 2241 nemo
3206 2184 3661 2258 conqueratur,
3734 2182 3955 2237 tamen
4015 2173 4212 2237 officii

2275 2264 2565 2347 ipsorum
2611 2263 2779 2328 ratio
2824 2263 3130 2346 postulat,
3187 2270 3259 2326 ut
3302 2262 3605 2326 iniuriam
3651 2258 3979 2341 depellant
4022 2279 4063 2323 a
4102 2259 4214 2322 bo-

2275 2352 2412 2414 nis:
2473 2369 2711 2430 eosque
2756 2348 3071 2415 adversus
3116 2347 3443 2432 improbos
3489 2358 3813 2423 tueantur,
3868 2365 4065 2426 quum
4110 2344 4211 2408 in·

2276 2435 2646 2501 nocentiam
2692 2442 2761 2499 et
2804 2434 3187 2518 patientiam
3224 2433 3512 2517 ipsorum
3550 2430 3876 2513 cognitam
3912 2429 4217 2507 habeant,

2278 2520 2449 2603 quod
2508 2540 2723 2603 neque
2782 2521 2961 2599 rixis,
3033 2541 3244 2603 neque
3302 2517 3692 2585 clamoribus
3737 2515 4053 2581 adversus
4095 2516 4217 2579 im-

2281 2607 2511 2689 probos
2594 2608 2958 2691 insurgant,
3048 2606 3163 2671 sed
3246 2606 3463 2687 potius
3548 2602 3871 2685 patienter
3950 2601 4217 2683 quasvis

2279 2693 2707 2758 contumelias
2773 2701 2840 2758 et
2893 2692 3170 2757 iniurias
3214 2691 3447 2755 ferant.
3536 2687 3955 2771 Quapropter
3997 2689 4218 2752 obser-

2283 2779 2569 2843 vandum
2628 2778 2874 2845 iudices
2933 2777 3261 2842 studiosos
3318 2777 3480 2840 iuris
3524 2784 3589 2840 et
3633 2775 3980 2857 aequitatis
4025 2792 4218 2856 opor-

2281 2873 2418 2929 tere
2462 2865 2531 2929 in
2577 2864 2808 2949 primis
2852 2885 2983 2929 non
3030 2862 3175 2928 duci
3212 2861 3349 2927 ulla
3382 2860 3549 2926 lucri
3585 2860 3962 2944 cupiditate,
4006 2879 4219 2940 nequo

2281 2951 2613 3017 faciendae
2658 2952 2752 3015 rei
2797 2949 3043 3017 studio:
3091 2948 3323 3014 deinde
3359 2968 3493 3012 non
3532 2946 3773 3011 alienis*
3799 2943 4218 3010 facultatibus

2276 3037 2567 3101 inhiare:
2627 3045 2769 3101 tum
2813 3037 3019 3101 malas
3064 3043 3240 3101 artes
3282 3055 3413 3099 non
3458 3030 3768 3097 adhibere
3813 3030 4049 3113 quibus
4095 3030 4216 3093 mi-

2278 3143 2573 3187 serorum
2639 3144 2795 3206 opes
2860 3120 3227 3187 corradant.
3317 3119 3618 3201 Denique
3684 3137 3767 3181 ne
3828 3115 4055 3193 leonis,
4134 3115 4218 3178 ti-

2279 3208 2502 3292 gridis,
2560 3210 2695 3275 ursi
2749 3218 2863 3274 aut
2922 3206 3195 3273 alterius
3251 3207 3421 3271 ferae
3466 3212 3769 3269 naturam
3815 3200 3898 3267 ad
3941 3199 4217 3266 afflictos

2280 3311 2345 3358 et
2389 3296 2660 3361 miseros
2703 3293 3085 3360 lacerandos
3127 3301 3195 3358 et
3235 3289 3575 3357 laniandos
3618 3288 3918 3363 induant,
3977 3294 4044 3351 et
4084 3286 4216 3352 ius-

2277 3381 2489 3447 titiam
2545 3404 2629 3447 ne
2688 3380 2976 3446 habeant
3029 3378 3362 3454 venalem,
3422 3376 3536 3443 sed
3595 3374 3996 3456 aequitatem
4059 3371 4216 3436 reti-

2280 3476 2497 3546 neant,
2545 3475 2612 3533 et
2656 3489 2847 3534 suum
2886 3465 3122 3548 cuique
3156 3463 3465 3529 tribuant.
3555 3464 3656 3527 Ac
3694 3457 4218 3543 quandoquidem

2279 3554 2408 3619 Dei
2452 3554 2704 3638 legatos
2730 3555 2800 3618 in
2847 3553 3039 3617 terris
3083 3558 3307 3636 agunt,
3351 3549 3520 3615 serio
3563 3546 3916 3630 invigilent
3959 3565 4040 3610 ne
4064 3543 4219 3627 quid

2280 3639 2524 3705 subditi
2588 3640 2747 3705 mali
2798 3638 3086 3721 capiant:
3146 3657 3228 3701 ne
3286 3635 3369 3700 ad
3414 3635 3805 3699 afflictorum
3850 3642 3917 3696 et
3960 3651 4223 3713 oppres-

2281 3748 2504 3793 sorum
2562 3725 2861 3809 querelas
2920 3722 3336 3789 dissimulent
3379 3730 3445 3786 et
3500 3720 3926 3795 conniveant,
3989 3737 4074 3781 ne
4119 3717 4221 3780 in·

2281 3815 2486 3879 iurias
2554 3812 2812 3876 miseris
2877 3810 3092 3875 illatas
3158 3808 3514 3891 negligant,
3588 3816 3654 3869 et
3717 3804 3905 3868 velut
3949 3802 4032 3867 ad
4076 3801 4222 3867 illas

2281 3898 2680 3966 caecutiant:
2730 3896 2842 3962 sed
2890 3895 3001 3960 nbi
3047 3896 3288 3959 malum
3326 3889 3585 3974 aliquod
3622 3888 4222 3967 animadverterint,

2281 3986 2505 4051 statim
2549 3984 2845 4067 puniant,
2899 4001 3111 4064 neque
3154 4001 3225 4045 se
3268 3978 3661 4044 clamoribus
3699 3976 4090 4041 miserorum
4137 3976 4219 4039 ad

2284 4071 2643 4139 vindictam
2703 4068 2782 4135 de
2840 4066 3153 4150 improbis
3212 4062 3600 4130 sumendam
3645 4062 3822 4127 trahi
3866 4063 4223 4145 patiantur,

2285 4157 2399 4224 sed
2460 4155 2589 4221 Dei
2648 4162 2714 4220 et
2773 4154 3225 4239 proximorum
3271 4171 3490 4216 amore
3535 4149 3826 4215 subitum
3872 4145 4229 4211 remedium

2286 4243 2619 4309 adferant:
2680 4250 2747 4306 et
2805 4240 2961 4306 dent
3019 4258 3283 4321 operam
3335 4245 3411 4302 ut
3468 4236 3792 4300 malorum
3848 4230 4234 4298 coercitione

2286 4328 2571 4413 populus
2637 4328 2707 4391 in
2772 4348 2929 4410 pace
2993 4333 3060 4389 et
3124 4321 3598 4406 tranquillitate
3664 4320 4105 4387 contineatur:
4167 4330 4233 4381 et

2288 4416 2446 4481 mali
2489 4412 2955 4496 suppliciorum
3001 4415 3181 4476 metu
3216 4409 3571 4493 perterriti,
3614 4428 3746 4471 non
3783 4405 3909 4469 sibi
3951 4401 4228 4484 amplius

2288 4502 2371 4568 ad
2445 4499 2711 4583 quaevis
2780 4499 3028 4581 flagitia
3090 4496 3382 4562 habenas
3440 4495 3685 4559 laxent.
3771 4491 3950 4555 Hinc
4007 4488 4230 4571 itaque

2290 4587 2596 4654 diseunto
2639 4585 3101 4669 magistratus,
3159 4590 3224 4646 et
3269 4583 3381 4666 qui
3426 4581 3554 4644 iuri
3599 4574 3876 4642 dicundo
3920 4575 4231 4673 praefecti

2291 4696 2361 4740 se
2421 4672 2503 4738 ad
2564 4670 2892 4737 Samuelis
2950 4669 3326 4751 exemplum
3384 4684 3786 4748 componere,
3855 4669 3921 4726 et
3978 4661 4044 4723 in
4090 4682 4231 4743 ipso

2292 4768 2608 4842 tanquam
2652 4758 2722 4822 in
2766 4756 3030 4839 speculo
3075 4774 3241 4839 quae
3284 4754 3416 4819 siut
3460 4750 3655 4816 officii
3688 4749 3791 4815 sui
3827 4753 4047 4830 partes
4083 4765 4231 4811 con-

2295 4844 2713 4928 templanter,
2773 4845 2830 4909 si
2890 4844 3109 4908 Deum
3167 4839 3376 4907 colere
3433 4838 3504 4901 in
3563 4856 3683 4900 sua
3737 4833 4074 4901 vocatione
4119 4854 4231 4899 cu·

2295 4933 2502 5016 piunt.
2593 4927 2724 4996 Sed
2804 4929 2875 4993 in
2947 4928 3173 5012 primis
3238 4919 3646 4991 observanda
3710 4927 3865 4985 sunt
3926 4918 4043 5013 illa
4083 4917 4234 5016 ‘Sa-

2296 5016 2534 5083 muelis
2581 5015 2795 5094 verba,
2839 5035 2904 5080 se
2947 5016 3317 5080 continenter
3357 5007 3771 5075 ambulavisse
3812 5024 4029 5070 coram
4070 5007 4237 5089 vpsis

2295 5127 2337 5170 a
2391 5102 2676 5187 pueritia
2739 5122 2859 5166 sua
2925 5101 2997 5166 in
3036 5100 3199 5165 diem
3242 5097 3442 5162 illum.
3530 5089 3916 5160 Laudabilis
3960 5111 4119 5158 sane
4164 5093 4233 5157 in

2298 5188 2607 5257 Samuele
2665 5187 3057 5254 constantia.
3146 5183 3394 5248 Multos
3451 5183 3628 5246 enim
3683 5179 3907 5245 videas
3951 5177 4034 5243 ad
4079 5186 4238 5245 tem-

2298 5297 2420 5359 pus
2463 5284 2858 5358 magnopere
2903 5274 2974 5337 in
3017 5271 3228 5336 officio
3275 5268 3566 5334 faciendo
3611 5265 3974 5351 diligentes,
4018 5272 4094 5330 ut
4136 5267 4234 5330 ni·-
