5059 6059
195 350 202 361 ·
250 329 351 397 ‘113

245 514 486 608 pensari,
522 509 769 577 ratione
811 509 933 576 hoc
975 510 1366 595 postulante,
1424 522 1672 579 cert-um
1718 521 1848 578 est:
1911 511 2116 576 multo

245 622 375 674 sane
424 597 621 681 magis
675 616 880 680 quum
935 597 1064 663 Dei
1108 599 1353 680 gratias
1395 598 1992 680 contempserimus,
2054 607 2119 661 ct

245 713 308 758 eo
356 688 704 764 contemptu
764 692 1060 748 autorem
1102 683 1295 748 etiam
1341 682 1648 748 dedecore
1689 682 2118 760 affecerimus,

242 776 400 841 illum
450 776 890 851 contemptum
943 768 1347 868 compensari
1401 788 1665 835 necesse
1721 776 1840 847 est,
1899 777 1964 833 et
2001 788 2119 850 pro

242 857 456 927 viribus
508 853 742 918 nostris
797 852 1045 918 illatam
1087 853 1399 919 miuriam
1440 853 1702 919 aboleri.
1791 851 2116 933 Quoniam

242 964 375 1012 vero
411 960 537 1005 non
578 958 805 1004 sumus
847 948 1028 1004 motu
1071 949 1290 1004 nostro
1331 940 1594 1023 proprio
1629 937 1711 1004 ad
1749 938 1918 1005 hanc
1953 958 2123 1004 com-

240 1025 646 1115 pensationem
689 1023 1030 1106 proclives,
1069 1024 1151 1090 ad
1196 1045 1338 1089 eam
1381 1025 1463 1090 ab
1506 1025 1646 1109 ipso
1687 1023 1973 1089 Domino
2016 1044 2117 1089 co-

240 1118 444 1201 gimur.
526 1108 1084 1190 Quemadmodum
1149 1111 1321 1175 enim
1397 1108 1691 1175 homines
1754 1110 2121 1192 pervicaces

242 1210 295 1266 et
353 1203 772 1273 contumaces,
842 1214 1040 1277 quum
1107 1194 1299 1261 alicui
1358 1194 1529 1261 ultro
1585 1195 1891 1259 iniuriam
1949 1195 2120 1259 intu-

241 1288 450 1359 lerunt,
506 1299 634 1345 non
694 1278 915 1345 statim
970 1279 1054 1345 ad
1111 1279 1341 1365 culpae
1385 1280 1782 1364 agnitionem
1825 1279 2121 1358 veniunt,

237 1370 333 1438 sed
383 1365 543 1433 diem
601 1364 737 1429 illis
792 1365 919 1430 dici
961 1375 1216 1449 oportet
1258 1378 1325 1430 et
1368 1366 1448 1431 ad
1495 1365 1778 1431 officium
1824 1365 1988 1448 cogi,
2047 1376 2123 1428 ut

240 1455 326 1522 vel
357 1452 537 1518 inviti
570 1460 996 1533 compensent
1029 1449 1243 1516 illatas
1276 1450 1581 1516 iniurias:
1629 1452 1724 1515 ita
1756 1450 1939 1515 Deus
1973 1469 2117 1514 cum

237 1537 573 1608 hominibus
618 1535 776 1620 agit,
828 1556 987 1618 quos
1031 1555 1231 1618 quum
1272 1535 1455 1602 nulla
1498 1545 1909 1620 peccatorum
1952 1536 2123 1600 seria

233 1622 600 1710 poenitentia
665 1621 846 1705 tangi
909 1619 1109 1703 videt,
1174 1620 1408 1687 iudicio
1473 1641 1590 1687 suo
1633 1630 1854 1700 terret,
1920 1620 2122 1686 donec

232 1714 493 1795 ipsorum
535 1706 948 1773 contumacia
990 1716 1056 1771 et
1090 1707 1451 1790 pervicacia
1486 1705 1943 1772 contundatur.
1985 1705 2120 1770 Ita-

269 1817 337 1862 ne
372 1794 500 1860 suis
533 1791 749 1877 plagis
782 1810 1001 1859 caesos
1035 1791 1256 1858 deiicit
1288 1800 1357 1858 et
1390 1791 1706 1866 humiliat,
1751 1799 1828 1857 ut
1868 1791 2124 1857 veniam

272 1886 637 1964 eprecentur
667 1885 932 1961 peccata
966 1879 1366 1944 confitentes.
1455 1877 1664 1943 Cuius
1696 1876 1791 1942 rei
1828 1877 1949 1942 hoc
1983 1877 2124 1940 loco

231 1967 457 2050 insigne
498 1963 872 2047 exemplum
908 1961 1092 2029 nobis
1125 1963 1530 2046 proponitur.
1616 1961 1912 2046 Populus
1947 1962 2123 2026 enim

236 2048 576 2117 Samuelem
621 2049 966 2114 reiecerat:
1009 2067 1174 2131 quae
1216 2048 1456 2115 iniuria
1489 2068 1618 2113 non
1656 2056 1916 2113 tantum
1953 2067 2126 2112 mor-

232 2136 402 2202 talem
451 2133 808 2211 hominem,
867 2133 982 2198 sed
1033 2134 1249 2216 ipsum
1292 2134 1507 2200 Deum
1554 2134 1885 2200 viventem
1929 2132 2125 2197 attin-

233 2222 414 2306 gebat.
492 2219 732 2301 Itaque
789 2217 1076 2302 Samuel,
1144 2219 1328 2302 quasi
1394 2218 1857 2284 elementorum
1913 2227 2127 2303 potee-

230 2314 401 2372 tatem
471 2304 762 2381 haberet,
827 2305 1114 2370 tonitrua
1177 2312 1247 2370 et
1307 2303 1569 2389 pluvias
1628 2303 1929 2389 precibus
1990 2304 2125 2368 suis

228 2391 593 2474 impetravit.
685 2387 938 2469 Quibus
993 2389 1268 2473 populus
1326 2390 1610 2469 territus,
1674 2388 1988 2473 agnoscit,
2059 2395 2125 2453 et

227 2475 459 2559 quidem
502 2476 572 2541 vi
617 2475 866 2540 maiore
908 2472 1243 2554 adductus,
1288 2496 1357 2541 se
1401 2473 1719 2541 adversus
1763 2472 1978 2539 Deum
2023 2475 2124 2539 in-

226 2563 578 2627 surrexisse.
650 2557 1091 2640 Quamobrem
1127 2559 1211 2626 ad
1249 2558 1639 2639 Samuelem,
1674 2567 1936 2643 peccata
1969 2578 2122 2624 con-

229 2644 430 2726 fessus,
486 2646 967 2730 deprecatorem
1026 2646 1321 2711 futurum
1379 2645 1688 2730 confugit.
1774 2644 1960 2710 Haec
2002 2645 2120 2709 ita·

222 2752 328 2813 que
381 2731 644 2816 publica
698 2738 800 2797 est
855 2738 1263 2813 peccatorum
1303 2731 1637 2809 confessio,
1697 2749 1897 2813 quam
1937 2729 2123 2796 Deus

224 2817 564 2882 contumaci
626 2816 736 2883 isti
794 2815 1035 2899 populo
1092 2824 1454 2899 extorquet,
1519 2816 1630 2899 qui
1685 2815 1812 2879 Dei
1872 2814 2122 2880 miseri-

222 2902 416 2967 cordia
479 2910 547 2968 et
606 2901 882 2967 lenitate
943 2900 1157 2967 fuerat
1216 2902 1474 2982 abusus,
1558 2909 1623 2966 et
1665 2900 1779 2983 qui
1820 2899 2123 2983 superbia

223 2988 466 3053 inflatus
520 3007 860 3069 nunquam
917 2985 1249 3052 emendari
1312 2987 1642 3071 potuisset,
1701 2984 1831 3051 nisi
1874 2993 2121 3051 terrore

223 3080 278 3136 et
313 3083 484 3139 metu
529 3072 840 3139 domitus.
926 3072 1032 3137 Ex
1076 3072 1309 3156 quibus
1350 3072 1575 3138 utilem
1620 3069 1980 3137 doctrinam
2021 3071 2120 3135 fa-

223 3156 326 3222 cile
375 3157 765 3242 colligimus,
833 3158 1045 3223 Deum
1102 3157 1419 3242 singulari
1464 3156 1771 3224 beneficio
1814 3177 1935 3221 nos
1976 3157 2120 3223 affi-

224 3262 365 3321 cere,
407 3252 830 3325 nostramque
872 3242 1149 3308 salutem
1191 3255 1463 3326 paterna
1505 3241 1937 3308 sollicitudine
1981 3262 2123 3325 pre-

222 3347 448 3410 eurare,
512 3349 721 3413 quum
778 3347 910 3393 non
966 3328 1123 3393 sinit
1180 3349 1299 3394 nos
1357 3328 1601 3393 diutius
1657 3329 2121 3394 contumaciter

223 3414 607 3480 maiestatem
664 3433 870 3492 suam,
915 3412 1189 3479 verbum
1231 3434 1439 3493 suum,
1493 3423 1558 3479 et
1602 3433 1799 3496 opera
1841 3424 2125 3479 contem-

223 3518 376 3565 nere.
461 3500 556 3564 Et
612 3519 814 3582 quum
870 3496 954 3563 ad
1011 3507 1420 3581 peccatorum
1471 3498 1871 3582 agnitionem
1928 3498 2123 3581 cogit,

225 3592 281 3646 et
317 3584 393 3648 ad
436 3605 507 3650 se
547 3583 797 3650 reverti
838 3583 1014 3662 facit,
1061 3591 1136 3649 ut
1174 3584 1300 3666 ipsi
1336 3582 1628 3649 debitum
1662 3581 1971 3648 honorem
2007 3584 2124 3648 tri-

224 3666 502 3750 buamus,
560 3670 770 3735 nostri
827 3688 970 3735 esse
1025 3667 1208 3734 illum
1263 3670 1605 3735 misertum
1665 3687 2124 3752 agnoscamus:

225 3761 281 3817 et
314 3775 440 3820 non
486 3755 735 3839 pudeat
776 3775 897 3820 nos
939 3762 1200 3838 peccata
1232 3754 1438 3831 fateri,
1482 3754 1634 3820 licet
1666 3753 1782 3820 illa
1815 3753 2128 3820 confessio

223 3855 350 3903 cum
426 3859 689 3906 summo
755 3838 1066 3905 dedecore
1130 3840 1470 3906 coniuncta
1534 3838 1864 3905 videatur:
1947 3839 2125 3904 omni

224 3942 541 3991 murmure
596 3923 1040 3992 abstineamus
1096 3932 1161 3990 et
1217 3926 1520 3991 omnibus
1560 3923 1874 4007 querelis:
1933 3933 2125 4007 atque

223 4007 449 4089 pudore
527 4010 762 4076 suffusi
841 4011 1236 4093 poenitentia
1320 4010 1652 4088 ducamur,
1741 4009 1910 4092 quod
1989 4018 2122 4074 tam

223 4105 495 4162 amentes
539 4105 611 4161 et
653 4095 866 4160 insani
909 4095 1241 4174 fuerimus,
1287 4106 1360 4161 ut
1395 4093 1522 4161 Dei
1558 4095 1802 4180 gratias
1836 4102 1905 4158 et
1938 4094 2122 4161 bone·

223 4178 352 4243 ficia
392 4190 527 4245 tam
573 4181 990 4264 pertinaciter
1031 4182 1211 4247 flocci
1245 4180 1586 4247 fecerimus
1621 4191 1690 4245 et
1727 4180 2126 4264 contemptui

223 4261 650 4333 habuerimus.
739 4267 943 4332 Porro
1021 4265 1304 4350 populus
1381 4267 1508 4331 iste
1588 4264 1670 4330 ad
1749 4264 2121 4332 Samuelem

224 4351 587 4434 confugiens
645 4352 738 4417 ait
801 4350 1210 4419 nominatim:
1285 4349 1418 4418 Ora
1451 4371 1573 4434 pro
1626 4352 1828 4416 servis
1868 4353 1997 4417 tuis
2037 4351 2126 4416 αᾱ

222 4431 556 4502 Dominam
598 4437 783 4503 deum
812 4442 1004 4502 mm.
1092 4435 1270 4503 Sane
1304 4436 1659 4521 prophetae
1692 4436 1766 4500 in¹
1795 4434 1916 4502 hac
1950 4436 2122 4501 exis·

225 4518 546 4587 timatione
604 4522 889 4599 fuerunt,
966 4532 1036 4587 ut
1091 4530 1306 4589 essent
1361 4522 1820 4587 intercessores
1876 4540 1951 4586 ac
2008 4541 2121 4603 pa-

224 4606 377 4668 troni
419 4606 600 4673 inter
642 4608 855 4673 Deum
899 4619 966 4671 et
1012 4608 1334 4673 homines:
1379 4627 1652 4690 quorum
1687 4624 1909 4690 preces
1942 4605 2126 4671 Deus

223 4687 593 4758 familiarius
657 4692 915 4759 audiret
972 4702 1039 4757 et
1102 4691 1507 4758 admitteret:
1585 4690 2124 4775 quemadmodum

224 4773 406 4841 etiam
459 4778 734 4844 minime
777 4776 1044 4843 dubium
1087 4788 1203 4857 est,
1233 4779 1404 4861 quin
1448 4777 1632 4843 Deus
1673 4775 1819 4841 illos
1862 4776 2124 4859 speciali

225 4860 418 4938 gratia
473 4872 540 4927 et
591 4862 935 4947 privilegio
992 4884 1189 4947 supra
1245 4862 1550 4947 populum
1607 4861 1912 4939 affecerit,
1966 4882 2124 4945 quos

223 4946 420 5010 sancti
475 4948 584 5013 sui
642 4948 910 5032 spiritus
963 4966 1211 5033 organa
1248 4968 1390 5015 esse
1432 4948 1666 5015 voluit:
1728 4968 1928 5030 quum
1973 4967 2125 5013 vere

226 5030 384 5094 servi
424 5032 634 5115 ipsius
677 5033 961 5114 fuerunt,
1006 5043 1072 5097 et
1115 5033 1334 5103 nuncii
1378 5055 1452 5102 ac
1492 5035 1878 5117 interpretes
1920 5033 2124 5119 ipsius

1509 322 1608 390 IN
1651 325 1706 390 I.
1751 323 1930 391 LIB.
1978 321 2374 390 Samum..
2420 323 2618 389 CAP.
2662 322 2825 388 XII.

4009 327 4135 393 714

2219 510 2375 576 alibi
2432 511 2500 576 in
2559 512 2757 577 sacris
2812 532 3001 596 saepe
3060 513 3167 578 hic
3208 512 3518 597 loquendi
3561 512 3793 580 modus
3836 517 4135 595 occurrit,

2219 596 2334 661 ubi
2397 597 2779 662 nominatim
2850 599 3030 663 Deus
3088 600 3464 664 nominatur
3519 598 3743 683 populi
3799 601 3898 666 sui
3955 600 4133 669 deus.

2223 679 2351 748 Sed
2432 682 2713 766 populus
2785 682 2976 749 deum
3045 682 3373 750 Samuelis
3436 684 3544 751 hic
3608 683 3765 749 dicit
3827 686 4135 769 peculiari

2221 766 2498 850 quadam
2558 768 2829 845 ratione,
2902 768 3072 851 quod
3129 770 3437 834 nimirum
3494 770 3773 836 fateatur
3815 793 3885 838 ee
3927 772 4138 857 indig-

2220 872 2400 932 num,
2454 853 2566 935 qui
2625 854 2904 936 amplius
2959 854 3233 955 populus
3289 855 3432 920 Deo
3491 853 3741 922 dicatus
3799 864 3867 923 et
3908 877 4133 924 conse-

2220 948 2438 1004 cratus
2483 938 2830 1019 habeatur:
2874 961 3058 1023 quasi
3100 939 3373 1007 diceret:
3418 940 3523 1005 Ita
3564 940 3747 1007 Deus
3788 941 4136 1009 adversum

2222 1043 2343 1088 nos
2413 1023 2744 1089 irascitur:
2813 1031 2888 1090 ut
2952 1046 3038 1089 ne
3092 1046 3163 1090 os
3215 1025 3477 1109 quidem
3534 1027 3617 1091 ad
3675 1027 3888 1109 ipsum
3947 1030 4137 1094 invo-

2219 1107 2497 1174 candum
2554 1109 2843 1175 ausimus
2900 1110 3167 1193 aperire,
3240 1131 3451 1194 neque
3507 1111 3728 1178 oculos
3786 1111 3867 1179 ad
3922 1113 4136 1197 ipsum

2217 1192 2532 1272 attollere,
2605 1195 3123 1279 quandoquidem
3189 1196 3594 1264 contumacia
3657 1207 3883 1265 nostra
3944 1199 4131 1267 nobis

2222 1278 2468 1345 aditum
2512 1279 2596 1344 ad
2638 1280 2822 1346 illum
2865 1281 3265 1348 interclusit:
3309 1282 3572 1347 interim
3617 1285 4026 1368 agnoscimus
4070 1293 4138 1350 et

2220 1366 2500 1430 fatemur
2541 1374 2609 1430 te
2649 1366 2853 1450 ipsius
2895 1366 3298 1450 prophetam,
3342 1376 3411 1432 et
3442 1367 3641 1433 fidum
3678 1377 4138 1453 acceptumque

2219 1470 2364 1516 esse
2405 1470 2700 1517 servum:
2742 1472 2819 1518 ac
2860 1452 3129 1535 proinde
3163 1472 3298 1517 non
3336 1452 3707 1521 dubitamus
3739 1456 3893 1538 quin
3917 1476 4139 1539 preces

2223 1544 2375 1601 tuae
2436 1534 2535 1599 illi
2600 1545 2823 1620 gratae
2886 1538 3020 1603 sint
3082 1547 3150 1602 et
3213 1536 3665 1605 exaudiantur.
3753 1541 3852 1606 'l'u
3918 1543 4137 1624 itaque

2222 1620 2438 1686 Deum
2497 1641 2615 1704 pro
2672 1620 2858 1689 nobis
2913 1642 3196 1705 precare.
3284 1623 3533 1689 Verum
3589 1622 3698 1689 hic
3753 1626 4136 1706 notandum,

2223 1726 2343 1772 nos
2385 1705 2540 1772 licet
2580 1708 2899 1774 maximos
2941 1717 3322 1792 peccatores,
3366 1717 3432 1774 et
3473 1730 3688 1775 coram
3733 1709 3858 1776 Dei
3902 1711 4138 1778 iudicio

2225 1792 2505 1856 maxime
2562 1812 2727 1872 reos,
2790 1814 3122 1877 nunquam
3176 1808 3392 1860 tamen
3450 1795 3791 1880 desperare
3845 1807 4139 1880 oportere

2226 1876 2307 1941 de
2351 1878 2475 1942 Dei
2518 1879 2747 1961 gratia,
2793 1879 2949 1961 quin
2992 1879 3078 1944 ad
3118 1880 3334 1963 ipsum
3371 1900 3625 1963 semper
3659 1882 4137 1981 confugiamus:

2226 1970 2380 2029 tunc
2435 1965 2608 2026 enim
2663 1964 2945 2029 maxime
3001 1966 3205 2049 ipsius
3258 1984 3378 2048 cpe
3434 1976 3501 2031 et
3555 1977 3922 2049 praesentia
3975 1987 4141 2051 opus

2225 2045 2557 2114 habemus.
2646 2047 3082 2115 Nihilominus
3137 2048 3352 2115 Deum
3396 2054 3718 2135 precaturi
3763 2052 4001 2117 debent
4040 2065 4142 2119 ter

2225 2142 2578 2216 quaterque
2619 2134 2904 2217 cogitare
2947 2136 3113 2200 serio
3155 2135 3236 2200 de
3276 2134 3482 2220 ipsius
3524 2138 3877 2216 maiestate,
3937 2158 4140 2222 quum

2227 2218 2610 2301 praesertim
2652 2219 3080 2286 conscientiae
3122 2221 3442 2288 morsibus
3485 2232 3818 2304 urgentur,
3885 2231 3951 2289 et
3993 2244 4140 2307 pec-

2223 2313 2515 2369 catorum
2574 2303 2989 2370 multitudine
3044 2314 3449 2389 premuntur,
3505 2327 3588 2372 ne
3632 2314 3873 2374 temere
3916 2316 3982 2375 et
4026 2331 4140 2375 au-

2226 2388 2446 2456 dacter
2500 2389 2715 2472 ipsum
2773 2391 3105 2457 invocent:
3170 2391 3284 2458 sed
3338 2393 3556 2476 potius
3612 2393 3784 2477 apud
3842 2413 3914 2461 se
3969 2396 4140 2478 ipsos

2226 2475 2580 2541 sentientes
2633 2496 2703 2541 se
2746 2476 3009 2543 meritos
3051 2485 3125 2542 ut
3167 2478 3248 2543 ab
3292 2476 3435 2561 ipso
3477 2478 3698 2562 procul
3737 2479 4140 2565 ablegentur,

2224 2560 2424 2625 immo
2477 2567 2546 2625 et
2587 2580 2851 2643 prorsus
2891 2562 3287 2643 reiiciantur,
3343 2564 3719 2631 confusione
3761 2563 4140 2644 obruantur,

2224 2653 2301 2710 ut
2357 2644 2438 2710 de
2489 2665 2562 2710 se
2618 2647 2779 2728 ipsis
2837 2645 3273 2731 desperantes,
3328 2649 3652 2715 Dominus
3695 2659 3915 2716 noster
3957 2651 4143 2717 Iesus

2225 2729 2528 2796 Christus
2592 2731 2911 2797 mediator
2971 2742 3037 2798 et
3098 2733 3492 2799 intercessor
3555 2736 3962 2815 interveniat,
4027 2734 4142 2818 qui

2223 2834 2341 2898 pro
2378 2815 2400 2879 i
2447 2817 2539 2881 sis
2582 2815 2752 2900 apud
2794 2828 3046 2900 patrem
3090 2818 3547 2901 patrocinetur,
3612 2830 3680 2884 et
3720 2840 3830 2885 eos
3871 2820 3998 2903 ipsi
4039 2841 4142 2886 re-

2224 2901 2401 2967 conc‘
2432 2902 2539 2966 iet.
2620 2901 2840 2968 Huius
2897 2903 3071 2968 enim
3126 2902 3369 2969 virtute
3426 2924 3545 2969 nos
3599 2905 3875 2971 caeteris
3934 2907 4139 2989 ipsius

2225 2985 2531 3052 membris
2602 2989 2979 3054 coniunctos
3057 2989 3222 3055 scire
3301 2987 3629 3070 debemus,
3703 3001 3770 3054 et
3834 2991 4137 3073 quoniam

2225 3071 2398 3135 unici
2440 3071 2746 3138 ecclesiae
2788 3073 3073 3157 corporis
3117 3072 3407 3139 membra
3449 3093 3674 3140 sumus
3716 3095 3942 3158 preces
3976 3095 4142 3159 quae

2225 3158 2294 3221 in
2334 3164 2472 3221 toto
2516 3164 2837 3224 terrarum
2882 3164 3037 3225 orbe
3079 3179 3119 3224 a
3159 3156 3460 3224 fidelibus
3502 3161 3669 3225 fiunt
3711 3160 3793 3224 ad
3838 3180 3958 3226 nos
3989 3180 4140 3244 per-

2226 3241 2452 3322 tinere,
2486 3250 2553 3307 et
2586 3242 2658 3307 in
2692 3251 2977 3309 nostram
3014 3244 3289 3310 salutem
3323 3244 3551 3311 cedere
3585 3254 3761 3312 certo
3796 3265 4141 3328 persuasos

2223 3347 2382 3394 esse.
2471 3327 2818 3394 Discamus
2859 3330 2880 3394 i
2996 3351 3077 3395 ue
3118 3330 3398 3413 primum
3445 3341 3810 3413 peccatores
3856 3352 3982 3397 non
4027 3331 4139 3398 de·

2224 3432 2369 3478 cere
2403 3413 2805 3479 confidenter
2838 3413 2920 3479 ad
3023 3436 3170 3480 eum
3206 3415 3522 3492 accedere,
3560 3437 3760 3499 quum
3794 3413 4140 3499 diligenter

2224 3497 2601 3563 examinata
2652 3499 3067 3584 conscientia,
3125 3500 3417 3566 sentiunt
3469 3522 3539 3566 se
3593 3501 3885 3585 graviter
3925 3502 4139 3585 ipsum

2224 3581 2588 3663 offendisse,
2648 3604 2856 3667 neque
2911 3584 3096 3650 illum
3154 3584 3463 3653 audacter
3519 3587 3798 3669 precari:
3854 3586 3967 3652 sed
4027 3608 4140 3671 po-

2224 3669 2356 3734 tius
2413 3689 2571 3734 suae
2625 3669 3035 3753 indignitatis
3090 3671 3378 3737 conscios
3433 3669 3515 3735 ad
3571 3670 3928 3737 Dominum
3988 3694 4137 3738 nos-

2225 3763 2399 3819 trum
2470 3752 2690 3820 Iesum
2745 3754 3082 3821 Christum
3140 3765 3436 3839 oportere
3491 3757 3858 3840 confugere,
3929 3768 4001 3823 ut
4058 3780 4140 3824 ex

2225 3838 2673 3905 coniunctione
2726 3841 3012 3907 fraterna
3068 3861 3261 3924 quam
3319 3840 3387 3906 in
3443 3840 3555 3906 illo
3598 3861 3669 3907 se
3712 3841 3953 3908 habere
3995 3864 4139 3927 cog-

2224 3932 2512 4003 noscent,
2581 3934 2955 4008 praesentes
3021 3926 3271 3993 animos
3341 3925 3655 3992 habeant:
3730 3936 3797 3993 et
3849 3929 4137 4011 quando-

2224 4009 2481 4093 quidem
2542 4012 2757 4075 sciunt
2796 4009 3011 4078 Iesum
3058 4010 3391 4077 Christum
3437 4032 3768 4095 nunquam
3815 4014 4139 4096 repulsam

2223 4097 4138 4250 tum.⁹223&⁰35⁰ssaet‘23ffi.³m.232232‘33233

3433 4234 3450 4263 2

2227 4264 2429 4330 ditum
2489 4265 2607 4331 iri:
2667 4265 2899 4332 deinde
2956 4289 3039 4332 ne
3097 4265 3395 4333 dubitent
3436 4269 3592 4352 quin
3635 4289 3785 4334 suas
3829 4269 4023 4333 etiam
4064 4270 4138 4334 fi-

2225 4349 2463 4416 delium
2541 4359 2675 4417 toto
2740 4352 2894 4419 orbe
2960 4353 3395 4435 dispersorum
3451 4375 3675 4438 preces
3726 4353 4136 4432 comitentur,

2224 4436 2391 4518 quod
2454 4435 2618 4502 nihil
2684 4446 3048 4521 separatum
3109 4438 3333 4505 fideles
3390 4461 3428 4504 a
3484 4437 3794 4504 fratribus
3836 4438 4135 4505 habeant.

2226 4520 2447 4603 Quare
2492 4523 2687 4587 etiam
2734 4523 2955 4589 fideles
2997 4534 3248 4608 oportet
3291 4524 3568 4591 invicem
3607 4524 3777 4589 dona
3811 4543 3930 4588 sna
3963 4543 4138 4589 com-

2224 4609 2577 4686 municare,
2622 4616 2688 4673 et
2722 4610 2861 4674 Deo
2900 4630 3028 4674 non
3064 4611 3282 4676 minus
3316 4608 3587 4676 sollicite
3622 4608 3949 4693 proximos
3983 4629 4138 4674 suos

2225 4713 2422 4776 quam
2485 4714 2555 4758 se
2609 4693 2782 4777 ipsos
2840 4694 3138 4776 precibus
3196 4694 3643 4761 commendare
3703 4700 3769 4760 et
3822 4694 3892 4759 in
3950 4695 4139 4761 certi-

2223 4778 2447 4845 tudine
2502 4777 2655 4844 fidei
2706 4779 3024 4846 invocare.
3116 4782 3325 4864 Atque
3368 4782 3491 4845 ista
3532 4778 3946 4846 observanda
3985 4786 4143 4846 sunt

2222 4866 2291 4930 in
2360 4862 2575 4930 verbis
2640 4863 2770 4931 illis
2832 4866 3057 4949 populi
3122 4864 3202 4931 ad
3260 4864 3669 4932 Samuelem:
3732 4864 3832 4930 'l'u
3875 4884 4140 4948 precare

2222 4948 2580 5014 Dominum
2626 4947 2843 5016 Deum
2887 4961 3074 5017 tuum
3118 4972 3234 5034 pro
3275 4950 3479 5017 nobis.
3565 4951 3791 5035 Neque
3835 4970 3989 5018 vero
4030 4971 4141 5035 pa-

2225 5034 2429 5118 pietas
2464 5034 2810 5118 quidquam
2845 5036 2952 5103 hic
2986 5035 3167 5103 locus
3200 5037 3413 5102 iuvat:
3450 5036 3560 5101 sed
3597 5035 3814 5118 potius
3847 5056 4141 5104 summae

225 5112 591 5196 voluntatis,
666 5128 734 5185 et
805 5120 1068 5186 venturi
1137 5121 1322 5205 regni
1374 5119 1700 5188 coelorum
1758 5139 2122 5201 praecones.
2225 5118 2626 5185 infidelitatis
2683 5123 2916 5205 arguit,
2970 5142 3169 5205 quum
3229 5127 3491 5187 sanctos
3533 5130 3822 5187 mortuos
3864 5121 3987 5188 sibi
4030 5142 4144 5209 pa·

225 5193 460 5268 Idcirco
516 5201 677 5270 dicit
733 5204 1009 5291 populus
1059 5224 1170 5271 ora
1229 5205 1433 5272 Deum
1488 5211 1684 5273 tuum,
1771 5206 1861 5269 Et
1904 5214 2123 5270 tamen
2227 5212 2448 5270 tronoe
2521 5214 2591 5270 et
2646 5206 2994 5273 advocatos
3052 5216 3394 5291 quaerunt.
3481 5206 3651 5273 Nem
3697 5205 3778 5272 ad
3824 5204 4150 5277 Samuelis
