5059 6059
809 307 941 374 659

819 508 1225 579 assequatur,
1271 497 1327 560 is
1365 494 1512 560 Deo
1547 494 1676 576 ipsi
1714 494 1957 559 bellum
2002 495 2221 571 infert,
2291 500 2360 558 et
2392 494 2778 573 contemnit,

816 594 1016 665 atque
1061 581 1478 646 autoritatem
1522 580 1734 664 ipsius
1794 602 1913 662 pro
1960 579 2138 645 virili
2179 580 2441 645 minuit.
2524 578 2779 661 Quam-

814 669 1042 734 obrem
1104 667 1329 732 nullus
1390 665 1498 732 1110
1558 665 1822 749 effugiis
1880 674 1949 730 et
2006 666 2539 731 excusationibus
2598 663 2780 730 locus

820 765 939 831 est,
998 773 1201 836 quum
1264 753 1405 816 vita
1462 752 1867 817 centrarium
1929 751 2312 828 testabitur,
2374 771 2576 833 reque
2634 750 2780 833 ipsa

821 836 1300 904 demonstrabit
1322 858 1444 901 000
1469 858 1601 901 000
1624 835 1755 901 Dei
1780 837 1978 903 verbo
2020 836 2443 918 acquievisse.
2488 836 2778 901 Causam

821 945 978 992 vero
1046 925 1357 1006 deinceps
1424 922 1910 1005 expendamus,
1977 943 2181 1004 quare
2253 921 2521 989 Saulem
2592 921 2779 986 Deus

822 1010 1144 1086 reiecerit,
1190 1009 1502 1092 quoniam
1550 1029 1681 1073 non
1726 1019 2129 1089 exsequutus
2154 1017 2266 1085 ‚est
2310 1009 2476 1072 iram
2502 1006 2633 1071 Dei
2663 1006 2777 1071 ad-

823 1116 1055 1162 versus
1092 1094 1613 1160 Hamalechitas.
1697 1092 1946 1159 Gravis
1991 1114 2151 1159 0000
2189 1113 2407 1173 causa,
2454 1113 2584 1176 qua
2628 1111 2779 1175 pro-

820 1193 1093 1249 vocatus
1129 1180 1451 1246 adversus
1475 1177 1745 1244 Saulem
1772 1180 1973 1254 Deus,
2020 1200 2168 1244 eum
2209 1179 2559 1244 autoritate
2595 1177 2779 1260 regia

818 1267 1149 1349 spoliaret.
1230 1265 1401 1330 Nam
1448 1265 1574 1328 etsi
1620 1262 1785 1331 Saul
1829 1265 2185 1330 multorum
2233 1264 2507 1330 aliorum
2554 1263 2775 1327 crimi-

820 1374 983 1416 num
1030 1373 1185 1416 reus
1223 1372 1441 1417 coram
1485 1350 1632 1415 Deo
1679 1349 2040 1425 tenebatur,
2090 1350 2293 1416 veluti
2331 1348 2552 1416 caedis
2596 1348 2777 1413 illius

818 1437 1209 1513 horrendae,
1255 1436 1443 1502 cuius
1488 1447 1686 1500 antea
1720 1438 2121 1501 mentionem
2157 1436 2450 1512 fecimus,
2498 1454 2629 1516 qua
2672 1454 2775 1498 sa-

819 1523 1117 1591 cerdotes
1139 1521 1515 1601 sustulerat,
1561 1542 1729 1605 01100
1768 1523 1983 1603 ipsum
2021 1522 2301 1588 faciebat
2335 1521 2406 1585 in
2430 1530 2773 1584 aeternum

818 1608 1345 1688 abominabilem,
1404 1617 1470 1672 et
1528 1608 1884 1690 indignum
1944 1608 2126 1691 regia
2173 1607 2494 1690 dignitate
2540 1604 2775 1669 redde-

817 1693 958 1759 bat:
1017 1714 1217 1776 quum
1264 1693 1654 1776 praesertim
1711 1694 1912 1758 etiam
1957 1715 2100 1757 sese
2147 1694 2229 1758 ab
2274 1691 2568 1770 ecclesia,
2626 1699 2772 1754 tan-

816 1800 1011 1864 quam
1061 1777 1358 1860 putidum
1406 1778 1795 1854 membrum,
1842 1782 2262 1844 resecuisset:
2311 1779 2507 1843 unius
2548 1786 2772 1840 tamen

812 1864 1111 1931 criminis
1155 1874 1522 1943 accusatur,
1584 1863 1755 1945 quod
1804 1885 1937 1927 non
1998 1865 2087 1928 sit
2142 1865 2309 1928 iram
2360 1861 2649 1937 Domini,
2707 1860 2771 1925 id

813 1964 914 2015 est
960 1949 1321 2015 vindictam
1366 1950 1437 2012 in
1483 1948 1980 2015 Hamalechitas
2025 1958 2451 2032 exsequutus.
2520 1947 2775 2027 Nempe

816 2036 1125 2120 quoniam
1171 2034 1351 2099 istud
1395 2034 1680 2116 primum
1718 2046 2056 2117 peccatum
2092 2035 2365 2119 gravius
2400 2032 2774 2108 admiserat,

820 2143 904 2187 ex
949 2141 1078 2203 quo
1124 2130 1438 2202 tanquam
1484 2120 1661 2184 fonte
1707 2130 1779 2183 et
1814 2121 2219 2204 scaturigine
2256 2119 2510 2201 reliqua
2548 2137 2774 2182 mana-

818 2214 1009 2273 runt:
1055 2227 1130 2271 00
1174 2206 1473 2290 proinde,
1519 2204 1676 2269 licet
1720 2216 1912 2269 antea
1956 2207 2253 2290 graviter
2276 2213 2630 2288 peccasset,
2678 2213 2773 2267 ta·

814 2314 968 2358 men
1014 2292 1201 2357 Deus
1247 2290 1468 2357 verbis
1514 2301 1580 2355 et
1624 2290 1823 2355 minis
1861 2313 2011 2356 eum
2048 2294 2369 2358 coercuit:
2414 2290 2620 2354 donec
2668 2286 2777 2352 ad-

815 2378 1019 2444 misso
1061 2379 1189 2442 isto
1234 2385 1503 2461 peccato
1546 2375 1942 2451 rebellionis,
1988 2397 2195 2459 regno
2230 2378 2322 2441 sit
2354 2375 2591 2439 merito
2626 2394 2773 2456 spo-

818 2463 1041 2528 liatus.
1119 2463 1329 2528 Porro
1390 2462 1562 2528 hanc
1609 2462 1950 2527 historiam
1993 2463 2293 2544 superius
2336 2462 2553 2544 capite
2599 2458 2774 2525 deci·

817 2548 1155 2630 moquinto
1192 2546 1551 2614 adivimus:
1597 2568 1725 2629 qua
1747 2545 2018 2613 Saulem
2056 2547 2308 2613 dictum
2343 2556 2462 2626 est,
2507 2552 2775 2628 accepto

816 2632 1133 2699 mandato
1170 2632 1252 2697 de
1296 2632 1604 2697 omnibus
1627 2632 2104 2699 Hamalechitis
2150 2655 2283 2698 una
2326 2630 2775 2698 internecione

819 2718 1136 2799 delendis,
1195 2718 1337 2800 regi
1382 2719 1763 2801 pepercisse,
1820 2727 1889 2783 et
1933 2719 2185 2802 opimas
2238 2718 2521 2803 pecudes
2565 2737 2774 2781 reser-

820 2824 1016 2875 vasse
1059 2804 1132 2869 in
1169 2801 1602 2886 triumphum,
1647 2824 1844 2886 quum
1887 2812 2106 2869 tamen
2134 2805 2321 2870 Deus
2356 2813 2492 2869 tam
2531 2802 2774 2868 bestias

813 2909 1011 2974 quam
1034 2889 1339 2955 homines
1374 2888 1801 2954 exterminari
1837 2890 2152 2968 iussisset,
2176 2889 2347 2973 quod
2383 2888 2775 2953 maledictus

815 2984 992 3042 esset
1055 2974 1166 3040 ille
1234 2974 1842 3040 Hamalechitarum
1923 2974 2226 3059 populus.
2328 2973 2775 3056 Quamobrem

817 3081 1020 3146 quum
1092 3070 1226 3125 tam
1293 3080 1677 3141 expressum
1760 3071 1934 3125 esset
2013 3062 2284 3127 Domini
2366 3060 2776 3140 mandatum,

818 3166 1020 3230 quare
1044 3145 1208 3212 Saul
1246 3146 1521 3227 impune
1561 3144 1822 3210 tulisset
1857 3145 2386 3213 contumaciam?
2429 3145 2540 3211 An
2585 3164 2778 3227 posse

816 3231 950 3298 Dei
998 3232 1329 3299 decretum
1377 3231 1679 3315 frangere
1722 3251 1795 3295 se
1838 3231 2176 3315 speravit?
2222 3233 2316 3297 Et
2350 3230 2634 3314 quidem,
2680 3229 2776 3294 fa-

819 3328 996 3396 teor,
1058 3318 1389 3400 speciosus
1445 3327 1591 3382 erat
1646 3326 2033 3399 praetextus
2092 3316 2560 3397 humanitatis,
2617 3335 2779 3399 erga

819 3425 1043 3488 regem
1069 3402 1478 3487 praesertim,
1524 3422 1688 3486 quae
1728 3401 2109 3469 humanitas
2140 3402 2330 3468 illum
2354 3403 2527 3485 apud
2552 3421 2778 3466 omnes

820 3498 1217 3557 excusatura
1283 3487 1652 3554 videbatur.
1753 3487 1949 3568 Quod
2013 3488 2096 3554 ad
2176 3490 2429 3572 opimas
2493 3485 2778 3571 pecudes

822 3575 1081 3651 attinet,
1142 3576 1263 3639 etsi
1309 3596 1392 3639 ex
1447 3573 1582 3639 illis
1636 3596 1708 3640 se
1751 3574 2285 3657 locupletandum
2332 3592 2650 3656 tanquam
2695 3593 2779 3637 ex

824 3661 1047 3746 opima
1092 3660 1333 3741 praeda
1387 3660 1679 3743 speravit
1734 3680 1888 3726 cum
1932 3660 2193 3743 populo,
2257 3669 2478 3724 tamen
2523 3658 2652 3722 1110,
2682 3656 2776 3720 af-

825 3749 1036 3813 fectus
1060 3746 1407 3828 tegebatur
1429 3744 1704 3811 honesto
1727 3754 2079 3827 praetextu
2106 3745 2316 3809 divini
2338 3745 2577 3823 cultus,
2602 3741 2776 3826 quod

827 3831 912 3899 ad
978 3831 1298 3896 sacrificia
1362 3831 1641 3914 pecudes
1706 3831 1859 3895 11100
1939 3839 2461 3897 reservarentur.
2549 3828 2777 3911 Atqui,

822 3915 1378 3999 respondit.Sauli
1403 3916 1737 3999 propheta,
1777 3916 2008 3981 melior
2043 3928 2145 3981 est
2179 3916 2553 3982 obedientia
2581 3934 2779 3998 quam

822 4001 1240 4072 sacrificium.
1322 4002 1413 4065 Et
1457 4023 1496 4066 a
1541 4001 1669 4067 Dei
1715 4023 1872 4068 voce
1918 4002 2025 4067 vel
2074 4002 2411 4066 tantillum
2454 4001 2779 4076 recedere,

822 4099 892 4156 et
933 4089 1115 4153 illius
1155 4086 1467 4152 mandata
1489 4108 1621 4152 000
1645 4087 1930 4170 exsequi,
1975 4087 2367 4154 veneficium
2414 4095 2535 4152 est.
2581 4085 2780 4164 Sane,

825 4176 883 4242 si
929 4173 1081 4257 quis
1107 4170 1330 4238 Saulis
1373 4172 1618 4236 factum
1665 4171 1746 4237 ad
1792 4174 2042 4258 ingenii
2089 4172 2365 4238 humani
2409 4181 2675 4253 captum
2714 4179 2782 4233 et

824 4258 1128 4344 regulam
1174 4257 1526 4339 expendat,
1584 4277 1715 4322 000
1776 4268 2038 4323 tantum
2097 4268 2165 4324 et
2223 4268 2359 4323 tam
2401 4267 2595 4322 atrox
2639 4275 2780 4319 esse

825 4345 1152 4428 flagitium
1176 4341 1508 4419 iudicabit,
1547 4341 1723 4425 quod
1747 4342 1933 4409 Deus
1963 4352 2099 4409 tam
2136 4364 2366 4410 severe
2405 4342 2780 4407 ulciscatur.

827 4429 1006 4513 Quid
1051 4429 1251 4508 enim,
1298 4429 1505 4508 aiunt,
1551 4428 1660 4494 hic
1703 4427 1970 4494 admisit
2012 4431 2245 4513 flagitii
2284 4425 2498 4496 Saul?
2547 4427 2780 4508 Neque

828 4517 1007 4582 enim
1070 4524 1414 4580 accusatur
1472 4512 1887 4580 sacerdotum
1952 4515 2203 4581 caedis:
2270 4533 2651 4597 quanquam
2712 4520 2781 4576 et

829 4601 1140 4682 deinceps
1186 4620 1412 4665 eorum
1460 4600 1786 4683 sanguine
1844 4619 2085 4665 manus
2141 4621 2296 4665 suas
2341 4599 2603 4681 polluit:
2664 4596 2777 4662 sed

830 4686 968 4754 solo
1012 4687 1139 4751 isto
1201 4684 1482 4750 articulo
1527 4685 1766 4750 nititur
1810 4684 2142 4751 sententia
2199 4687 2515 4751 adversus
2560 4684 2778 4766 ipsum

826 4773 981 4850 lata,
1018 4791 1272 4853 nempe,
1311 4791 1444 4835 non
1468 4772 1867 4853 exstirpasse
1890 4770 2404 4849 Hamalechitas,
2438 4778 2575 4835 tam
2599 4768 2781 4832 viros

829 4878 1027 4941 quam
1073 4857 1371 4940 feminas,
1417 4864 1484 4922 et
1526 4856 1703 4939 ipsas
1749 4857 2137 4935 animantes,
2183 4857 2299 4923 sed
2335 4852 2782 4920 misericordia

831 4951 898 5009 et
943 4942 1360 5013 humanitate
1406 4962 1599 5006 usum
1647 4940 1715 5006 in
1759 4952 2133 5026 regem,·et
2187 4944 2441 5024 opimas
2499 4937 2783 5024 pecudes

833 5048 1133 5094 servasse
1176 5027 1247 5091 in
1293 5027 1707 5093 sacrificium.
1776 5026 2014 5093 Omnis
2061 5028 2222 5093 baec
2267 5026 2489 5092 Saulis
2535 5025 2785 5089 offensa

830 5121 954 5180 est.
1047 5110 1198 5189 Sed,
1257 5111 1541 5189 obsecre,
1585 5112 1858 5179 Deusne
1902 5134 1972 5179 se
2016 5113 2285 5197 regibus
2330 5108 2628 5190 subiecit,
2670 5118 2785 5173 aut

831 5218 1023 5266 suam
1059 5197 1189 5263 illis
1225 5198 1644 5264 autoritatem
1666 5198 2197 5279 communicavit,
2235 5209 2304 5264 et
2327 5197 2607 5281 partitus
2631 5191 2779 5260 est?

2543 304 2950 373 HOMILIA
2995 305 3069 371 O.
4638 310 4728 375 660

2880 495 3067 560 Deus
3111 515 3228 576 per
3270 493 3662 576 prophetam
3706 491 3979 558 Saulem
4039 492 4322 560 iusserat
4363 498 4516 563 bello
4553 501 4733 569 Hama-

2880 580 3155 647 lechitas
3197 581 3526 662 persequi,
3585 589 3654 643 et
3695 600 3847 644 cum
3894 580 4056 644 viris
4099 582 4298 645 etiam
4341 584 4626 663 mulieres,
4663 589 4733 654 in·

2876 668 3096 732 fantes
3152 665 3351 730 etiam
3413 664 3496 729 ab
3554 663 3867 729 uberibus
3927 665 4308 748 pendentes,
4366 680 4430 734 et
4474 670 4620 751 ipsas
4663 673 4738 739 110-

2879 752 3043 818 00100
3103 771 3236 815 000
3293 750 3743 816 internecione
3803 750 4031 817 deleri.
4119 752 4282 817 'Pale
4325 753 4446 818 Dei
4485 755 4738 824 decretum

2880 847 3044 903 erat.
3132 836 3358 901 Nosne
3415 835 3624 919 igitur
3681 834 3761 900 de
3807 835 3937 900 Dei
3997 837 4258 903 iudiciis
4313 845 4744 910 controversiam

2880 922 3315 997 movebimus,
3356 932 3425 986 et
3447 922 3731 986 multum
3769 923 4347 1004 promovebimus?
4394 925 4739 1008 Nequeenim

2880 1007 2996 1074 abs
3042 1005 3330 1106 redixit
3353 1006 3641 1084 Salomo‚
3688 1028 3841 1072 eum
3888 1010 4000 1089 qui
4037 1007 4403 1075 maleficum
4435 1031 4553 1075 non
4589 1017 4741 1095 punit,

2880 1114 3015 1159 non
3059 1113 3278 1157 minus
3337 1113 3523 1157 reum
3582 1112 3727 1157 esse
3782 1111 3978 1175 quam
4037 1095 4146 1175 qui
4185 1096 4591 1161 -innocentem
4636 1120 4742 1162 enn-

2881 1179 3171 1243 demnat.
3213 1177 3454 1261 Atque,
3500 1178 3786 1257 obsecro,
3832 1179 3888 1241 si
3925 1180 4069 1260 quis
4112 1179 4318 1243 iudex
4358 1193 4661 1264 corruptus
4688 1184 4746 1249 td

2879 1264 3112 1346 capitis
3157 1284 3437 1347 poenam
3475 1264 3759 1346 aliquem
3806 1264 4092 1342 damnet,
4140 1265 4346 1330 alium
4391 1277 4589 1332 autem
4624 1269 4745 1334 01110·

2881 1349 3030 1415 dem
3089 1371 3278 1414 reum
3336 1349 3629 1415 criminis
3685 1349 4029 1429 impunem
4089 1347 4413 1427 dimittat,
4468 1354 4597 1434 quis
4639 1375 4745 1419 0001

2878 1435 3242 1515 excusabit,
3297 1457 3372 1500 ac
3418 1455 3552 1499 non
3599 1434 3835 1499 merito
3879 1440 4405 1521 προσωκοληψίας
4454 1440 4746 1507 accusabit?

2878 1521 3062 1586 Talis
3106 1520 3231 1585 fuit
3253 1519 3439 1586 Saul.
3483 1519 3665 1584 Hinc
3708 1520 3930 1602 itaque
3968 1520 4137 1585 nihil
4173 1533 4423 1587 temere
4453 1524 4617 1587 nobis
4644 1545 4745 1607 pm

2878 1606 3177 1689 suadere,
3224 1627 3431 1688 neque
3476 1605 3836 1687 quidquam
3880 1606 4185 1670 illicitum
4223 1606 4440 1673 facere
4481 1608 4744 1676 discamus.

2877 1691 3028 1757 Etsi
3073 1691 3270 1756 hodie
3308 1690 3554 1755 multos
3599 1690 3828 1755 videas
3887 1712 4288 1774 magnopere
4343 1713 4416 1757 se
4452 1695 4663 1771 efferre,
4699 1702 4745 1758 et

2876 1798 3062 1842 suam
3087 1778 3508 1841 autoritatem
3534 1775 3937 1857 praedicare,
3984 1798 4184 1859 quum
4225 1788 4450 1843 tamen
4483 1778 4628 1843 nibil
4644 1780 4745 1845 sint.

2877 1861 3059 1944 Quid
3125 1863 3234 1927 isti
3293 1859 3591 1948 (quaeso)
3654 1860 4133 1927 homunciones
4189 1864 4482 1928 facerent
4533 1865 4582 1928 si
4618 1886 4748 1947 reges

2878 1950 3145 2015 essent?
3190 1947 3326 2013 Sed
3374 1946 3528 2029 quid
3565 1948 3790 2030 potius
3831 1949 4091 2012 miseris
4135 1949 4268 2012 illis
4305 1949 4531 2014 fieret?
4571 1949 4752 2015 Nam&

2880 2031 3065 2112 Saul,
3121 2043 3261 2105 ‚tam
3321 2033 3660 2098 numerosi
3718 2033 3944 2116 populi
4003 2054 4156 2108 rex,
4227 2048 4456 2099 tamen
4507 2035 4753 2100 iudicatus

2878 2128 2978 2184 est
3019 2126 3088 2183 et
3127 2118 3617 2198 condemnatus,
3673 2119 3842 2199 quod
3889 2117 4034 2182 Deo
4077 2119 4222 2201 regi
4267 2141 4500 2203 regum
4541 2141 4646 2185 000
4676 2120 4752 2186 1111-

2878 2214 3328 2287 temperasset,
3388 2203 3543 2287 quid
3588 2204 3734 2268 istis
3793 2203 3911 2267 fiet
3954 2223 4236 2285 quorum
4285 2205 4471 2270 nulla
4510 2218 4598 2270 est
4631 2218 4756 2289 pote·

2877 2289 3060 2355 stas?
3110 2288 3287 2356 Sane
3308 2288 3496 2355 Deus
3541 2310 3765 2354 eorum
3810 2290 4297 2354 contumaciam
4344 2292 4456 2372 qui
4485 2292 4594 2355 sibi
4628 2304 4753 2355 auto-

2881 2377 3143 2440 ritatem
3191 2375 3473 2457 aliquam
3520 2387 3747 2440 contra
3789 2374 3998 2456 ipsius
4034 2387 4463 2458 praeceptum
4502 2386 4754 2459 arrogant,

2880 2462 3052 2525 male
3096 2461 3423 2540 multabit,
3468 2471 3537 2525 et
3579 2461 3648 2524 in
3695 2470 4038 2525 aeternum
4084 2459 4568 2527 condemnabit.
4638 2462 4753 2526 Nam

2880 2548 2938 2610 si
2984 2545 3171 2611 Deus
3216 2545 3406 2611 Sauli
3464 2566 3595 2611 non
3649 2546 3960 2629 pepercit,
4018 2567 4228 2628 neque
4288 2548 4562 2613 inultam
4609 2548 4757 2630 ipsius

2880 2632 3359 2698 contumaciam
3405 2631 3688 2714 reliquit,
3734 2631 4014 2696 eundem
4051 2630 4273 2696 Deum
4316 2634 4586 2697 sciamus
4621 2632 4758 2696 hodie

2881 2737 3182 2800 regnare,
3227 2726 3296 2782 et
3337 2736 3472 2782 non
3517 2728 3810 2782 mutasse
3855 2737 4071 2799 neque
4114 2729 4382 2783 mutare
4427 2732 4688 2784 naturam
4717 2726 4762 2781 01

2880 2803 3257 2868 consilium:
3321 2823 3398 2869 ac
3455 2801 3732 2885 proinde
3793 2823 4022 2867 omnes
4089 2804 4201 2884 qui
4270 2824 4423 2869 sese
4484 2803 4761 2868 extulerint

2881 2889 3181 2975 graviore
3245 2908 3401 2954 casu
3466 2888 3796 2971 ruituros,
3862 2908 3990 2971 quo
4056 2887 4258 2953 altius
4321 2889 4762 2964 conscenderint

2884 2976 3230 3056 Deumque
3273 2994 3610 3057 nunquam
3644 2975 3748 3039 sui
3770 2985 4215 3055 contemptum
4243 2974 4533 3040 inultum
4568 2974 4763 3039 relietu-

2882 3081 3050 3125 rum.
3117 3059 3472 3125 Discamus
3515 3060 3722 3143 igitur
3762 3059 3859 3125 sic
3903 3059 4151 3124 malum
4195 3070 4272 3124 00
4316 3060 4387 3124 10
4434 3060 4607 3125 001110
4638 3074 4690 3124 et
4715 3059 4760 3122 in

2883 3146 3029 3210 aliis
3072 3144 3378 3210 omnibus
3422 3143 3653 3223 odisse,
3698 3154 3772 3209 ut
3816 3143 3999 3208 nullo
4037 3165 4337 3227 unquam
4379 3156 4690 3229 praetextu
4718 3143 4762 3206 id

2883 3239 3186 3314 tegamus
3229 3230 3343 3296 sed
3389 3230 3604 3312 potius
3647 3230 4182 3310 condemnemus,
4241 3229 4590 3314 Deumque
4626 3229 4762 3314 glori·

2883 3317 3183 3394 ficemus,
3243 3326 3312 3382 et
3367 3316 3576 3400 ipsius
3633 3314 3945 3382 mandata
3997 3336 4328 3381 conemur
4387 3317 4469 3382 ad
4527 3316 4764 3380 1101000110

2881 3402 3085 3485 sequi,
3131 3410 3200 3467 et
3233 3402 3308 3467 in
3352 3402 3496 3484 ipso
3530 3400 3668 3466 solo
3692 3400 4171 3484 conquiescere,
4217 3402 4501 3486 Deoque
4532 3402 4763 3483 loquente

2879 3488 3092 3565 silere,
3159 3508 3245 3552 ne
3310 3487 3533 3554 stultis
3597 3486 4092 3562 obiectionibus,
4157 3487 4267 3550 vel
4345 3489 4559 3573 potius
4596 3498 4765 3552 contn-

2880 3574 3112 3653 macia,
3156 3571 3366 3655 ipsius
3411 3575 3479 3637 in
3517 3593 3637 3638 nos
3673 3573 3842 3638 iram
3880 3592 4325 3639 accersamus.
4373 3573 4585 3655 Quare
4621 3590 4764 3653 quum

2884 3678 3002 3723 nes
3037 3659 3238 3724 semel
3274 3679 3495 3725 coram
3529 3657 3737 3742 ipsius
3762 3657 4079 3723 tribunali
4101 3658 4250 3723 sisti
4273 3668 4586 3742 oporteat,
4625 3674 4768 3740 quum

2881 3744 2947 3808 10
2994 3743 3115 3809 filii
3161 3764 3444 3827 persona
3476 3745 3543 3808 in
3580 3743 3891 3808 iudicium
3929 3741 4418 3827 progredietur,
4463 3743 4768 3808 ardentibus

2883 3828 3189 3914 precibus
3212 3851 3364 3895 eum
3401 3830 3782 3910 invitemus,
3820 3842 3892 3895 ut
3915 3850 4039 3894 nos
4072 3830 4213 3911 ipse
4240 3842 4461 3915 regat,
4495 3840 4558 3894 et
4575 3840 4769 3893 0000110

2883 3916 3189 3993 actiones,
3227 3935 3581 3990 sermones,
3619 3915 4047 3999 cogitationes
4071 3913 4154 3979 ad
4177 3914 4398 3997 ipsius
4436 3916 4768 3981 voluntatem

2886 3999 3085 4065 verbo
3120 4021 3238 4066 suo
3284 4002 3751 4083 praescriptam
3789 4001 4169 4083 exigamus:
4217 4022 4444 4086 neque
4481 3996 4771 4080 nobisipsis

2885 4083 3238 4151 blanditias
3275 4087 3624 4151 faciamus:
3672 4086 3785 4151 sed
3830 4086 4111 4152 firmiter
4151 4084 4306 4151 Deo
4357 4087 4768 4155 adhaereamus.

2884 4177 2952 4236 et
3008 4193 3188 4254 spem
3247 4173 3509 4236 firmam
3567 4172 4009 4247 retineamus,
4067 4169 4282 4237 donec
4347 4172 4604 4237 tandem
4653 4168 4769 4233 vino

2885 4267 3148 4322 nostrae
3193 4258 3590 4322 curriculum
3637 4256 4144 4323 absolverimus:
4209 4270 4281 4321 et
4327 4257 4493 4322 nihil
4538 4256 4645 4339 ipsi
4677 4270 4771 4335 pro-

2885 4341 3024 4406 bari
3070 4362 3279 4424 posse,
3350 4344 3476 4408 nisi
3529 4340 3700 4426 quod
3747 4345 3945 4409 verbo
4007 4362 4129 4406 suo
4190 4342 4612 4425 praeceperit,
4654 4332 4768 4421 qnod

2883 4435 2985 4492 est
3028 4427 3211 4492 omni
3257 4428 3545 4493 iustitiae
3588 4427 3839 4512 regula,
3882 4427 4193 4494 sciamus.

3056 4511 3201 4578 Iam
3248 4533 3405 4579 vero
3451 4514 3645 4597 agite,
3689 4519 3795 4580 etc.
