5059 6059
910 387 1038 457 423

2542 387 2956 456 HOMILIA
2995 387 3228 454 XVII.

4681 393 4772 459 424

912 578 1304 648 minutiones
1366 577 1481 642 toti
1540 576 2024 656 cohorrescunt,
2106 584 2300 660 atque
2378 575 2832 660 magnitudine
2939 585 3269 642 metuunt:
3313 576 3590 659 denique
3631 574 3688 641 si
3732 574 3916 641 Deus
3950 574 4091 658 ipse
4123 572 4335 659 plagis
4368 575 4696 657 contundat,
4725 581 4774 647 in

912 666 1207 733 dolorum
1251 663 1533 728 eiulant:
1591 662 1754 742 Vae,
1798 683 1922 729 vae
1967 661 2166 741 nobis,
2210 661 2673 728 inclamantes:
2717 662 2830 729 sed

910 773 1043 818 non
1089 750 1398 815 diuturna
1441 757 1541 813 est
1582 747 1694 813 illa
1726 749 2015 832 ipsorum
2049 747 2499 832 apprehensio,
2545 748 2831 830 quando·

910 835 1170 921 quidem
1227 833 1309 899 ad
1368 834 1680 901 vomitum
1719 855 1909 900 suum
1955 844 2387 911 revertuntur,
2453 843 2647 917 atque
2691 832 2832 899 Deo

906 924 1036 1007 ipsi
1079 920 1383 988 reluctari
1416 929 1717 1003 pergunt.
1803 920 2035 1002 Itaque
2073 921 2139 986 in
2177 919 2305 984 illis
2340 919 2550 984 Isaiae
2586 920 2829 985 dictum

906 1007 1073 1075 illud
1133 1007 1391 1089 impleri
1456 1013 1730 1087 oportet,
1793 1026 2025 1087 nempe
2088 1005 2415 1089 improbos
2477 1003 2624 1071 illos
2689 1027 2830 1071 esse

906 1095 1117 1160 instar
1159 1091 1360 1158 maris
1403 1090 1685 1174 undique
1728 1089 2030 1173 procellis
2075 1103 2140 1156 et
2181 1090 2525 1155 horrendis
2550 1101 2829 1175 tempes-

908 1178 1154 1246 tatibus
1225 1178 1471 1261 agitati‚
1542 1186 1619 1241 ut
1691 1197 2028 1259 nunquam
2102 1177 2456 1259 quiescant.
2547 1174 2826 1241 Verum-

906 1278 1129 1332 tamen
1192 1261 1357 1328 nihil
1401 1262 1480 1328 de
1524 1262 1873 1328 rebellione
1916 1271 1984 1326 et
2026 1264 2432 1328 contumacia
2474 1282 2594 1326 sua
2635 1282 2825 1345 prop-

907 1359 1087 1417 terea
1142 1350 1504 1414 remittunt.
1594 1346 1768 1428 Quid
1827 1347 1967 1412 ita?
2026 1346 2278 1429 Nempe
2333 1348 2706 1432 arrogantia
2762 1354 2830 1411 et

905 1434 1219 1502 modestia
1279 1433 1453 1499 inter
1510 1454 1580 1499 se
1646 1442 1944 1517 pugnant
2006 1453 2089 1497 ex
2159 1432 2495 1497 diametro.
2584 1432 2831 1498 Contra

906 1519 1225 1587 modestia
1267 1540 1415 1586 cnm
1453 1540 1612 1585 vera
1646 1517 1774 1584 fido
1807 1538 2066 1602 semper
2096 1517 2441 1585 coniuncta
2474 1526 2591 1583 est.
2635 1518 2830 1584 Hanc

907 1628 1109 1691 quum
1176 1604 1495 1671 increduli
1559 1626 1690 1670 non
1755 1602 2058 1683 habeant,
2135 1615 2384 1669 certum
2450 1613 2550 1668 est
2611 1624 2830 1686 perse·

908 1712 1141 1760 verare
1196 1690 1343 1756 illos
1384 1690 1456 1755 in
1501 1710 1621 1756 sua
1661 1690 2064 1756 contumacia
2106 1689 2314 1773 magis
2358 1710 2433 1754 ac
2477 1690 2685 1773 magis
2727 1690 2828 1753 in-

909 1777 1196 1857 duratos,
1259 1783 1327 1842 et
1370 1795 1707 1858 nunquam
1751 1775 1880 1840 Dei
1922 1775 2145 1839 manni
2188 1784 2420 1856 sponte
2462 1775 2709 1851 subiici,
2754 1795 2830 1840 ac

908 1863 1179 1964 proinde
1222 1869 1466 1926 certam
1512 1863 1688 1943 ipsos
1729 1880 1994 1925 manere
2037 1859 2406 1942 perniciem,
2459 1870 2525 1926 et
2569 1860 2829 1925 tandem

902 1961 1115 2015 mstar
1170 1946 1339 2013 ollae
1395 1945 1613 2012 fictilis
1670 1946 2187 2030 confringendos.
2280 1944 2468 2010 Istud
2527 1945 2651 2011 hoc
2693 1945 2830 2011 loco

903 2042 1216 2118 tanquam
1260 2034 1329 2097 in
1374 2031 1635 2115 speculo
1679 2030 1849 2096 clare
1894 2040 2164 2115 apparet
2205 2051 2288 2096 ex
2325 2030 2832 2097 Philistaeorum

905 2120 1168 2200 eiulatu,
1212 2118 1323 2201 qui
1369 2116 1450 2182 ad
1495 2136 1684 2182 arcae
1727 2116 2081 2181 adventum
2125 2115 2382 2198 quidem
2431 2117 2829 2183 exclamant:

913 2204 967 2273 0
1018 2225 1132 2271 nos
1189 2204 1475 2286 afflictos,
1538 2221 1574 2267 o
1616 2221 1728 2267 nos
1768 2202 2047 2286 miseros,
2103 2222 2253 2267 nam
2292 2207 2588 2267 venerunt
2624 2201 2750 2267 Dis·
2790 2223 2835 2267 a

905 2291 1126 2374 quibus
1191 2288 1510 2373 Aeyyptus
1573 2288 1766 2353 tantis
1816 2287 2035 2370 plagis
2111 2293 2369 2353 contusa
2425 2293 2545 2353 est.-
2623 2288 2831 2369 ecquis

902 2376 1039 2441 illis
1080 2373 1380 2440 resistat?
1467 2374 1685 2454 Atque
1728 2372 1886 2437 haec
1929 2373 2026 2436 ita
2067 2371 2202 2448 fati,
2249 2372 2674 2439 nihilominus
2717 2371 2831 2437 ad-

906 2460 1103 2525 dunt:
1170 2460 1365 2541 Agite
1429 2456 1796 2523 Philistaei:
1864 2455 2111 2539 fortiter
2172 2478 2286 2524 nos
2344 2478 2675 2541 peramica,
2751 2478 2833 2523 ne

903 2545 1048 2611 istis
1105 2541 1414 2610 Hebraeis
1453 2543 1881 2618 subiiciamur.
1925 2545 2443 2626 quomadmodum
2484 2545 2615 2628 ipsi
2655 2544 2833 2610 nobis

904 2630 1155 2696 subiecti
1198 2629 1474 2713 fuerunt.
1560 2628 1702 2694 Nae
1759 2627 1944 2695 valde
2002 2630 2177 2694 inter
2232 2651 2303 2695 se
2350 2628 2510 2695 haec
2553 2629 2682 2695 dno
2727 2649 2832 2694 re·

910 2725 1229 2801 pugnant.
1288 2715 1434 2780 Non
1472 2715 1683 2798 magis
1717 2714 1891 2780 inter
1932 2736 2002 2781 se
2044 2715 2248 2780 maris
2290 2715 2520 2799 agitati
2562 2724 2837 2799 tempes-

903 2800 1150 2868 tatibus
1200 2810 1267 2866 et
1298 2799 1600 2883 procellis
1632 2800 1847 2866 undae
1881 2821 2024 2866 sese
2058 2800 2340 2865 invicem
2384 2800 2826 2885 absorpturae,

904 2908 1099 2971 quam
1156 2887 1286 2953 duo
1336 2886 1445 2951 isti
1488 2907 1821 2952 sermones
1864 2885 2258 2952 humilitatis
2304 2894 2373 2950 et
2415 2888 2828 2970 arrogantiae

902 2974 1285 3057 confligunt.
1373 2970 1509 3038 Sed
1553 2971 1697 3037 istis
1739 2993 1817 3036 ea
1860 2991 2029 3054 quae
2071 2969 2372 3055 superius
2416 2971 2557 3036 dixi
2601 2973 2829 3037 confir-

903 3071 1185 3136 mantur,
1251 3078 1485 3142 nempe
1539 3056 1904 3123 incredulos
1962 3057 2224 3140 quidem
2279 3077 2473 3140 saepe
2511 3058 2655 3141 cogi
2700 3056 2830 3122 Dei

901 3144 1258 3230 potentiam
1320 3143 1602 3226 experiri
1646 3152 1713 3207 et
1754 3141 1979 3208 eadem
2023 3143 2291 3208 terreri:
2345 3142 2458 3209 sed
2503 3164 2636 3207 non
2681 3142 2827 3208 ideo

903 3239 1120 3296 tamen
1187 3238 1473 3294 mentem
1530 3229 1819 3312 ipsorum
1876 3236 1945 3293 et
2000 3227 2293 3294 animum
2344 3228 2721 3313 arrogantia
2762 3237 2830 3293 et

902 3315 1311 3381 contumacia
1367 3313 1631 3397 plenum
1687 3313 1924 3378 molliri
1979 3321 2094 3379 ant
2135 3313 2487 3391 immutari,
2530 3312 2692 3379 adeo
2733 3323 2827 3393 ut,

902 3401 1053 3468 licet
1113 3400 1466 3466 imminens
1529 3419 1718 3464 suum
1784 3399 2058 3464 exitium
2121 3398 2519 3478 intueantur,
2600 3398 2831 3464 nihilo-

902 3488 1121 3552 minus
1165 3486 1231 3549 in
1277 3495 1503 3568 coepto
1533 3483 1850 3550 adversus
1887 3485 2101 3550 Deum
2137 3485 2486 3550 certamine
2523 3493 2825 3570 pergant:

903 3592 1037 3638 non
1114 3570 1442 3638 absimiles
1518 3570 1780 3636 furiosis
1836 3579 1951 3636 aut
1984 3571 2379 3654 phreneticis
2434 3571 2827 3655 hominibus,

906 3656 1094 3721 modo
1127 3657 1193 3720 in
1230 3657 1472 3740 ignem,
1510 3656 1701 3721 modo
1737 3656 1805 3721 in
1843 3665 2110 3741 puteum
2148 3676 2289 3721 sese
2324 3657 2824 3739 proiicientibus.

903 3742 1120 3823 Atque
1192 3742 1483 3807 omnium
1561 3740 1824 3807 divinae
1887 3743 2243 3807 maiestatis
2305 3751 2824 3824 contemptorum

905 3825 1056 3892 talis
1127 3834 1227 3892 est
1288 3826 1593 3892 conditio.
1680 3828 1852 3893 Nam
1907 3826 2335 3893 conscientiae
2390 3827 2828 3909 tranquillitas

903 3912 1153 3978 fructus
1208 3922 1309 3978 est
1359 3912 1530 3977 fidei.
1611 3912 2049 3995 Quamobrem
2095 3921 2342 3977 terrore
2385 3911 2647 3996 quidem
2690 3934 2826 3978 om-

904 4019 1020 4064 nes
1063 3996 1336 4081 improbi
1371 3997 1649 4081 quodam
1685 4000 2162 4078 concutiuntur,
2206 3996 2319 4063 sed
2356 4006 2573 4063 tamen
2610 3996 2828 4064 furore

902 4095 971 4152 et
1033 4082 1402 4166 phreniticis
1467 4084 1764 4167 correpti,
1852 4106 1927 4152 ac
1991 4084 2094 4148 sui
2158 4084 2449 4167 ipsorum
2508 4083 2687 4149 obliti
2754 4085 2828 4149 in

902 4169 1120 4234 Deum
1144 4169 1360 4252 ipsum
1393 4169 1675 4235 belluino
1717 4170 1964 4254 impetu
2007 4170 2324 4246 feruntur,
2368 4168 2560 4234 cuius
2600 4170 2829 4236 maies-

902 4262 1105 4322 tatem
1160 4266 1472 4337 tanquam
1528 4254 1825 4320 indomiti
1884 4256 2058 4321 tauri
2116 4255 2421 4322 cornibus
2482 4255 2829 4338 impetunt,

902 4340 1016 4407 sed
1050 4361 1168 4406 sno
1202 4340 1487 4405 maximo
1521 4339 1758 4406 damno
1792 4350 1858 4406 et
1890 4341 2121 4406 ultimo
2156 4340 2374 4407 exitio.
2440 4340 2534 4405 Et
2566 4340 2828 4424 quidem

902 4426 1012 4493 hic
1075 4426 1255 4490 locus
1312 4426 1460 4508 plus
1522 4426 1681 4491 satis
1736 4424 1911 4491 istud
1967 4426 2273 4504 declarat,
2340 4434 2409 4491 et
2448 4425 2828 4509 quotidiana

900 4510 1303 4593 experientia
1347 4512 1498 4576 facit
1540 4510 1977 4577 manifestum.
2066 4511 2261 4592 Nam,
2302 4511 2588 4594 obsecro,
2632 4533 2827 4595 quam

900 4597 1146 4663 multos
1203 4597 1446 4679 passim
1501 4595 1724 4662 videas
1775 4596 1857 4662 ad
1916 4596 2041 4662 Dei
2076 4597 2493 4662 mentionem
2538 4598 2828 4681 aliquam

898 4683 1385 4751 cohorrescere:
1450 4682 1552 4747 vel
1612 4682 1809 4746 etiam
1866 4682 2007 4747 sine
2065 4682 2199 4747 ulla
2243 4683 2576 4749 mentione
2619 4684 2830 4767 ipsius

897 4768 1178 4835 internis
1229 4766 1659 4833 conscientiae
1716 4769 2037 4835 morsibus
2092 4768 2346 4851 agitari,
2411 4768 2597 4851 quasi
2652 4769 2825 4834 diem

897 4853 1028 4920 illis
1094 4854 1275 4919 Deus
1327 4853 1472 4936 ipse
1527 4874 1742 4919 coram
1788 4874 1904 4918 suo
1946 4852 2258 4919 tribunali
2298 4854 2569 4919 diceret:
2635 4864 2829 4938 atque

898 4938 1065 5024 ideo,
1108 4939 1257 5005 licet
1291 4957 1505 5004 coram
1543 4938 1914 5004 hominibus
1957 4959 2232 5022 pavores
2274 4939 2449 5004 inter
2484 4960 2604 5006 nos
2638 4939 2830 5006 dissi-

901 5024 1172 5104 mulent,
1228 5033 1447 5090 tamen
1505 5024 1927 5090 vehementer
1982 5023 2434 5091 consternari?
2503 5025 2729 5106 Quare
2771 5027 2828 5093 si

902 5110 1069 5192 qnod
1132 5111 1389 5175 divinae
1448 5109 1773 5176 vindictae
1817 5111 2191 5193 exemplum
2235 5110 2364 5177 illis
2406 5121 2827 5193 proponatur,

903 5193 1398 5277 obstupescunt:
1435 5195 1490 5262 si
1526 5203 1921 5278 prostratum
1961 5194 2185 5263 divina
2219 5217 2420 5261 manu
2456 5198 2826 5280 proximum

902 5279 1246 5363 aspiciunt,
1312 5281 1435 5346 toti
1496 5279 1982 5363 cohorrescunt;
2045 5301 2121 5349 ac
2184 5280 2308 5349 sibi
2348 5302 2471 5367 par
2510 5281 2829 5350 iudicium

2937 662 3449 745 desperationem
3506 670 3744 742 ruunt,
3809 681 4065 744 quoque
4121 682 4194 727 se
4233 671 4490 726 vertant
4525 665 4775 733 nesciunt.

2935 746 3067 816 Sed
3135 747 3476 822 diuturnus
3539 748 3662 812 iste
3725 768 3929 830 pavor
3984 768 4111 812 non
4157 754 4277 829 est,
4341 766 4490 810 nam
4529 748 4774 817 adversus

2932 832 2954 899 i
3003 855 3146 899 sum
3216 835 3451 912 Deum,
3515 833 3722 915 posito
3787 832 4051 898 tandem
4097 843 4293 910 metu,
4352 841 4638 915 tanquam
4669 856 4776 901 cum

2934 921 3047 985 ilo
3132 919 3434 985 bellaturi
3517 920 3886 1002 insurgunt.
3974 917 4412 1001 Conspicuum
4493 917 4644 983 istud
4708 937 4779 986 est

2933 1004 3229 1088 exemplo
3272 1004 3654 1070 Pharaonis.
3734 1003 4010 1085 Quoties
4052 1006 4225 1069 enim
4268 1002 4453 1067 illum
4494 1004 4670 1070 Mosis
4694 1008 4780 1071 mi-

2933 1089 3155 1156 racula
3190 1099 3589 1171 terruerunt,
3636 1091 3885 1173 quoties
3918 1089 4148 1173 plagae
4182 1087 4415 1172 quibus
4448 1088 4616 1154 illum
4645 1089 4780 1157 Dens

2931 1177 3070 1261 ipse
3146 1176 3559 1261 percutiebat,
3640 1196 3914 1259 quarum
3989 1187 4169 1240 metu
4230 1173 4571 1258 cogebatur
4625 1177 4780 1241 Musis

2933 1263 3235 1328 assentiri
3310 1260 3616 1327 mandato
3682 1260 3764 1326 de
3829 1259 4210 1326 dimittendo
4268 1258 4506 1343 populo
4560 1259 4781 1340 Israelis,

2932 1348 3098 1413 sicut
3135 1345 3456 1412 Dominus
3495 1346 3799 1412 iubebat?
3845 1346 3985 1412 Nae
4019 1347 4298 1429 ipsemet
4331 1345 4582 1411 Pharao
4614 1366 4783 1430 qnam·

2930 1434 3043 1500 diu
3081 1444 3234 1498 ante
3270 1432 3487 1499 oculos
3522 1433 3751 1516 plagae
3770 1443 4206 1509 versarentur,
4251 1431 4482 1497 timore
4502 1431 4785 1514 perculsus,

2931 1540 3063 1584 non
3127 1518 3430 1584 simulate
3493 1517 3887 1601 loquebatur,
3962 1526 4419 1584 verumtamen
4482 1515 4695 1582 latebat
4737 1518 4785 1581 in

2931 1603 3324 1688 praecordiis
3382 1603 3759 1689 hypocrisis.
3847 1602 4015 1669 Nam
4058 1602 4447 1668 satisfecisse
4488 1602 4620 1667 Deo
4657 1601 4788 1667 vide-

2934 1691 3147 1768 batur,
3212 1692 3268 1756 si
3329 1697 3709 1774 agnosceret
3764 1688 3975 1754 Deum
4032 1687 4302 1754 Israelis
4344 1687 4789 1770 omnipotentem

2933 1795 3092 1854 esse,
3157 1795 3353 1858 seque
3418 1776 3593 1840 nolle
3651 1774 3962 1841 adversus
4019 1774 4232 1857 ipsum
4291 1771 4534 1838 bellum
4587 1793 4790 1858 gerere:

2931 1860 3045 1927 sed
3100 1862 3171 1926 in
3215 1861 3428 1937 horas,
3487 1861 3618 1926 imo
3660 1861 3729 1926 in
3776 1871 4103 1925 momenta
4146 1859 4541 1925 mutabatur.
4620 1857 4791 1939 Quum

2931 1947 3139 2030 plagis
3197 1954 3557 2030 urgeretur,
3614 1944 3916 2011 delictum
3970 1943 4328 2011 fatebatur:
4386 1943 4632 2010 sublata
4677 1963 4791 2008 veto

2932 2032 3124 2115 plaga
3187 2032 3460 2098 subinde
3524 2031 3605 2098 ad
3671 2031 4008 2116 ingenium
4072 2030 4345 2109 redibat,
4424 2043 4493 2094 et
4552 2027 4796 2112 graviora

2934 2118 3375 2201 superioribus
3409 2117 3727 2201 patrabat.
3772 2116 4027 2199 Quibus
4062 2116 4486 2200 profanorum
4517 2113 4797 2178 hominum

2933 2203 3247 2284 exemplis
3308 2203 3752 2279 admonemur,
3818 2205 3909 2267 ita
3974 2199 4331 2267 timendum
4400 2222 4440 2265 a
4494 2200 4664 2266 nobis
4700 2220 4800 2264 esso

2936 2290 3169 2368 Deum,
3226 2297 3302 2352 nt
3359 2289 3445 2352 sit
3501 2291 3699 2353 timor
3739 2288 3852 2354 ille
3895 2288 4100 2353 fraeni
4146 2287 4375 2366 instar,
4437 2307 4564 2369 quo
4602 2286 4666 2349 in
4699 2284 4798 2348 οἰαε

2933 2374 3114 2438 cultu
3180 2383 3247 2438 et
3310 2374 3734 2440 veneratione
3799 2374 4213 2453 retineamur,
4276 2393 4364 2438 ne
4426 2393 4558 2437 uno
4599 2381 4802 2435 tantum

2933 2458 3217 2542 impulsu
3290 2467 3742 2525 momentaneo
3817 2478 4214 2524 moveamur.
4299 2459 4527 2540 Atque
4586 2478 4663 2522 ex
4713 2454 4802 2519 hoe

2934 2544 3076 2611 loco
3138 2543 3435 2610 doctrina
3487 2544 3649 2611 haec
3694 2543 4054 2609 haurienda
4096 2555 4290 2626 atque
4332 2542 4574 2608 animis
4612 2541 4805 2606 nostris

2933 2629 3283 2715 infigenda,
3327 2651 3412 2696 ne
3455 2630 3537 2696 ad
3580 2631 4081 2697 Philistaeornm
4127 2628 4528 2712 exemplum,
4571 2647 4681 2694 vae
4707 2626 4805 2709 qui·

2934 2713 3079 2781 dem
3146 2716 3332 2782 nobis
3397 2716 3750 2782 imminens
3811 2714 4174 2799 lugeamus,
4237 2713 4351 2779 sed
4409 2723 4805 2779 momentaneo

2932 2801 3110 2865 luctu
3189 2809 3254 2866 st
3315 2808 3581 2868 terrore.
3670 2801 3802 2868 Sed
3868 2812 4093 2866 contra
4155 2799 4371 2883 potius
4440 2807 4677 2864 terrore
4727 2796 4806 2861 illo

2932 2885 3309 2952 deiiciamnr
3365 2895 3430 2951 et
3472 2907 3736 2970 prorsus
3778 2887 4252 2966 exinaniamur‚
4314 2906 4447 2968 quo
4489 2884 4716 2950 facilior
4746 2881 4809 2945 sit

2933 2972 3119 3038 nobis
3153 2971 3234 3037 ad
3275 2972 3484 3036 Deum
3522 2992 3834 3048 accessus,
3870 2981 3936 3038 et
3971 2981 4382 3054 peccatorum
4415 2970 4809 3036 remissionem

2932 3057 3187 3124 facilius
3220 3058 3644 3124 obtineamus.
3713 3056 3845 3126 Sed
3878 3065 4160 3140 quantus
4194 3055 4391 3122 hodie
4414 3068 4533 3134 est,
4576 3055 4808 3128 obsecro,

2933 3163 3244 3208 numerus
3276 3164 3498 3208 eornm
3524 3145 3636 3227 qui
3668 3144 4000 3210 ecclesiam
4027 3154 4536 3227 persequuntur,
4572 3151 4636 3206 et
4655 3159 4811 3205 evan·

2932 3228 3177 3312 gelicae
3197 3229 3459 3295 veritati
3481 3230 3903 3312 reluctantur,
3950 3248 4026 3293 ac
4051 3228 4261 3293 ruinis
4286 3243 4355 3292 et
4377 3223 4812 3295 confusionibus

2930 3312 3180 3380 coelum
3242 3327 3450 3380 terrae
3506 3316 3775 3381 miscere
3818 3313 4182 3382 conantur?
4243 3311 4388 3379 Nae
4433 3313 4694 3378 minime
4728 3307 4815 3374 du·

2931 3398 3270 3465 bitandum
3337 3401 3491 3482 quin
3556 3402 3859 3467 maximis
3925 3399 4280 3465 terroribus
4336 3400 4717 3475 afficiantur,
4767 3403 4815 3457 et

2930 3493 3146 3550 tamen
3220 3483 3519 3550 videmus
3568 3496 3815 3569 quanta
3870 3484 4140 3551 audacia
4189 3494 4256 3551 et
4312 3483 4689 3569 arrogantis
4731 3477 4816 3547 ad·

2929 3591 3161 3637 versus
3216 3571 3428 3654 ipsum
3475 3570 3690 3636 Deum
3732 3571 4107 3637 efferantur.
4195 3567 4331 3637 Sed
4377 3571 4529 3654 quis
4571 3570 4816 3640 miretur,

2929 3676 3129 3739 quum
3193 3677 3280 3722 ex
3343 3677 3419 3722 eo
3483 3657 3642 3722 satis
3707 3664 4015 3740 appareat
4077 3656 4253 3741 ipsos
4316 3658 4391 3721 in
4451 3654 4685 3722 diaboli
4718 3653 4818 3716 iam

2928 3742 3186 3808 venisse
3230 3742 3665 3825 potestatem?
3753 3744 3898 3808 Etsi
3944 3762 4101 3826 ergo
4144 3763 4260 3825 per
4293 3741 4655 3808 intervalla
4681 3747 4819 3803 metu

2929 3827 3207 3911 quodam
3246 3830 3637 3906 retinentur,
3681 3835 3902 3894 tamen
3940 3828 4020 3894 ad
4058 3827 4400 3911 ingenium
4439 3846 4690 3911 semper
4706 3841 4819 3890 cum

2928 3913 3173 3979 maiore
3195 3914 3553 3997 pertinacia
3575 3923 4017 3998 revertuntur,
4041 3921 4109 3979 et
4128 3914 4529 3997 praecipites
4551 3915 4818 3982 feruntur,

2929 3998 3051 4066 sibi
3086 4018 3234 4064 cnm
3259 3999 3398 4064 Deo
3439 4000 3581 4082 ipso
3615 4021 3751 4065 rem
3796 4020 3936 4065 esse
3979 3998 4247 4064 minime
4281 4000 4667 4082 cogitantes.
4707 3993 4817 4059 Non

2930 4085 3256 4151 absimiles
3311 4086 3570 4151 furiosis
3630 4094 3746 4151 aut
3799 4084 4214 4168 phreneticis,
4273 4085 4393 4168 qui
4439 4084 4820 4150 vehementer

2927 4170 2998 4235 in
3034 4192 3105 4237 se
3138 4171 3313 4254 ipsos
3343 4171 3569 4236 iniurii
3602 4192 3744 4237 sese
3778 4171 4014 4236 misere
4048 4169 4375 4254 affligunt,
4423 4171 4498 4235 in
4535 4168 4819 4235 adstantes

2930 4255 3245 4339 impetum
3304 4258 3567 4336 faciunt,
3632 4277 3774 4322 sese
3831 4264 4078 4321 temere
4131 4256 4534 4339 praecipites
4588 4252 4819 4320 iaciunt:

2930 4339 3161 4407 deinde
3203 4362 3322 4425 per
3365 4342 3712 4407 intervalla
3765 4340 3848 4405 ad
3888 4353 4175 4406 mentem
4220 4341 4525 4418 redeunt,
4606 4336 4820 4405 veniam

2930 4425 3377 4510 deprecantur,
3437 4427 3715 4510 denique
3772 4428 4085 4510 pristinae
4144 4425 4521 4493 valetudini
4563 4422 4821 4494 videntur

2930 4513 3234 4590 restituti,
3301 4523 3368 4577 et
3422 4534 3462 4578 a
3518 4511 3744 4578 morbo
3800 4512 4224 4590 convaluisse,
4280 4532 4494 4595 quum
4541 4517 4823 4577 momento

2931 4606 3149 4664 tamen
3185 4596 3264 4663 ad
3302 4598 3584 4664 furorem
3622 4608 3689 4663 et
3723 4597 4074 4681 phrenesin
4109 4597 4384 4663 redeant
4422 4598 4643 4682 priore
4668 4593 4824 4740 long>

2930 4683 3337 4748 deteriorem.
3425 4686 3640 4767 Atque
3727 4683 3899 4748 idem
3987 4683 4065 4750 de
4150 4683 4234 4748 iis
4307 4684 4621 4750 omnibus
4691 4680 4750 4745 iu
4804 4709 4825 4723 ·

2929 4768 3231 4848 candum,
3295 4767 3406 4853 qni
3471 4770 3687 4835 Deum
3754 4770 3985 4834 timere
4047 4788 4181 4834 non
4240 4767 4619 4836 didicerunt
4671 4774 4730 4831 et
4763 4758 4825 4826 sd

2928 4854 3307 4938 obsequium
3364 4854 3572 4938 ipsius
3631 4876 3703 4920 se
3760 4855 3850 4920 ita
3911 4874 4316 4938 componere,
4378 4864 4461 4921 ut
4514 4875 4656 4922 sese
4693 4860 4827 4916 totos

2930 4941 3073 5007 eius
3130 4941 3450 5007 voluntati
3504 4941 3908 5023 permittant,
3974 4950 4042 5005 et
4098 4939 4177 5005 ab
4234 4940 4469 5005 eadem
4515 4940 4654 5039 regi
4693 4933 4826 5021 pati·

2930 5035 3142 5091 antur.
3230 5026 3402 5092 Eum
3461 5048 3619 5092 vero
3664 5027 3778 5109 qui
3821 5027 4036 5093 Deum
4079 5047 4238 5092 vere
4271 5028 4517 5092 timere
4552 5020 4828 5117 didicerit,

2930 5121 3179 5177 certum
3224 5123 3326 5177 est
3358 5123 3947 5196 perseveraturum,
3992 5119 4061 5177 et
4091 5112 4164 5177 in
4200 5125 4526 5195 perpetuo
4561 5110 4829 5189 obseqmo

2930 5216 3463 5281 permansurum:
3549 5198 3718 5281 quod
3789 5198 3987 5264 timor
4050 5218 4138 5263 ex
4202 5196 4329 5263 fide
4401 5196 4830 5282 proficiscatur.

2931 5303 3096 5368 quae
3157 5284 3346 5354 vivas
3409 5291 3477 5351 et
3540 5284 3707 5351 altas
3769 5285 3911 5370 agit
3971 5281 4239 5366 radices,
4304 5282 4394 5350 ad
4452 5285 4702 5351 fructus
4735 5293 4829 5344 suo
