5059 6059
790 287 916 355 235

2422 282 2837 350 HOMILIA
2877 282 3136 350 LXIV.
4614 286 4706 352 236

793 475 1219 564 recipiendos,
1257 493 1466 556 neque
1503 479 1947 554 respecturum
1984 471 2210 555 quales
2246 472 2452 539 simus
2488 472 2728 556 quidve
2837 473 3035 539 aliam
3075 482 3258 538 notat
3294 473 3683 557 cognitionis
3721 472 3842 537 Dei
3884 471 4185 555 speciem,
4234 470 4314 535 ab
4358 469 4471 535 illa
4510 471 4579 572 dc
4609 495 4707 556 qua

792 562 1150 650 promeriti,
1194 559 1309 626 scd
1353 555 1795 623 misericordia
1847 577 1965 622 sua
2011 578 2130 622 nos
2175 557 2727 640 amplexaturum.

793 653 937 718 Nae
982 648 1038 713 si
1083 645 1521 713 testimonium
1568 641 1729 707 illud
1774 643 2168 709 conscientia
2210 641 2397 709 nobis
2442 643 2725 710 dictave-

792 739 900 815 rit,
958 735 1119 803 certi
1182 732 1427 797 erimus
1486 750 1619 794 non
1676 737 1933 794 tantum
1995 729 2074 793 ad
2119 729 2322 793 vitam
2370 742 2728 808 aeternam,

794 831 1207 890 servatorem
1252 823 1551 881 nostrum
1597 814 1769 880 iore:
1830 813 1943 880 sed
2001 815 2197 879 etiam
2244 816 2312 880 in
2359 818 2496 882 vita
2542 836 2728 898 prae-

793 909 964 975 senti
1011 904 1394 984 adiutorem,
1441 911 1508 966 et
1550 901 1619 965 in
1663 901 1936 967 summis
1981 902 2301 986 angustiis
2344 914 2410 965 et
2451 901 2726 967 difficul-

793 994 1036 1060 tatibus
1092 990 1527 1055 liberatorem.
1628 985 1829 1051 Porro
1895 1008 2093 1067 quum
2160 987 2318 1052 dicit
2376 987 2594 1053 David
2659 993 2731 1052 ut

789 1081 950 1148 sciat
992 1079 1194 1142 omnis
1237 1080 1406 1139 terra
1448 1073 1603 1155 quia
1648 1077 1738 1137 est
1779 1072 1959 1138 Deus
1999 1074 2070 1137 in
2113 1072 2338 1151 Israel,
2398 1095 2526 1137 non
2575 1074 2728 1138 inde

790 1165 1085 1249 sequitur
1128 1158 1493 1227 incredulos
1551 1178 1739 1241 posse
1795 1158 1877 1222 ad
1937 1180 2159 1224 veram
2219 1158 2349 1224 Dei
2409 1160 2724 1241 cognitio-

791 1274 946 1318 nem
989 1249 1232 1327 venire,
1277 1257 1344 1310 et
1385 1243 1728 1328 specialem
1775 1265 1997 1310 curam
2042 1265 2236 1327 quam
2282 1245 2363 1309 de
2405 1245 2729 1311 Israelitis

794 1339 963 1423 gerit
1007 1353 1392 1420 agnoscere:
1451 1329 1560 1396 sed
1620 1329 1891 1413 perinde
1933 1338 2031 1395 est
2076 1351 2150 1396 ac
2194 1332 2249 1394 si
2295 1331 2514 1396 David
2560 1331 2728 1396 dice·

793 1434 917 1503 ret,
980 1423 1152 1504 ipsos
1195 1418 1490 1483 ethnicos
1533 1423 1601 1481 et
1643 1414 1952 1498 profanos
2018 1416 2278 1500 propria
2335 1416 2732 1483 conscientia

797 1521 962 1576 teste
1008 1506 1381 1571 convictum
1426 1502 1526 1579 iri,
1570 1501 1698 1565 Dei
1737 1502 1982 1567 virtute
2016 1502 2151 1568 sola
2190 1502 2500 1584 populum
2536 1502 2727 1567 illum

798 1597 914 1680 qui
979 1600 1343 1677 prostratus
1400 1586 1654 1654 iacebat
1710 1587 2080 1653 liberatum.
2176 1588 2349 1652 Nam
2406 1588 2731 1654 increduli

799 1700 1059 1763 semper
1104 1676 1512 1743 caecutiunt:
1569 1672 1710 1738 sola
1765 1673 1926 1740 fides
1984 1675 2130 1740 luce
2174 1674 2500 1756 spirituali
2547 1674 2728 1739 illus-

798 1775 1034 1833 tratur.
1102 1762 1246 1826 Deo
1290 1763 1511 1843 itaque
1556 1760 1918 1841 potentiam
1961 1780 2147 1825 suam
2191 1769 2552 1838 exserente,
2600 1769 2729 1825 ter-

796 1853 943 1919 reni
996 1861 1065 1917 et
1121 1846 1438 1913 increduli
1499 1845 1796 1910 homines
1852 1844 2276 1928 obstupefacti
2336 1846 2728 1928 caecutiunt,

797 1934 1344 2023 quemadmodum
1389 1941 1456 1997 et
1498 1931 1670 2014 apud
1713 1931 1954 1996 Isaiam
2016 1931 2281 1998 dicitur:
2349 1931 2727 2015 Improbum

799 2042 1142 2106 nunquam
1197 2019 1323 2084 Dei
1370 2018 1643 2102 gloriam
1708 2037 2112 2101 cognoscere.
2212 2017 2465 2083 Verum
2523 2019 2730 2083 enim-

799 2131 958 2176 vero
1002 2107 1110 2173 vel
1155 2105 1265 2188 qui
1309 2103 1593 2168 maxime
1638 2103 2007 2168 caecutiunt
2046 2102 2173 2167 Dei
2220 2124 2483 2168 manum
2530 2125 2729 2187 expe·

801 2195 921 2262 riri
964 2203 1031 2260 et
1074 2191 1320 2257 sentire
1364 2198 1703 2272 coguntur,
1758 2199 1951 2271 atque
1995 2188 2233 2254 idcirco
2276 2190 2731 2272 obstupescere

803 2289 872 2347 et
915 2281 1208 2346 horrere.
1297 2275 1473 2341 Hinc
1528 2274 1678 2339 illae
1733 2275 1805 2338 in
1849 2278 2050 2341 sacris
2094 2276 2375 2340 usitatae
2420 2275 2731 2358 loquendi

800 2368 1096 2451 phrases,
1153 2361 1282 2428 Dei
1341 2369 1815 2443 contemptores
1871 2362 2013 2446 cogi
2069 2361 2283 2444 ipsum
2336 2361 2608 2427 adorare
2665 2371 2733 2427 et

802 2453 928 2537 ipsi
987 2448 1274 2526 mentiri,
1331 2454 1398 2511 et
1455 2447 1621 2511 aliae
1677 2444 1943 2526 similes,
2001 2448 2235 2529 quibus
2292 2468 2420 2512 non
2467 2446 2729 2531 quidem

804 2539 888 2605 ad
933 2537 1148 2602 Deum
1192 2534 1535 2615 confugere
1579 2532 1882 2598 dicuntur
1920 2532 2215 2615 improbi,
2260 2554 2470 2617 neque
2506 2533 2589 2599 ab
2633 2535 2727 2617 ip·

802 2626 942 2690 sius
1007 2621 1205 2688 verbo
1271 2617 1571 2702 pendere,
1637 2639 1848 2701 neque
1912 2619 2108 2683 etiam
2168 2617 2248 2683 de
2306 2620 2584 2701 acceptis
2650 2620 2731 2684 ab

798 2712 943 2793 ipso
991 2705 1319 2771 beneficiis
1363 2704 1611 2788 gratias
1667 2725 1876 2789 agere,
1933 2703 2113 2790 (licet
2168 2703 2517 2786 aliquando
2573 2727 2731 2787 quos

799 2795 947 2862 vult
990 2792 1176 2857 Deus
1230 2788 1313 2855 ad
1373 2811 1443 2854 se
1496 2798 1853 2868 convertat,
1910 2789 2024 2856 sed
2083 2790 2339 2873 reprobi
2382 2790 2525 2856 Deo
2580 2791 2733 2856 licet

798 2880 1222 2955 fulminante,
1290 2875 1664 2957 coelumque
1729 2885 2097 2959 terramque
2155 2877 2598 2952 concutiente,
2665 2883 2734 2942 et

797 2977 1058 3033 montes
1094 2962 1443 3027 altissimos
1486 2971 1953 3045 commovente,
1999 2982 2333 3044 nunquam
2377 2961 2729 3027 emendan-

799 3066 910 3119 tur
955 3069 1165 3131 neque
1211 3056 1703 3128 convertuntur,
1756 3047 1916 3130 quin
1961 3048 2176 3130 potius
2221 3049 2428 3131 magis
2473 3067 2548 3112 ac
2593 3070 2730 3114 ma-

801 3141 902 3224 gis
948 3132 1373 3219 indurantur)
1440 3131 1550 3197 sed
1611 3133 1717 3197 vel
1782 3133 1980 3198 inviti
2024 3153 2377 3217 agnoscere
2420 3131 2547 3197 Dei
2591 3155 2730 3199 ma-

802 3244 963 3291 num
1007 3234 1073 3288 et
1114 3241 1295 3303 opus.
1387 3218 1572 3284 Deus
1616 3221 1835 3302 itaque
1880 3219 1972 3285 sic
2029 3229 2335 3302 operatur
2386 3226 2460 3284 ut
2500 3220 2571 3284 in
2616 3220 2730 3285 ad-

798 3310 1215 3376 mirationem
1260 3326 1487 3370 omnes
1532 3305 1763 3389 rapiat,
1822 3315 1889 3371 et
1947 3305 2222 3388 improbi
2283 3306 2595 3382 homineS,
2664 3315 2732 3371 et

797 3396 1085 3462 maxime
1129 3402 1561 3468 contumaces,
1630 3400 1696 3455 et
1739 3390 2150 3475 arrogantiae
2195 3390 2368 3473 pleni
2412 3400 2730 3475 cogantur

800 3482 944 3548 istis
1008 3477 1312 3562 operibus
1378 3475 1569 3555 affici,
1635 3485 1700 3541 et
1765 3476 1869 3542 vel
1933 3477 2126 3541 inviti
2182 3477 2374 3541 fateri
2432 3477 2729 3542 divinum

799 3564 977 3633 istud
1045 3583 1178 3629 non
1242 3562 1604 3627 humanum
1665 3583 1828 3646 opus
1906 3583 2066 3628 esse.
2180 3560 2311 3629 Sed
2390 3583 2520 3627 non
2588 3563 2732 3628 sine

800 3650 1224 3735 blasphemia,
1289 3669 1438 3713 nam
1507 3648 1728 3712 aiunt:
1797 3649 1933 3713 Aut
1999 3649 2180 3713 Deus
2247 3659 2362 3713 aut
2437 3648 2731 3715 diabolus

802 3739 1031 3804 effecit.
1119 3735 1456 3816 Improbos
1499 3734 1701 3817 igitur
1743 3734 2039 3799 homines
2081 3733 2383 3799 videmus
2420 3733 2548 3799 Dei
2593 3736 2730 3817 qui·

800 3824 950 3889 dem
1007 3822 1370 3905 cogu³eione
1429 3821 1616 3899 affici,
1687 3820 1892 3885 velint
1957 3819 2186 3898 nolint,
2251 3841 2455 3903 quum
2521 3820 2730 3886 virtus

798 3908 1007 3993 ipsius
1065 3908 1136 3970 in
1195 3905 1483 3989 ipsorum
1539 3905 1757 3972 oculos
1827 3905 2144 3971 incurrit:
2214 3927 2438 3971 verum
2509 3915 2728 3971 tamen

796 3995 931 4062 Dei
989 3992 1236 4078 gloriae
1293 4012 1410 4074 pro
1471 3991 1718 4056 viribus
1777 3991 2104 4058 reluctari.
2191 3991 2296 4056 De
2342 3991 2461 4057 tali
2504 3994 2729 4076 cogni-

799 4082 975 4146 tione
1042 4090 1107 4142 et
1164 4076 1433 4143 scientia
1489 4077 1664 4158 loqui
1720 4077 2046 4145 Davidem
2099 4076 2221 4143 hoc
2279 4077 2418 4144 loco
2479 4088 2728 4143 certum

798 4176 915 4244 est,
959 4185 1159 4248 quum
1206 4163 1294 4228 ait
1341 4164 1712 4228 universam
1759 4176 1999 4228 terram
2043 4162 2453 4247 cognituram
2512 4165 2728 4228 Deum

797 4274 941 4320 esse
985 4253 1055 4315 in
1103 4248 1363 4324 Israele,
1422 4247 1489 4313 id
1547 4258 1645 4314 est
1700 4249 2028 4331 improbos
2086 4260 2154 4313 et
2197 4248 2569 4315 incredulos
2613 4251 2728 4314 ho-

798 4340 1027 4414 mines,
1088 4335 1220 4399 Dei
1276 4335 1591 4399 virtutem
1651 4334 1964 4399 invictam
2011 4356 2136 4398 non
2183 4336 2590 4411 confitentes,
2637 4334 2729 4399 le-

799 4444 1079 4509 gemque
1139 4420 1342 4504 ipsius
1400 4432 1466 4484 et
1519 4421 1766 4485 cultum
1828 4422 1894 4483 in
1953 4420 2197 4485 Israele
2256 4422 2727 4504 praescriptum

801 4518 1311 4582 contemnentes,
1359 4527 1665 4571 sensuros
1710 4517 1925 4570 tamen
1953 4505 2261 4572 Israelem
2304 4528 2432 4571 non
2482 4507 2731 4572 viribus

799 4597 1124 4671 humanis,
1187 4615 1315 4656 non
1363 4594 1582 4669 armis,
1642 4613 1775 4657 non
1822 4591 1967 4656 aliis
2011 4591 2367 4674 praesidiis,
2430 4590 2545 4657 sed
2590 4592 2731 4658 sola

799 4682 926 4747 Dei
970 4682 1216 4744 virtute
1261 4688 1623 4744 servatum:
1683 4688 1750 4742 et
1793 4687 2117 4760 prostrato
2163 4687 2299 4742 tam
2345 4678 2732 4743 miraculosa

800 4769 1069 4834 victoria
1094 4764 1406 4830 Goliatho
1449 4765 1822 4848 cognituros
1867 4764 2183 4847 reliquam
2231 4764 2517 4829 hostium
2563 4773 2728 4829 stra·

800 4874 946 4937 gem
993 4873 1132 4917 esse
1176 4872 1215 4914 a
1260 4851 1563 4915 Domine.

970 4937 1156 5019 Quae
1203 4935 1507 5018 deinceps
1553 4935 1750 5001 verba
1793 4944 2172 5017 sequuntur,
2219 4934 2418 4999 alium
2464 4954 2732 5000 sensum

801 5024 1074 5089 habent:
1144 5021 1232 5085 Et
1273 5023 1514 5087 noverit
1551 5023 1845 5087 universa
1887 5021 2138 5087 ecclesia
2174 5019 2342 5104 haec,
2403 5022 2559 5102 quia
2610 5041 2733 5086 non

798 5112 868 5176 in
907 5109 1136 5193 yladiO,
1196 5127 1303 5172 nec
1361 5109 1432 5174 in
1473 5107 1655 5173 hasta
1696 5108 1899 5173 salvat
1939 5106 2276 5171 Dominus.
2366 5106 2730 5173 Ecclesiam

800 5215 1004 5279 quum
1049 5193 1205 5258 dicit
1258 5194 1572 5276 populum
1619 5193 1883 5260 Israelis
1938 5192 2269 5276 intelligit,
2328 5212 2402 5258 ae
2458 5192 2731 5275 proinde

2834 559 3088 642 loquuti
3132 580 3357 625 sumus
3402 560 3510 623 lon
3561 581 3596 624 e
3654 558 4001 624 diversam.
4090 557 4261 622 Nam
4321 557 4489 623 caeci
4540 579 4711 625 incre·

2833 644 2972 709 duli
3020 644 3220 710 veluti
3264 645 3501 729 palpan
3553 667 3590 709 o
3635 655 4067 726 cognoscunt:
4133 642 4247 708 sed
4306 643 4523 708 fideles
4560 659 4708 726 prout

2835 751 2874 795 a
2918 731 3043 796 Dei
3089 729 3322 815 spiritu
3367 732 3853 796 illuminantur:
3917 750 3991 794 ac
4049 729 4325 812 proinde
4381 739 4448 794 et
4488 749 4708 813 cognos-

2834 827 2992 881 cunt
3035 828 3102 882 et
3143 817 3442 900 persuasi
3486 826 3659 892 sunt,
3720 836 3850 879 non
3895 814 4166 881 confusa
4208 814 4428 897 aliqua
4468 816 4715 895 scientia,

2833 903 2949 967 sed
2991 912 3170 968 certo
3215 903 3487 986 spiritus
3534 901 3918 980 testimonio,
3979 899 4194 965 Deum
4242 921 4384 965 esse
4429 909 4716 984 potentem

2833 988 2914 1053 ad
2961 1009 3116 1054 suos
3161 987 3654 1073 protegendum,
3714 1000 3781 1053 et
3838 989 3905 1051 in
3953 987 4227 1052 summis
4269 986 4718 1053 difficultatibus

2835 1073 3299 1152 adiuvandum,
3343 1076 3465 1140 etsi
3512 1094 3721 1156 neque
3766 1072 4032 1156 gladios,
4079 1093 4284 1155 neque
4328 1073 4596 1150 lanceas,
4631 1093 4717 1137 ne-

2837 1180 2961 1241 que
3021 1159 3151 1225 alia
3206 1160 3495 1226 humana
3542 1159 3865 1243 praesidia
3908 1157 4231 1224 adhibeat.
4321 1157 4720 1238 Quamobrem

2835 1247 3051 1310 Deum
3089 1266 3550 1330 cognoscamus
3592 1266 3724 1310 non
3762 1245 4047 1323 confuse,
4084 1243 4198 1309 sed
4237 1265 4319 1309 ex
4354 1244 4469 1307 illo
4504 1244 4723 1327 speciali

2835 1332 3180 1416 privilegio
3225 1330 3394 1414 quod
3430 1332 3615 1397 nobis
3651 1331 3946 1414 largitur,
3983 1328 4246 1412 quando
4281 1350 4427 1395 sese
4460 1330 4529 1393 in
4566 1328 4725 1395 verbo

2836 1417 3165 1499 patefacit,
3225 1427 3290 1481 et
3347 1438 3531 1483 suam
3593 1419 3872 1501 gratiam
3927 1437 4046 1498 per
4101 1416 4409 1499 spiritum
4470 1416 4533 1480 in
4576 1417 4724 1480 nobis

2835 1503 3153 1586 obsignat.
3243 1504 3411 1569 Nam
3474 1505 3594 1570 etsi
3642 1502 3851 1569 virtus
3894 1502 4102 1584 ipsius
4148 1503 4527 1567 universum
4570 1522 4719 1566 mun·

2836 1589 2987 1653 dum
3036 1585 3356 1674 pertingit
3398 1611 3526 1672 qua
3568 1608 3710 1655 sese
3745 1588 4048 1652 omnibus
4083 1588 4411 1670 patefacit,
4457 1588 4581 1652 imo
4612 1587 4723 1653 sine

2832 1674 3350 1741 extraordinaria
3387 1676 3522 1740 ulla
3557 1674 3659 1740 vel
3685 1673 4074 1739 miraculosa
4108 1675 4426 1756 potentia,
4447 1673 4562 1751 sol,
4587 1672 4727 1758 lune,

2834 1759 3063 1826 stellae
3107 1769 3175 1826 et
3230 1762 3449 1826 omnia
3506 1760 3875 1827 istiusmodi
3928 1780 4125 1842 opera
4180 1759 4567 1824 admiranda
4618 1761 4727 1825 suis

2833 1846 3172 1913 effectibus
3235 1847 3398 1912 satis
3451 1866 3772 1931 superque
3831 1844 4207 1928 praedicant
4242 1844 4368 1910 Dei
4407 1847 4727 1929 potentiam

2834 1934 3236 2012 immensam,
3282 1933 3823 2016 quemadmodum
3867 1940 3935 1996 et
3979 1932 4061 1996 D.
4101 1931 4349 1997 Paulus
4393 1934 4507 2015 ait,
4551 1932 4730 1999 Deum

2834 2038 2967 2083 non
3012 2019 3350 2101 reliquisse
3393 2040 3463 2085 se
3507 2021 3649 2085 sine
3693 2018 4081 2093 testimonio,
4146 2037 4344 2100 quum
4408 2018 4647 2083 coelum
4680 2028 4730 2084 et

2833 2113 3075 2170 terram
3135 2106 3400 2183 creavit,
3461 2116 3528 2171 et
3586 2115 3859 2172 naturae
3916 2103 4212 2168 ordinem
4267 2114 4627 2184 conservat,
4673 2125 4731 2171 ac

2832 2189 3107 2273 proinde
3151 2190 3450 2258 homines
3494 2190 3914 2275 quantumvis
3972 2209 4194 2254 caecos
4252 2210 4334 2254 ex
4396 2190 4540 2255 istis
4580 2211 4731 2274 posse

2834 2276 3038 2341 veluti
3103 2276 3424 2360 palpando
3499 2280 3744 2344 sentire
3801 2277 4020 2342 Deum
4087 2275 4270 2340 nobis
4338 2289 4732 2358 praesentem,

2835 2362 3103 2444 eiusque
3158 2364 3469 2428 virtutem
3515 2386 3554 2429 a
3596 2364 3790 2430 coelis
3854 2363 3920 2426 in
3979 2362 4107 2426 ista
4161 2360 4479 2428 inferiora
4520 2361 4731 2446 pertin·

2836 2468 3008 2531 gere,
3054 2458 3121 2512 et
3161 2448 3232 2512 in
3278 2448 3466 2516 nobis
3519 2449 3679 2532 ipsis
3737 2448 4062 2516 efficacem
4124 2466 4288 2527 esse,
4347 2447 4525 2529 quod
4578 2449 4640 2512 in
4673 2466 4733 2511 ea

2836 2535 3060 2612 simne,
3106 2554 3487 2600 moveamur
3530 2545 3597 2601 et
3637 2536 3936 2602 vivamus
3950 2558 3968 2614 3
4026 2532 4258 2616 quibus
4316 2535 4522 2598 etiam
4563 2532 4734 2598 adiice

2836 2620 3154 2685 miracula
3221 2631 3286 2685 et
3341 2621 3789 2687 memorabilia
3844 2621 4018 2686 facta
4082 2618 4319 2701 quibus
4387 2639 4534 2683 sese
4593 2618 4735 2685 clare

2834 2706 3160 2788 patefacit,
3205 2714 3280 2770 ut
3321 2727 3544 2773 omnes
3590 2706 3985 2774 commoveri
4028 2713 4094 2771 et
4136 2713 4407 2787 stupere
4444 2704 4557 2768 illa
4587 2724 4736 2787 opor·

2835 2800 2985 2870 teat,
3031 2790 3220 2856 multi
3265 2799 3485 2858 tamen
3529 2793 3994 2878 obstupescunt
4029 2801 4095 2857 et
4130 2790 4257 2854 ista
4299 2810 4439 2854 non
4478 2788 4735 2855 animad-

2835 2886 3124 2956 vertunt,
3193 2877 3539 2962 Deumque
3592 2902 3674 2945 ex
3730 2879 3863 2944 illis
3927 2888 4004 2942 ut
4067 2886 4318 2958 oportet
4380 2895 4737 2960 cognoscere

2835 2983 2965 3027 non
3010 2962 3288 3028 discunt.
3355 2964 3490 3031 Nos
3536 2966 3737 3049 igitur
3781 2963 3907 3031 alia
3952 2963 4228 3046 quadam
4265 2961 4527 3026 ratione
4554 2960 4737 3025 Deum

2833 3068 3218 3132 cognoscere
3263 3049 3607 3118 discamus.
3697 3052 4045 3134 Quaenam
4103 3068 4257 3113 vero
4314 3047 4583 3112 tandem
4636 3047 4737 3112 ista

2837 3133 2977 3200 est?
3065 3134 3337 3219 Nempe,
3398 3147 3470 3202 ut
3515 3159 3634 3203 nos
3678 3139 3852 3221 ipsos
3896 3136 4244 3221 diligenter
4285 3134 4652 3199 intueamur
4685 3143 4735 3194 et

2835 3220 3273 3303 exploremus,
3334 3244 3408 3288 ac
3463 3224 3794 3290 miseriam
3849 3222 3921 3287 in
3968 3242 4162 3305 quam
4209 3218 4501 3285 demersi
4541 3237 4734 3284 sumus

2834 3325 3283 3390 agnoscamus,
3329 3317 3396 3372 et
3437 3309 3507 3373 in
3552 3331 3745 3392 quam
3790 3308 4083 3383 subinde,
4131 3306 4258 3372 nisi
4302 3305 4495 3372 Deus
4537 3305 4738 3369 retine-

2835 3403 2953 3469 ret,
3014 3390 3500 3459 delaberemur:
3566 3394 3799 3461 deinde
3865 3394 4178 3460 beneficia
4244 3411 4418 3474 quae
4485 3392 4565 3456 ab
4622 3391 4734 3473 ipso

2835 3478 3202 3560 accepimus
3246 3479 3361 3544 uni
3404 3480 3499 3545 illi
3544 3492 3807 3565 accepta
3850 3482 4154 3557 feramus,
4213 3487 4633 3560 nostramque
4678 3474 4733 3538 in

2834 3565 2973 3645 ipso
3018 3561 3320 3628 fiduciam
3381 3587 3641 3633 omnem
3701 3568 4107 3643 collocemus,
4167 3573 4235 3630 et
4291 3564 4364 3627 in
4428 3564 4628 3646 ipsius
4670 3560 4733 3623 ti·

2833 3669 3016 3713 more
3074 3648 3499 3732 ambulemus,
3559 3674 3838 3736 eumque
3897 3654 4150 3718 sincere
4202 3670 4284 3713 ex
4348 3648 4540 3714 verbi
4582 3666 4737 3730 prae-

2833 3735 3074 3817 scripto
3128 3735 3450 3803 colamus:
3517 3738 4035 3824 quandoquidem
4093 3736 4296 3818 ipsius
4352 3754 4602 3810 sumus,
4656 3731 4737 3794 vi·

2834 3832 3097 3904 tamque
3139 3829 3206 3885 et
3240 3822 3550 3907 quidquid
3592 3823 3909 3891 habemus
3947 3823 4063 3888 uni
4104 3822 4231 3905 ipsi
4268 3819 4603 3885 debemus.
4654 3816 4737 3881 En

2832 3926 2959 3990 qua
3002 3907 3257 3973 ratione
3315 3911 3679 3976 certissima
3735 3921 3800 3976 et
3846 3931 3978 3976 non
4024 3907 4220 3972 dubia
4265 3906 4455 3972 Deus
4500 3923 4735 3988 cognos-

2832 3991 3075 4057 cendus
3121 4002 3239 4076 est,
3285 4014 3475 4078 quam
3522 3994 3841 4063 increduli
3886 4016 4021 4061 non
4063 3993 4338 4058 habent:
4404 4013 4539 4075 qua
4576 3993 4645 4056 fit
4680 3994 4739 4052 ut

2832 4077 2998 4142 altas
3041 4077 3106 4141 in
3154 4078 3341 4143 nobis
3386 4080 3633 4150 radices
3675 4093 3828 4166 agat
3873 4081 4000 4147 Dei
4046 4080 4257 4156 timor,
4304 4085 4374 4143 et
4416 4087 4636 4161 sponte
4672 4069 4738 4137 ad

2835 4162 2963 4228 Dei
3007 4163 3385 4246 obsequium
3433 4189 3552 4234 nos
3597 4179 3978 4252 componat:
4024 4185 4296 4249 eamque
4340 4165 4416 4228 in
4464 4161 4639 4228 nobis
4672 4157 4734 4222 de

2832 4249 2976 4333 ipso
3035 4247 3341 4315 fiduciam
3398 4263 3667 4335 generet
3721 4263 3796 4318 ut
3839 4253 3921 4320 ab
3963 4254 4107 4336 ipso
4151 4252 4220 4316 in
4266 4245 4735 4315 difficultatibus

2835 4334 3171 4413 auxilium,
3228 4346 3294 4400 et
3353 4339 3617 4404 tandem
3674 4341 3871 4405 etiam
3932 4349 4263 4405 aeternam
4327 4335 4604 4401 salutem
4643 4351 4733 4396 ex·

2835 4434 3235 4503 spectemus:
3347 4428 3717 4509 gratiasque
3806 4423 4207 4491 immortales
4286 4421 4367 4486 de
4464 4419 4732 4486 omnibus

2835 4506 3114 4588 acceptis
3159 4506 3239 4571 ab
3284 4508 3425 4590 ipso
3469 4509 3799 4577 beneficiis
3842 4531 4133 4595 agamus.
4221 4507 4416 4573 Hanc
4452 4507 4642 4591 igitur
4669 4499 4732 4566 ob

2833 4612 3095 4658 causam
3143 4590 3313 4656 dixit
3357 4593 3611 4661 David:
3658 4597 3747 4662 Et
3787 4598 3988 4664 omnis
4031 4594 4179 4660 haec
4219 4594 4477 4659 ecclesia
4519 4589 4733 4663 nonen&

2833 4678 2988 4758 quia
3035 4698 3154 4743 non
3224 4679 3296 4743 in
3346 4680 3565 4764 yladio
3623 4703 3728 4749 nec
3784 4684 3852 4748 in
3908 4682 4093 4748 hasta
4153 4679 4360 4745 salvat
4423 4678 4733 4745 Dominus.-

2834 4784 3033 4846 quum
3081 4772 3275 4828 antea
3318 4764 3704 4833 Goliathum
3751 4769 4088 4852 alloquens
4147 4764 4441 4843 dixisset,
4500 4769 4567 4828 ut
4608 4759 4734 4826 seia?

2834 4850 3037 4914 omnis
3079 4854 3248 4914 terra
3290 4851 3441 4931 quia
3484 4858 3576 4918 est
3617 4853 3795 4920 Deus
3838 4856 3907 4918 in
3950 4852 4173 4928 Israel,
4236 4851 4408 4934 quod
4469 4850 4577 4913 illa
4614 4865 4732 4926 cog·

2835 4934 2995 4999 nitio
3041 4936 3299 5017 propria
3335 4937 3420 5000 sit
3463 4939 3775 5005 ecclesiae
3800 4938 3957 5005 Dei:
4006 4937 4169 5003 haec
4212 4937 4515 5002 omnibus
4556 4934 4733 4998 incre-

2836 5019 3006 5085 dulis
3060 5021 3253 5085 etiam
3313 5026 3695 5089 communis.
3784 5024 3949 5090 Inde
4006 5023 4225 5107 itaque
4284 5023 4607 5087 discamus
4642 5036 4733 5079 ve·

2836 5128 2973 5170 ram
3021 5105 3146 5171 Dei
3194 5107 3493 5172 notitiam
3538 5109 3798 5188 habere,
3859 5119 3925 5175 et
3965 5109 4037 5174 iu
4079 5109 4194 5174 illa
4237 5128 4430 5174 omne
4477 5117 4731 5172 nostrum

2837 5191 3123 5257 studium
3179 5190 3506 5276 adbibere,
3565 5206 3642 5261 ut
3695 5216 3815 5280 par
3872 5205 3992 5277 est,
4045 5206 4113 5260 et
4168 5204 4364 5282 prout
4408 5194 4545 5278 ipse
4582 5190 4729 5256 Deus
