5059 6059
329 269 456 334 473

327 459 452 524 fuit
519 460 760 524 factum
827 457 1031 526 fuisse
1095 459 1441 523 certiorem
1510 457 1590 524 de
1653 456 1874 523 Saulis
1934 455 2272 522 adventu?

333 545 558 612 Potuit
601 545 711 611 ille
747 543 1009 634 quidem
1047 565 1204 610 sane
1239 543 1320 608 ad
1357 542 1620 626 aliquod
1658 556 1916 627 tempus
1952 542 2272 621 recedere,

329 643 395 699 et
439 639 697 697 tantum
743 630 858 696 otii
897 630 1156 710 habere,
1202 637 1271 694 et
1305 641 1645 712 praeterea
1687 650 1761 694 re
1805 630 1946 712 ipsa
1991 629 2273 711 experiri

329 719 549 783 Deum
595 738 729 782 non
777 717 969 799 plane
1013 716 1223 798 ipsius
1266 716 1562 795 oblitum,
1621 716 1777 798 quin
1816 715 2097 798 aliquam
2146 714 2272 797 ipsi

327 805 505 871 viam
552 803 785 869 salutis
830 802 1132 885 aperiret,
1194 822 1430 867 verum
1476 800 1916 867 crescentibus
1971 801 2273 882 deinceps

323 889 634 975 periculis
679 908 762 952 ex
823 887 1060 970 quibus
1107 886 1328 952 nullus
1372 886 1728 971 apparebat
1773 888 1988 952 exitus
2034 885 2272 970 (neque

325 977 507 1044 enim
579 976 922 1041 hominum
988 972 1227 1039 iudicio
1310 974 1450 1038 fieri
1521 994 1806 1056 unquam
1873 980 2134 1057 poterat
2198 980 2272 1036 ut

326 1061 552 1127 David
613 1080 848 1125 manus
893 1057 1118 1125 Saulis
1162 1058 1505 1145 effugeret)
1549 1070 1830 1142 quantas
1876 1058 2273 1123 arbitramur

323 1148 532 1214 fuisse
554 1145 834 1210 Davidis
879 1145 1315 1222 difficultates,
1359 1151 1425 1210 et
1453 1145 1522 1209 in
1561 1166 1755 1227 quam
1796 1146 2013 1211 varias
2051 1154 2272 1226 partes

320 1237 681 1301 fluctuasse
724 1232 928 1314 ipsius
973 1231 1267 1296 animum
1303 1231 1658 1296 verisimile
1701 1230 1850 1295 est?
1898 1229 2077 1296 Sane
2105 1231 2272 1313 ipse-

319 1329 464 1385 met
498 1319 765 1383 Psalmo
805 1317 929 1382 116
964 1318 1124 1382 satis
1163 1329 1387 1398 aperte
1431 1316 1720 1382 declarat
1763 1338 1834 1382 se
1877 1336 2271 1401 magnopere

321 1404 806 1490 perturbatum,
842 1413 909 1468 et
929 1403 1186 1487 ingenti
1207 1402 1556 1467 formidine
1580 1402 1952 1485 perculsum
1980 1402 2269 1466 adventu

324 1491 552 1560 Saulis
579 1490 760 1555 velut
781 1490 1136 1572 inopinato.
1183 1488 1354 1554 Nam
1382 1490 1496 1554 ubi
1529 1487 1730 1553 dixit:
1779 1488 2002 1552 Dilexi
2038 1487 2268 1552 Domi-

320 1599 513 1657 num,
579 1575 888 1659 quoniam
935 1573 1229 1640 exaudiit
1272 1595 1501 1639 vocem
1546 1575 1861 1640 orationis
1904 1594 2110 1652 meae,
2172 1583 2268 1637 ta·

324 1686 481 1731 men
505 1663 801 1747 agnoseit
823 1682 891 1726 se
913 1661 1144 1726 mortis
1179 1659 1505 1725 doloribus
1552 1661 1750 1726 fuisse
1775 1660 2268 1733 circumdatum,

324 1761 394 1817 et
437 1750 520 1815 ab
568 1747 895 1833 angustiis
952 1744 1193 1812 inferni
1238 1747 1605 1824 inventum,
1664 1767 1830 1826 quae
1876 1746 2077 1811 verba
2120 1765 2259 1827 per·

323 1838 542 1903 tinent
584 1834 667 1900 ad
712 1834 882 1899 hane
928 1832 1294 1911 historiam,
1339 1832 1409 1896 in
1456 1853 1584 1916 qua
1631 1830 1954 1898 Davidem
1999 1838 2272 1914 apparet

322 1925 392 1989 in
478 1940 771 1988 summas
828 1920 1165 2003 angustias
1243 1917 1614 1996 devenisse,
1689 1939 1848 2001 quas
1916 1916 2069 1982 licet
2135 1937 2271 1979 non

319 2014 757 2094 persequatur
814 2015 878 2071 et
936 2004 1288 2088 amplificet
1336 2005 1679 2070 verborum
1736 2011 1990 2081 ornatu,
2050 2015 2268 2067 tamen

313 2096 480 2162 satis
525 2099 816 2176 apparet,
877 2113 958 2156 ex
1020 2090 1245 2173 paucis
1289 2089 1506 2156 verbis
1565 2111 1717 2156 cum
1771 2089 2047 2155 summis
2091 2088 2267 2153 diffi-

317 2178 676 2249 cultatibus
747 2178 948 2243 fuisse
1015 2177 1353 2242 luctatum.
1455 2177 1627 2243 Nam
1710 2197 1911 2258 quum
1978 2173 2138 2239 dicit
2198 2195 2268 2239 se

322 2267 548 2333 morus
580 2264 899 2331 doloribus
931 2263 1407 2342 circumdatum,
1451 2261 1722 2346 perinde
1759 2273 1857 2327 est
1894 2282 1969 2328 ao
2002 2261 2056 2325 si
2097 2259 2266 2325 dice·

324 2364 432 2420 ret
488 2373 558 2416 se
618 2349 697 2414 de
756 2349 966 2414 salute
1027 2348 1490 2432 desperavisse,
1548 2347 1870 2431 siquidem
1928 2347 2268 2411 hominum

319 2437 570 2506 iudicio
615 2434 802 2500 nulla
843 2455 991 2518 spes
1035 2434 1268 2501 salutis
1311 2434 1434 2518 ipsi
1482 2444 1625 2499 erat
1668 2434 1936 2517 reliqua.
2018 2433 2266 2497 Verum

322 2525 663 2591 enimvero
721 2519 876 2587 dicit
933 2521 1005 2584 in
1060 2520 1204 2586 istis
1261 2521 1584 2605 angustiis
1642 2527 1711 2586 et
1773 2517 2269 2585 difficultatibus

325 2634 400 2677 se
443 2607 797 2675 credidisse
843 2615 906 2671 et
953 2614 1296 2690 propterea
1341 2607 1677 2688 loquutum
1719 2627 1890 2684 esse,
1957 2625 2269 2687 suamque

322 2693 778 2763 infirmitatem
827 2693 1088 2771 fatetur,
1134 2713 1264 2775 qua
1308 2712 1515 2775 paene
1546 2692 1819 2757 abrutus
1863 2699 1930 2757 et
1974 2690 2270 2756 devictus

319 2795 448 2851 est.
537 2778 672 2846 Sed
729 2778 1159 2843 nihilominus
1216 2798 1286 2842 se
1340 2780 1685 2861 profitetur
1753 2776 2136 2852 credidisse,
2205 2786 2271 2839 et

316 2875 678 2955 propterea
712 2866 908 2930 etiam
949 2864 1287 2947 loquutum
1324 2883 1487 2940 esse,
1524 2864 1764 2947 quibus
1803 2863 2020 2928 verbis
2057 2860 2268 2928 decla-

317 2963 434 3021 rat
468 2975 539 3018 se
576 2974 707 3017 non
747 2958 993 3015 temere
1026 2950 1109 3014 de
1143 2950 1339 3014 rebus
1375 2950 1795 3034 incompertis
1824 2949 2268 3030 loquuturum,

318 3038 446 3107 sed
505 3036 585 3104 de
643 3038 840 3102 rebus
900 3057 1062 3119 quas
1118 3036 1524 3118 experientia
1581 3036 1983 3118 cognoverit.
2067 3033 2268 3098 Multi

318 3127 506 3193 enim
543 3123 842 3207 loquaces
887 3131 953 3186 et
990 3120 1240 3206 garruli
1298 3142 1490 3205 saepe
1526 3121 1734 3186 multa
1770 3130 2046 3185 narrant
2082 3119 2267 3202 quasi

314 3232 547 3279 rerum
595 3208 953 3274 multarum
1011 3208 1224 3292 periti,
1269 3209 1378 3290 qui
1441 3216 1657 3273 tamen
1719 3206 1968 3272 nullam
2028 3206 2269 3271 habent

315 3319 548 3366 rerum
584 3294 1081 3378 experientiam,
1129 3292 1371 3377 etquid
1418 3294 1504 3357 sit
1545 3292 1848 3359 fiduciam
1874 3293 1942 3356 in
1971 3292 2111 3356 Deo
2135 3289 2264 3357 col-

316 3386 565 3460 locare,
625 3392 692 3446 et
749 3380 831 3445 ad
887 3379 1104 3463 ipsum
1162 3380 1531 3463 confugere]
1591 3380 1660 3443 in
1722 3379 1914 3443 rebus
1975 3377 2267 3442 adversis

315 3469 767 3539 constantiam
811 3466 1113 3544 retinere,
1161 3475 1227 3529 et
1265 3466 1332 3530 in
1365 3465 1830 3530 tentationibus
1875 3464 2106 3530 luctari
2152 3483 2267 3546 pe-

315 3557 511 3622 nitus
553 3555 880 3636 ignorant.
1861 3571 1886 3594 ⁶

497 3638 631 3705 Sed
647 3637 868 3703 David
895 3645 967 3701 ut
988 3658 1072 3702 ex
1094 3634 1300 3720 ipsius
1323 3636 1618 3712 doctrina
1643 3637 1953 3701 maiorem
1978 3636 2263 3699 fructum

312 3725 708 3800 referamus,
754 3725 848 3788 ait
888 3744 959 3788 se
1003 3744 1136 3787 non
1183 3723 1263 3787 de
1299 3724 1491 3787 rebus
1534 3723 1773 3806 ignotis
1815 3722 2009 3805 loqui,
2056 3742 2265 3803 neque

312 3823 404 3878 ut
462 3812 571 3894 qui
632 3830 975 3893 personam
1024 3809 1306 3891 aliquam
1353 3810 1418 3872 in
1478 3807 1698 3872 fabula
1743 3809 2093 3886 sustinent,
2152 3805 2265 3872 sed

314 3898 506 3980 loqui
549 3897 857 3980 quoniam
902 3892 1196 3973 credidit,
1255 3893 1606 3959 credidisse
1651 3902 1866 3959 autem
1924 3892 2109 3958 illum
2154 3913 2265 3976 ap-

310 3993 515 4069 paret
574 4002 651 4046 ea
707 4001 875 4064 quae
930 3980 1074 4063 ipsa
1131 3979 1538 4062 experientia
1584 3979 1911 4044 Dominus
1956 4000 2106 4044 eum
2151 3978 2263 4044 do·

309 4079 568 4138 euerat.
613 4067 842 4150 Neque
882 4087 1037 4131 vero
1075 4065 1155 4131 de
1191 4064 1319 4130 fide
1355 4066 1639 4148 perfecta
1674 4065 2018 4149 gloriatur,
2057 4084 2263 4147 quum

311 4167 392 4223 s'e
460 4154 553 4220 ait
623 4151 1009 4233 credidisse,
1073 4151 1258 4235 quasi
1317 4171 1445 4216 non
1514 4151 1742 4216 fuisset
1802 4149 2265 4217 afflictionibus

311 4249 719 4309 commotus:
783 4258 940 4303 nam
996 4247 1226 4304 contra
1283 4238 1524 4302 fatetur
1581 4256 1653 4303 se
1725 4236 1794 4301 in
1851 4235 2265 4302 festinatione

315 4346 463 4403 sua,
527 4324 631 4391 vel
659 4323 1115 4406 ·trepidatione
1156 4321 1399 4389 dixisse
1444 4342 1701 4386 omnem
1747 4322 2082 4387 hominem
2123 4343 2264 4387 esse

315 4411 726 4479 mendacem.
785 4410 980 4475 Hane
1024 4409 1505 4474 festinationem
1550 4408 1812 4491 quidam
1859 4406 1938 4472 ad
1984 4407 2266 4473 Davidis

312 4501 546 4582 fugam
611 4496 939 4577 referunt,
1026 4493 1581 4578 quemadmodum
1648 4496 1713 4558 in
1785 4494 1910 4560 hac
1991 4494 2267 4559 historia

316 4580 651 4651 Davidem
711 4581 990 4664 legimus
1039 4583 1247 4650 ,fuisse
1305 4591 1457 4646 ante
1504 4578 1725 4646 Saulis
1779 4581 2009 4645 faciem
2056 4599 2096 4644 a
2140 4601 2267 4663 quo

370 4678 728 4734 raeventus
769 4668 985 4733 fuerat
1028 4675 1096 4732 et
1137 4666 1205 4731 in
1248 4667 1370 4732 hac
1428 4666 1584 4750 fuga
1628 4666 1828 4731 fuisse
1875 4675 2058 4730 tanta
2102 4666 2268 4730 diffi-

315 4692 549 4821 Eentia
591 4754 1031 4831 sollicitatum,
1074 4762 1151 4817 ut
1183 4752 1371 4837 parvi
1417 4752 1641 4817 fecerit
1675 4752 1877 4817 factas
1907 4752 2031 4817 sibi
2067 4773 2106 4816 a
2142 4750 2266 4817 Sa·

322 4841 545 4907 muele
590 4840 1052 4923 promissiones
1107 4837 1412 4903 adiuncto
1479 4837 1676 4902 etiam
1722 4837 2048 4902 unctionis
2090 4859 2121 4902 s
2172 4858 2268 4901 m·

316 4927 494 5004 bolo,
553 4937 620 4991 et
677 4926 942 4990 inanem
1003 4925 1317 5003 omnium,
1375 4933 1441 4987 et
1491 4924 1754 4987 irritum
1818 4924 2016 4988 fuisse
2061 4923 2116 4987 si
2161 4923 2184 4987 i
2229 4943 2267 4988 a

322 5014 475 5079 Deo
520 5012 790 5076 missum
839 5012 1180 5095 cogitasse.
1242 5008 1375 5074 Sed
1419 5009 1536 5073 illa
1579 5009 1896 5092 expositio
1941 5008 2124 5074 rudis
2167 5020 2267 5075 est

317 5107 394 5165 et
437 5105 677 5165 coacta.
769 5096 994 5177 Quare
1038 5116 1238 5179 quum
1284 5094 1503 5160 David
1551 5094 1630 5159 de
1687 5093 2102 5159 festinatione
2147 5115 2266 5160 sua

321 5185 618 5269 loquitur
661 5203 778 5267 per
823 5181 1152 5265 quandam
1197 5179 1690 5248 similitudinem
1749 5179 1996 5245 dietum
2043 5181 2265 5246 existi·

1590 269 1690 334 IN
1735 269 1791 333 Ι.
1837 268 2015 333 LIB.
2068 266 2472 334 SAMUEL.
2521 266 2719 333 OAP.
2762 266 3034 334 XXIII.

4186 273 4317 336 474

2381 456 2694 522 mandum
2741 465 2875 522 est:
2937 457 3482 540 quemadmodum
3541 460 3712 524 enim
3774 458 4076 526 fiduciam
4121 463 4319 527 comi-

2380 551 2559 608 tatur
2600 542 2768 608 fides
2813 554 2880 606 et
2921 544 3376 627 tranquillima,
3425 545 3518 610 sic
3554 547 3746 611 etiam
3796 545 4319 613 incredulitatem

2380 628 2809 710 perturbatiO,
2854 640 2921 694 et
2964 631 3180 707 timor,
3225 652 3299 696 ac
3336 632 3647 697 confusio,
3688 630 3821 712 Qui
3858 632 4031 696 enim
4070 632 4139 695 in
4178 632 4319 699 Deo

2378 713 2649 779 confidit
2695 717 2954 797 quietus
2999 725 3099 780 est
3140 725 3205 781 et
3251 717 3663 800 tranquillus,
3710 716 3951 784 ideirco
3996 718 4319 801 scriptura

2377 820 2579 882 quum
2641 821 2758 865 nos
2818 801 2886 865 in
2950 800 3094 866 Deo
3150 813 3398 867 certam
3458 802 3698 868 habere
3756 802 4058 868 fiduciam
4121 803 4320 884 iubet,

2376 887 2750 967 frequenter
2785 886 2892 952 his
2931 888 3198 954 vocibus
3235 889 3478 953 utitur:
3527 887 3923 969 Quiescendi
3946 897 4025 953 'et
4060 890 4317 957 silendi.

2378 971 2630 1036 Contra
2695 995 2849 1038 vero
2911 970 2990 1037 de
3048 972 3388 1039 hominum
3446 974 3812 1040 diffidentia
3861 984 3928 1040 et
3972 975 4321 1042 increduli-

2378 1066 2510 1123 tate
2555 1057 2824 1140 loquens
2859 1058 3005 1124 illos
3048 1082 3193 1125 cum
3241 1059 3412 1124 foliis
3454 1062 3760 1126 arborum
3806 1061 4102 1127 tremulis
4146 1083 4319 1128 com-

2375 1153 2584 1227 parat.
2676 1144 2856 1210 'Palis
2918 1145 3125 1228 igitur
3194 1158 3347 1212 tunc
3413 1145 3538 1210 fuit
3583 1146 3862 1213 Davidis
3931 1148 4180 1229 passio:
4245 1168 4321 1213 ae

2377 1229 2649 1313 proinde
2707 1231 2798 1293 ita
2859 1232 3464 1313 magnanimitatem
3513 1247 3578 1297 et
3624 1233 4073 1297 fortitudinem
4119 1234 4319 1299 animi

2374 1316 2475 1380 sui
2538 1315 2867 1397 praedicat
2920 1319 3101 1398 quasi
3149 1339 3282 1382 non
3326 1318 3411 1383 sit
3455 1320 3891 1402 periculorum
3938 1328 4137 1396 metu,
4180 1320 4317 1402 qui-

2376 1403 2496 1467 bus
2555 1402 2914 1485 urgebatur
2972 1402 3408 1484 perturbatus,
3470 1408 3623 1486 quia
3671 1404 3887 1487 potius
3945 1427 4015 1470 se
4074 1405 4319 1478 fatetur

2376 1487 2801 1553 vehementer
2837 1501 3251 1572 commotum,
3296 1501 3361 1555 et
3396 1491 3599 1554 animi
3637 1491 4124 1572 perturbatione
4166 1509 4321 1555 con-

2374 1573 2644 1639 citatum
2706 1585 2781 1638 ut
2824 1574 3057 1639 similis
3103 1576 3298 1641 fuerit
3341 1576 3681 1641 festinanti
3715 1576 4001 1656 homini,
4042 1585 4107 1641 et
4151 1575 4322 1641 nihil

2376 1659 2505 1724 nisi
2562 1679 2786 1724 casum
2846 1658 3151 1725 lethalem
3211 1663 3548 1727 metuenti.
3637 1661 3890 1728 Idcirco
3935 1661 4095 1727 dicit
4135 1683 4206 1727 se
4247 1663 4319 1727 in

2373 1745 2489 1810 illa
2548 1745 2960 1810 festinatione
3005 1746 3266 1827 dixisse,
3324 1767 3559 1813 omnem
3601 1747 3905 1814 hominem
3946 1749 4318 1814 nmzdaaem.

2375 1829 2633 1912 Quibus
2664 1831 2883 1897 verbis
2917 1852 3051 1897 non
3091 1840 3350 1897 tantum
3396 1834 3580 1899 venit
3620 1833 3717 1899 illi
3757 1834 3829 1898 in
3872 1842 4159 1898 mentem
4204 1834 4317 1899 illa

2373 1916 2681 2000 cogitatio
2742 1937 2985 1982 vanum
3048 1928 3111 1981 et
3169 1919 3432 1983 irritum
3489 1919 3711 1984 videre
3769 1918 3848 1984 de
3896 1918 4094 1985 Saule
4152 1941 4322 1984 nun·

2374 2004 2570 2077 cium,
2628 2002 2741 2067 sed
2800 2003 2998 2068 etiam
3061 2002 3142 2069 de
3201 2006 3503 2071 omnibus
3547 2005 3920 2071 hominibus
3963 2006 4033 2070 in
4077 2026 4319 2090 genere

2374 2088 2686 2171 loquitur,
2732 2089 2799 2153 in
2825 2109 3102 2171 quorum
3127 2091 3324 2156 etiam
3350 2111 3625 2156 numero
3648 2114 3718 2157 se
3740 2092 3957 2174 ipsum
3987 2092 4315 2174 agnoscit:

2375 2175 2560 2257 quasi
2619 2172 2823 2239 dicat:
2882 2194 3002 2258 ego
3046 2176 3113 2239 in
3159 2177 3495 2260 quibusvis
3542 2177 3916 2242 hominibus
3962 2176 4129 2242 nihil
4187 2177 4317 2242 nisi

2375 2261 2733 2326 vanitatem
2772 2269 2839 2325 et
2860 2259 3269 2327 mendacium
3297 2263 3528 2346 reperi.
3576 2264 3824 2348 Magna
3851 2284 4010 2328 sane
4054 2262 4170 2327 illa
4211 2283 4316 2328 sa-

2372 2346 2622 2428 pientia
2668 2355 2788 2426 est,
2832 2347 2999 2411 scire
3041 2367 3268 2413 omnes
3312 2348 3610 2414 homines
3655 2369 3796 2413 esse
3842 2349 4207 2424 mendaces,
4253 2356 4320 2412 et

2373 2431 2652 2497 vanitati
2676 2431 3007 2510 obnoxios,
3045 2433 3591 2514 quemadmodum
3615 2445 3683 2500 et
3710 2434 4029 2519 propheta
4050 2434 4316 2499 Psalmo

2373 2518 2457 2583 62
2517 2538 2636 2582 nos
2690 2516 2893 2597 docet,
2954 2538 3156 2584 vanos
3200 2540 3341 2585 esse
3385 2521 3554 2586 filios
3598 2521 3965 2603 hominum,
4023 2530 4091 2585 et
4132 2541 4315 2584 men-

2374 2604 2605 2670 daces:
2674 2603 2786 2686 qui
2832 2604 2888 2668 si
2954 2604 3022 2668 in
3091 2608 3351 2671 stateris
3394 2606 3853 2691 appendantur
3906 2607 4033 2689 ipsi
4090 2626 4317 2671 omnes
4406 2652 4410 2656 <

2373 2688 2569 2755 simul
2615 2691 2908 2755 vanitate
2951 2689 3088 2755 sint
3129 2690 3425 2757 leviores.

2544 2775 2681 2840 Nos
2705 2774 2986 2841 Davidis
3022 2798 3391 2842 sermonem
3435 2776 3925 2861 apprehendere
3970 2777 4315 2856 discamus,

2374 2871 2440 2927 et
2503 2861 2631 2925 Dei
2702 2862 2771 2924 in
2845 2860 2959 2924 illo
3041 2863 3401 2927 exercendo
3466 2865 3859 2946 sapientiam
3925 2863 4313 2945 expendere.

2373 2947 2541 3013 Nam
2592 2947 2811 3011 David
2866 2947 2938 3011 in
2991 2948 3366 3014 hominibus
3424 2948 3588 3013 nihil
3649 2948 3779 3014 nisi
3840 2950 4196 3014 vanitatem
4249 2958 4315 3013 et

2373 3032 2783 3098 mendacium
2824 3033 3374 3113 animadvertens,
3419 3043 3647 3101 contra
3694 3032 3920 3100 doctus
3964 3043 4063 3100 est
4108 3033 4315 3099 aDeo

2375 3116 2695 3203 quomodo
2754 3131 3094 3184 mutentur
3154 3120 3455 3186 homines
3517 3129 3579 3184 et
3624 3119 4012 3186 roborentur
4056 3140 4138 3184 ne
4182 3121 4318 3185 sint

2372 3204 2654 3288 amplius
2684 3204 3097 3271 mendacium
3142 3216 3209 3271 et
3245 3207 3537 3272 vanitas:
3584 3226 3819 3289 nempe
3849 3206 4046 3272 verbo
4084 3205 4314 3270 divino

2374 3289 2547 3374 quod
2604 3291 2673 3353 in
2735 3292 3035 3356 omnibus
3093 3293 3413 3376 angustiis
3470 3292 3767 3356 labantes
3820 3292 4023 3374 fulcit,
4082 3300 4149 3357 et
4192 3313 4312 3375 per

2371 3376 2501 3441 Dei
2556 3375 2859 3458 spiritum
2920 3376 2990 3441 in
3037 3378 3224 3444 nobis
3268 3389 3567 3463 agentem
3614 3379 3791 3443 omni
3837 3378 4201 3443 diffidentia
4245 3385 4312 3442 et

2372 3463 2671 3527 vanitate
2729 3464 2926 3527 exuit.
3016 3462 3319 3547 Denique
3377 3486 3494 3530 nos
3552 3465 3738 3529 docet
3794 3463 3863 3527 in
3928 3462 4069 3528 Deo
4122 3463 4315 3529 unico

2372 3558 2673 3612 nostrum
2698 3567 2838 3612 esse
2861 3548 3255 3631 perfugium,
3303 3550 3637 3633 vitamque
3661 3559 3949 3614 nostram
3982 3551 4049 3613 in
4087 3548 4315 3614 eodem

2371 3635 2745 3710 consistere,
2812 3654 2887 3699 ac
2940 3635 3214 3717 proinde
3258 3635 3568 3719 quamdiu
3614 3636 3914 3700 homines
3972 3636 4093 3701 sibi
4154 3635 4313 3719 ipsis

2371 3718 2597 3796 fident,
2656 3723 2990 3802 perpetuis
3051 3741 3310 3805 semper
3369 3720 3671 3786 fluctibus
3713 3721 3953 3805 agitari
3997 3730 4063 3787 et
4106 3721 4311 3787 animi

2371 3803 2971 3888 perturbationibus
3029 3806 3171 3871 sine
3230 3806 3367 3871 ulla
3423 3809 3674 3891 quiete,
3734 3817 3801 3873 et
3855 3808 4310 3890 tranquilitate

2369 3891 2651 3958 concuti.
2712 3888 2917 3957 Sacra
2950 3892 3190 3957 idcirco
3234 3893 3555 3975 scriptura
3600 3894 3974 3977 frequenter
4012 3893 4311 3959 homines

2369 3998 2518 4043 cum
2579 3977 2738 4041 flore
2797 3986 2911 4041 aut
2954 3980 3254 4060 gramine
3298 3989 3650 4062 comparat,
3707 3979 3879 4063 quod
3917 3980 4049 4045 levi
4094 3979 4310 4062 aliqua

2369 4083 2535 4128 aura
2576 4062 2873 4127 afflatum
2916 4064 3271 4143 marcessit,
3315 4074 3383 4130 et
3427 4086 3698 4148 gramen
3743 4068 3812 4132 in
3855 4067 4120 4131 foenum
4166 4085 4310 4129 mu-

2370 4156 2569 4213 tatur.
2655 4147 2911 4229 Quibus
2957 4150 3174 4215 verbis
3217 4149 3549 4216 hominem
3595 4151 3919 4234 scriptura
3964 4150 4198 4230 deiicit,
4244 4160 4310 4215 et

2368 4232 2763 4298 humiliatur·
2812 4244 2885 4297 ut
2927 4245 3203 4301 naturae
3247 4257 3405 4302 suae
3450 4258 3584 4301 non
3631 4236 4070 4314 obliviscatur,
4115 4245 4183 4301 et
4227 4257 4311 4301 ne

2369 4320 2736 4385 insolescat.
2822 4319 3075 4385 Verum
3133 4320 3396 4389 obsecro
3454 4324 3507 4389 si
3552 4322 3623 4388 in
3661 4331 3935 4387 naturae
3976 4323 4164 4387 istius
4209 4323 4309 4386 in-

2370 4407 2683 4470 firmitate
2718 4405 3167 4487 subsistamus,
3212 4408 3366 4490 quid
3413 4410 3596 4475 nobis
3639 4407 3897 4472 miseris
3941 4406 4097 4471 fiet?
4144 4428 4311 4490 quae

2370 4490 2662 4557 confusio
2721 4500 3036 4573 perpetua
3094 4514 3215 4559 nos
3272 4493 3552 4561 obruet?
3641 4493 3796 4560 Sola
3842 4492 4313 4575 desperationis

2370 4576 2695 4660 supererit
2727 4577 3021 4654 materia,
3068 4588 3135 4643 et
3169 4579 3378 4646 brutis
3412 4580 3853 4645 animantibus
3895 4578 4090 4662 longe
4135 4579 4310 4643 dete-

2371 4663 2577 4728 riores
2613 4661 2877 4728 erimus.
2938 4661 3072 4729 Sed
3107 4665 3234 4730 etsi
3269 4665 3593 4748 scriptura
3636 4665 3740 4730 vel
3783 4667 3928 4730 flori
3972 4665 4078 4730 vel
4122 4665 4310 4729 foeno

2373 4749 2581 4814 vitam
2649 4747 2987 4814 hominum
3056 4760 3391 4835 comparat
3415 4799 3429 4828 ,
3490 4771 3567 4816 ac
3633 4749 3901 4834 proinde
3972 4749 4313 4815 hominum

2371 4832 2742 4918 superbiam
2789 4834 3152 4914 contundit,
3200 4837 3369 4920 quod
3419 4836 3659 4902 diserte
3701 4837 3859 4903 facit
3894 4836 4128 4902 Esaias
4171 4856 4311 4919 cap.

2370 4920 2475 4998 40,
2514 4929 2733 4985 tamen
2759 4921 2959 4987 etiam
2997 4922 3507 4988 consolationem
3545 4922 3810 4988 adhibet
3844 4931 3911 4987 et
3948 4920 4312 4987 remedium

2370 5008 2691 5073 adversus
2749 5007 3162 5074 instiusmodi
3219 5009 3695 5090 corruptionem
3745 5008 3957 5088 affert,
4018 5008 4123 5074 vel
4169 5008 4312 5091 ipso

2373 5100 2541 5157 teste
2611 5091 2810 5158 Petro
2878 5093 3057 5158 fideli
3122 5094 3590 5177 scripturarum
3658 5097 4035 5178 interprete.
4142 5094 4314 5159 Nam

2371 5198 2576 5260 quum
2626 5178 2863 5244 Esaias
2921 5179 3080 5246 dicit
3124 5180 3450 5246 hominem
3513 5201 3653 5247 esse
3710 5181 3922 5247 instar
3985 5181 4319 5265 graminis,
