5059 6059
764 323 898 391 487

2378 321 2791 390 Romus
2826 320 3187 390 LXXXV.

4646 320 4757 386 488

778 514 988 599 igitur
1022 514 1161 580 loco
1206 514 1538 579 discamus
1576 532 1776 597 quam
1819 514 2128 597 proclivis
2171 514 2259 580 sit
2304 515 2505 618 etiam
2549 515 2623 579 in
2664 534 2736 580 re
2841 532 2917 579 ac
2955 513 3304 596 principes,
3350 513 3451 580 vel
3498 513 3658 579 alios
3701 511 4129 596 magistratus
4170 532 4293 596 pro
4332 514 4525 578 varia
4567 531 4759 576 rerum

778 600 960 667 licita
981 600 1222 683 lapsus,
1256 607 1326 665 et
1362 619 1564 683 quum
1598 599 1742 665 iure
1779 598 2010 667 divino
2038 599 2234 666 liceat
2273 599 2406 684 vim
2446 599 2734 667 hostium

785 686 855 750 vi
920 685 1267 768 repellere,
1334 697 1402 751 et
1469 684 1694 752 hostes
1759 685 1956 752 etiam
2024 686 2281 751 damnis
2346 686 2607 753 afficere
2670 694 2738 752 et

776 734 1636 941 ffm⁰1pzi⁰ss032020¹⁰
1659 770 2210 924 ιῗὲἑῗῖἵῖἰῖῖῗ
2233 783 2736 941 εῇᾞωῗὲὲιέἑ

779 953 1000 1008 tamen
1058 945 1528 1027 exaequatione
1573 944 1793 1009 Deum
1835 943 2265 1010 offendamus.
2350 942 2504 1026 Qua
2545 943 2617 1008 in
2662 964 2734 1008 re

777 1027 974 1094 multi
1025 1050 1087 1095 m
1224 1049 1421 1111 opere
1462 1029 1815 1107 falluntur,
1872 1031 1943 1094 in
1990 1030 2229 1096 cortice
2271 1037 2532 1095 tantum
2577 1028 2731 1093 hae-

777 1125 1018 1181 rentes.
1094 1048 1297 1193 Ῥω,
1353 1116 1556 1196 aiunt,
1599 1115 1776 1199 prior
1820 1115 1901 1181 ab
1947 1114 2136 1181 hoste
2178 1115 2518 1182 lacessitus
2562 1135 2730 1193 sum,

779 1208 850 1266 et
905 1199 1161 1266 invitus
1214 1165 1297 1265 ad
1356 1201 1482 1265 mei
1540 1201 1983 1267 defensionem
2042 1209 2293 1270 tractus
2349 1221 2535 1285 sum,
2594 1221 2728 1265 non

780 1305 931 1351 mea
986 1285 1342 1363 voluntate,
1399 1285 1514 1352 sed
1581 1286 1835 1353 invitus
1891 1296 1957 1352 et
2015 1288 2410 1354 necessitate
2465 1295 2729 1353 coactus

780 1391 890 1437 me
947 1380 1197 1437 tutatus
1240 1392 1405 1437 sum.
1496 1370 1684 1453 Quae
1726 1374 1948 1438 omnia
1987 1393 2148 1439 vera
2192 1393 2339 1439 esse
2379 1373 2614 1449 fateor,
2659 1380 2729 1436 et

777 1456 1202 1524 condemnari
1262 1476 1390 1522 non
1435 1476 1656 1540 posse:
1714 1458 1827 1524 sed
1872 1459 2136 1523 interim
2182 1459 2290 1524 isti
2335 1479 2473 1523 non
2515 1459 2726 1524 anim·

777 1542 1152 1620 advertunt,
1213 1563 1284 1608 se
1340 1564 1475 1609 non
1531 1563 1675 1608 eam
1735 1544 2153 1610 sobrietatem
2213 1554 2280 1609 et
2335 1543 2723 1609 modestiam

777 1628 1131 1694 retinuisse
1174 1648 1371 1712 quam
1416 1649 1535 1712 par
1576 1637 1746 1707 erat,
1807 1638 1875 1695 et
1916 1631 2212 1713 appetitu
2257 1629 2541 1713 quodam
2581 1631 2725 1695 vin-

778 1713 992 1780 dictae
1047 1714 1325 1781 violasse
1380 1714 1749 1780 libertatem
1808 1735 2005 1798 quam
2048 1715 2399 1782 habebant.
2480 1713 2729 1796 Quam-

775 1800 1002 1866 obrem
1061 1801 1362 1883 exemplo
1405 1799 1684 1867 Davidis
1743 1801 2090 1880 discamus,
2149 1821 2269 1868 nos
2311 1802 2464 1868 licet
2505 1821 2724 1868 coram

773 1884 1153 1951 hominibus
1232 1887 1441 1952 iustas
1520 1894 1587 1952 et
1667 1907 1906 1970 aequas
1972 1886 2369 1953 defensionis
2434 1887 2725 1952 rationes

773 1970 1171 2050 habeamus,
1233 1992 1363 2037 non
1435 1971 1579 2037 ideo
1639 1980 1862 2038 tamen
1926 1991 2150 2039 coram
2203 1973 2349 2038 Deo
2408 1971 2491 2038 ab
2546 1974 2724 2038 omni

774 2056 970 2160 culpa
1024 2078 1285 2136 vacuos,
1346 2057 1516 2140 quod
1578 2057 1799 2141 aliqua
1851 2059 2157 2143 passione
2199 2057 2455 2142 abrepti
2500 2078 2724 2144 pecca-

774 2144 1067 2209 verimus
1111 2144 1180 2208 in
1225 2164 1517 2221 excessu,
1563 2143 1873 2226 viamque
1917 2144 2200 2228 aliquam
2247 2143 2580 2229 obliquam
2624 2165 2723 2210 se·

772 2229 965 2312 qunti
1041 2229 1279 2294 simus:
1361 2250 1436 2295 ao
1513 2229 1785 2311 proinde
1851 2229 2003 2295 licet
2066 2250 2284 2296 coram
2354 2228 2726 2297 bominibus

772 2335 991 2397 neque
1034 2316 1327 2381 accusari
1372 2335 1582 2396 neque
1627 2314 1928 2380 damnari
1971 2317 2311 2399 possimus,
2357 2335 2490 2381 non
2536 2335 2725 2416 posse

773 2409 998 2466 tamen
1057 2400 1350 2485 effugere
1391 2401 1549 2483 quin
1594 2401 1720 2465 Dei
1767 2400 2003 2467 iudicio
2047 2401 2380 2482 feriamur,
2437 2402 2567 2468 nisi
2605 2413 2724 2484 pro

773 2484 1040 2550 infinita
1094 2507 1214 2552 sua
1270 2484 1563 2551 bonitate
1617 2495 1876 2553 nostras
1919 2487 2338 2554 infirmitates
2377 2486 2612 2554 toleret
2656 2493 2724 2552 et

944 2656 1085 2721 Nos
1162 2655 1370 2740 igitur
1450 2656 1673 2722 eadem
1756 2678 1887 2740 qua
1954 2656 2283 2724 Davidem
2351 2659 2721 2724 reverentia

771 2739 980 2807 divini
1015 2742 1300 2808 nominis
1336 2741 1489 2808 duci
1531 2751 1804 2826 oportet,
1849 2744 2037 2810 cuius
2077 2743 2244 2810 haec
2283 2742 2485 2811 verba
2528 2751 2719 2809 sunt.

774 2825 1105 2909 Propitius
1165 2827 1252 2894 sit
1313 2827 1518 2892 mihi
1536 2827 1875 2910 Dominus,
1940 2849 2017 2895 ne
2076 2829 2317 2913 faciam
2374 2829 2535 2896 Ῑιαιισ
2587 2849 2721 2895 rem

770 2913 1021 2978 domino
1061 2932 1195 2980 meo
1220 2911 1466 2979 Christo
1497 2914 1780 2993 Domini,
1819 2880 1894 2980 u’t
1930 2915 2175 2981 mittam
2213 2935 2472 2983 ιιιαιιιιιιι
2513 2934 2721 2980 meam

769 2998 843 3066 in
877 3019 1036 3079 eum,
1080 2999 1237 3082 quia
1260 2998 1550 3066 ebrinus
1583 3000 1823 3065 domni
1864 3006 1973 3067 eat.
2042 3001 2265 3068 David
2300 3022 2371 3068 se
2406 3008 2718 3083 tanquam

769 3084 1029 3151 iniectis
1090 3084 1366 3151 habenis
1423 3086 1685 3167 retinet,
1739 3107 1824 3152 ne
1881 3084 2039 3170 quid
2081 3086 2149 3153 in
2196 3085 2469 3153 Saulem
2515 3086 2718 3153 susci·

768 3171 930 3254 piat,
975 3169 1374 3271 cogitatione
1416 3171 1745 3238 unctionis
1788 3171 2054 3238 divinae
2095 3193 2293 3272 quam
2330 3171 2496 3239 Saul
2538 3192 2717 3238 aece-

768 3268 979 3340 perat.
1045 3257 1196 3323 Non
1240 3258 1384 3322 sine
1424 3276 1623 3323 causa
1670 3279 1826 3323 vero
1866 3259 2173 3323 meminit
2229 3257 2718 3341 UnctiDomini,

770 3343 1110 3425 quoniam,
1177 3351 1256 3406 ιιι
1312 3353 1467 3409 ante
1521 3341 1694 3423 dixi,
1750 3363 2030 3427 regnum
2083 3343 2246 3409 illud
2306 3355 2449 3410 erat
2506 3344 2721 3426 figura

767 3429 959 3513 regni
1026 3429 1294 3494 Domini
1359 3428 1567 3495 nestri
1632 3428 1786 3495 Iesu
1854 3428 2137 3496 Christi·
2208 3429 2382 3495 unde
2447 3438 2722 3514 apparet

773 3533 980 3596 quare
1036 3523 1225 3580 tanta
1282 3514 1651 3580 reverentia
1705 3514 1879 3580 colat
1923 3513 2212 3592 Saulem,
2272 3514 2445 3599 quod
2492 3536 2534 3581 a
2576 3513 2722 3581 Deo

774 3598 850 3663 in
913 3599 1097 3664 illum
1167 3599 1506 3683 dignitatis
1566 3599 1844 3684 gradum
1913 3602 2145 3667 fnisset
2201 3613 2482 3668 evectus.
2586 3601 2721 3666 Nos

775 3684 981 3768 igitur
1035 3683 1286 3751 debitos
1332 3685 1612 3751 hencres
1655 3688 1943 3752 tribuere
1986 3686 2314 3754 discamus
2358 3687 2442 3752 iis
2486 3687 2721 3769 quibus

773 3769 963 3835 Deus
1018 3771 1410 3853 peculiarem
1462 3772 1791 3856 quandam
1834 3781 2057 3838 notam
2102 3771 2302 3853 dedit,
2359 3793 2564 3856 quum
2610 3793 2720 3837 eos

774 3855 859 3920 ad
915 3874 1140 3919 rerum
1199 3856 1637 3958 gubernacula
1691 3857 1919 3924 sedere
1978 3858 2221 3937 voluit,
2275 3866 2344 3922 et
2399 3858 2720 3924 iustitiam

776 3939 1273 4007 administrare.
1316 3942 1609 4041 quisquis
1646 3944 1844 4022 enim,
1885 3952 1962 4009 ut
2002 3944 2097 4010 ait
2117 3945 2366 4011 Paulus
2410 3943 2721 4029 dignitati

773 4026 1101 4110 superiori
1144 4027 1408 4105 resistit,
1453 4027 1647 4093 Deo
1629 4029 1752 4112 ipsi
1797 4029 2060 4096 resistit.
2147 4030 2322 4096 Nam
2364 4051 2526 4096 sane
2568 4049 2719 4113 pos-

771 4132 1010 4180 sumus
1067 4121 1378 4195 tanquam
1421 4114 1493 4177 in
1535 4115 1801 4197 speculo
1841 4114 2270 4200 contemplari
2314 4135 2539 4183 curam
2583 4115 2716 4181 sin·

893 4217 1071 4264 arem
1096 4196 1227 4264 Dei
1261 4217 1418 4282 erga
1453 4218 1574 4264 nos
1616 4220 1818 4283 quum
1863 4221 2074 4285 genus
2115 4201 2478 4267 humanum
2522 4200 2721 4269 certis

772 4199 1035 4384 §.gibus
1076 4283 1220 4369 regi
1263 4293 1332 4349 et
1368 4285 1742 4350 conservari
1781 4286 2009 4352 voluit.
2074 4284 2151 4354 Si
2193 4287 2390 4368 enim,
2432 4286 2720 4370 exempli

776 4370 1014 4455 gratia,
1056 4390 1140 4435 ex
1174 4369 1384 4435 animi
1417 4368 1758 4436 voluntate
1792 4374 2011 4438 omnia
2045 4373 2234 4439 nobis
2276 4373 2718 4453 succederent,

775 4468 846 4522 et
909 4454 1035 4522 cibi
1099 4476 1175 4523 ac
1239 4468 1434 4540 potus
1497 4457 1751 4540 copiam
1813 4456 2238 4538 haberemus,
2302 4458 2435 4524 nisi
2496 4469 2719 4525 tamen

775 4551 959 4610 certa
1011 4541 1235 4626 politia
1290 4561 1686 4624 regeremur,
1742 4552 1996 4609 certum
2050 4553 2153 4610 est
2210 4565 2536 4611 summam
2578 4544 2719 4610 fore

779 4628 1072 4693 omnium
1133 4649 1354 4694 rerum
1409 4625 1894 4710 confusionem,
1951 4628 2101 4695 aliis
2154 4629 2226 4695 in
2281 4630 2440 4696 alios
2495 4631 2717 4696 insur-

778 4712 1109 4815 gentibus,
1168 4723 1235 4779 et
1291 4734 1435 4779 sese
1493 4725 1726 4779 mutuo
1769 4713 2305 4796 confodientibus,
2352 4717 2454 4782 vel
2496 4726 2719 4783 contu-

776 4799 991 4866 meliis
1046 4807 1116 4866 et
1171 4798 1431 4866 iniuriis
1488 4798 1950 4867 afficientibus.
2008 4801 2289 4886 denique
2340 4822 2471 4866 non
2530 4823 2717 4885 posse

776 4885 954 4950 inter
1009 4905 1081 4951 se
1138 4883 1251 4950 diu
1306 4903 1531 4968 pacem
1589 4886 1802 4952 colere
1859 4893 1925 4953 et
1980 4886 2177 4953 simul
2231 4888 2488 4954 vivere:
2547 4887 2717 4971 quod

776 4969 977 5036 hemo
1033 4971 1159 5036 nisi
1217 4981 1485 5054 regatur
1541 4971 1953 5038 immanitate
2008 4973 2183 5040 feras
2239 4993 2466 5039 omnes
2523 4974 2719 5059 longe

777 5067 1060 5139 superet.
1146 5055 1589 5137 Quamobrem
1645 5057 2017 5125 bominibus
2075 5080 2115 5126 a
2156 5058 2301 5125 Deo
2359 5059 2525 5125 bene
2568 5081 2719 5127 oon-

777 5141 1025 5207 sultum
1112 5151 1504 5221 statuamus,
1604 5164 1807 5226 quum
1895 5145 2034 5230 regi
2121 5154 2189 5211 et
2274 5145 2717 5213 administrari

775 5225 1139 5293 humanum
1195 5248 1406 5312 genus
1449 5229 1643 5294 certis
1686 5229 1938 5315 legibus
1981 5233 2210 5310 voluit,
2266 5244 2335 5298 et
2377 5232 2483 5297 vel
2528 5253 2717 5317 reges

2838 599 3244 681 publicarum
3282 599 3534 664 ratione
3568 599 3729 681 ipsis
3771 598 4103 682 praefecit.
4170 601 4272 665 Ae
4314 597 4595 683 proinde
4624 616 4759 663 nne

2837 704 2971 749 non
3017 684 3133 750 abs
3176 706 3247 750 re
3292 683 3532 750 dieitur
3573 685 3644 749 in
3680 687 3886 750 sacris
3905 683 4092 750 Deus
4133 686 4400 769 cingere
4444 682 4756 748 baltheum

2835 769 3103 854 regibus
3153 789 3229 835 ac
3272 770 3697 854 principibus,
3756 790 3957 853 quum
4001 772 4177 854 ipsos
4212 770 4297 836 ad
4343 768 4525 834 bnne
4569 766 4757 852 digni·

2836 856 2991 922 tatis
3069 855 3348 940 gradum
3414 855 3656 922 evehit.
3767 854 4025 937 Quibus
4089 856 4306 923 verbis
4370 855 4761 940 significatur

2836 941 2984 1006 illos
3043 942 3281 1006 armari
3344 942 3693 1032 autoritate
3735 941 3980 1023 divina,
4030 962 4164 1007 non
4207 951 4474 1007 tantum
4519 938 4604 1004 ad
4647 938 4759 1025 gla-

2836 1026 3018 1091 dium
3055 1023 3545 1112 exercendum,
3551 1037 3627 1092 ut
3661 1034 4062 1109 metuantur,
4106 1036 4176 1093 et
4206 1035 4283 1094 nt
4316 1027 4390 1091 in
4426 1025 4761 1110 flagitiosus

2835 1112 3398 1178 animadvertant.
3460 1112 3573 1178 sed
3632 1114 3829 1178 ctiam
3884 1122 3963 1177 ut
4005 1113 4283 1179 honores
4328 1111 4589 1177 debitos
4632 1131 4761 1178 con·

2833 1211 3209 1281 sequantur.
3276 1200 3368 1265 Et
3403 1199 3527 1266 boe
3570 1196 3723 1265 alibi
3750 1198 3965 1266 David
4012 1197 4304 1283 pluribus
4330 1187 4761 1282 persequitur,

2831 1305 3032 1367 quum
3114 1286 3207 1349 ait
3269 1284 3488 1350 Deum
3572 1285 3826 1368 aliquos
3892 1284 3976 1350 ad
4042 1305 4370 1351 summum
4442 1283 4761 1381 dignitatis

2828 1370 3105 1454 gradum
3142 1371 3550 1450 evehentem,
3594 1371 4004 1436 maiestatem
4040 1370 4365 1454 quandam
4378 1368 4763 1471 imprimere

2830 1457 3012 1539 ipsis,
3067 1476 3198 1539 qua
3254 1476 3386 1523 non
3447 1465 3704 1522 tantum
3762 1455 4156 1538 hominibus,
4212 1456 4329 1522 sed
4374 1456 4545 1539 ipsis
4588 1455 4759 1519 etiam

2828 1540 3271 1608 animantibus
3328 1551 3569 1621 terrae,
3638 1551 3706 1608 et
3759 1540 4131 1609 volucribus
4188 1542 4352 1609 coeli
4406 1541 4503 1606 sit
4558 1540 4761 1605 fomi-

2830 1625 3082 1693 dabilis.
3140 1628 3312 1694 Nam
3356 1628 3600 1711 alioqui
3644 1649 3775 1693 non
3822 1636 4040 1694 essent
4084 1628 4419 1727 principes
4464 1625 4761 1704 diuturni,

2828 1733 3210 1796 summaque
3278 1733 3501 1779 rerum
3578 1713 3872 1780 omnium
4226 1723 4403 1779 esset
4460 1712 4760 1786 confusio,

2828 1798 2956 1864 nisi
2979 1795 3165 1864 Deus
3209 1800 3587 1865 institutum
3632 1820 3673 1865 a
3715 1821 3789 1865 se
3830 1799 4126 1865 ordinem
4170 1799 4442 1878 foveret,
4487 1808 4561 1863 et
4600 1807 4761 1863 metu

3300 1885 3481 1951 ulum
3542 1886 3856 1951 retineret
3912 1884 3993 1951 ad
4044 1884 4359 1951 bonorem
4406 1885 4491 1949 iis
4538 1883 4761 1949 haben·

3314 1991 3429 2037 eus
3486 1971 3557 2036 in
3621 1971 3909 2054 aliquam
3970 1970 4357 2056 dignitatem
4408 1969 4672 2036 evexit.
4708 1980 4763 2033 ct

2873 1885 3108 1950 nodam

2874 1990 2984 2034 ιιιιι
3044 1990 3206 2053 qnos

2829 2055 3265 2123 formidabiles
3309 2077 3439 2135 eos,
3483 2067 3559 2121 ut
3600 2064 3757 2123 ante
3800 2055 3959 2136 dixi,
4002 2078 4135 2123 non
4178 2065 4447 2122 tantum
4495 2054 4761 2121 homini·

2828 2140 2966 2221 bus,
3013 2142 3123 2207 sed
3168 2143 3326 2226 ipsis
3371 2143 3566 2207 etiam
3612 2142 4053 2210 animantibus
4094 2141 4416 2208 redderet.

2999 2228 3091 2292 Et
3125 2226 3206 2294 de
3230 2228 3345 2294 illo
3374 2229 3500 2294 Dei
3530 2227 3845 2294 beneficio
3890 2227 4151 2312 politiae
4186 2234 4659 2304 conservante,
4701 2239 4761 2290 at

2827 2332 3036 2397 genus
3092 2311 3458 2379 humanum
3518 2314 3853 2391 subsistat,
3913 2312 4233 2380 hactenns
4290 2312 4545 2380 dictum
4604 2321 4757 2377 esto:

2827 2399 2956 2463 iam
3020 2418 3174 2466 vero
3217 2400 3392 2484 agite
3434 2399 3768 2482 sigillatim
3815 2397 3986 2482 quod
4031 2398 4115 2464 de
4158 2398 4414 2466 Davide
4460 2397 4757 2464 recitatur

2826 2483 3350 2637 3533?ssssss
3382 2484 3577 2637 {1⁸13
3613 2483 4115 2648 ‘gemm
4129 2494 4447 2635 „affl
4470 2482 4755 2635 (3.ῗὲ

2827 2654 3057 2721 utilem
3100 2654 3467 2722 doctrinam
3508 2657 3833 2739 proponit,
3897 2669 3972 2722 nt
4014 2677 4159 2722 sese
4201 2656 4519 2721 nimirum
4564 2655 4755 2737 magi·

2825 2741 3139 2807 stratibus
3183 2742 3357 2808 ultro
3398 2741 3803 2808 submittant.
3879 2741 4107 2825 Neque
4150 2741 4325 2806 enim
4372 2762 4544 2825 quos
4586 2739 4755 2805 nobis

2825 2826 3009 2893 Deus
3061 2828 3373 2912 praefecit
3415 2839 3705 2893 metuere
3748 2826 4056 2893 debemus
4099 2835 4378 2906 tantum,
4440 2837 4519 2893 ut
4560 2824 4755 2892 solent

2823 2911 3026 3014 fures,
3086 2913 3370 2980 latrones
3424 2922 3538 2979 aut
3591 2913 3870 2996 denique
3925 2912 4234 2996 flagitiosi
4274 2913 4611 2990 hemines:
4652 2908 4750 2976 sed

2824 2960 3026 3065 alacri
3082 2998 3301 3065 animo
3359 3020 3478 3065 nos
3537 2999 3696 3084 ipsis
3756 2999 4110 3079 subiicere,
4164 2999 4307 3064 sive
4364 3019 4438 3064 re
4480 3019 4575 3078 es,
4626 2996 4751 3063 aive

2824 3084 3171 3168 principes,
3230 3084 3375 3151 sive
3418 3084 3528 3150 alii
3572 3085 3706 3150 sint
3746 3087 4191 3168 magistratus,
4241 3103 4416 3168 quan
4463 3082 4749 3167 oquidem

2824 3169 3008 3236 nulla
3064 3179 3183 3250 est,
3242 3182 3315 3236 ut
3369 3170 3465 3235 ait
3521 3169 3784 3248 Paulus,
3843 3170 3973 3237 nisi
4027 3191 4067 3236 a
4114 3170 4405 3235 Domino
4460 3179 4749 3253 potestne.

2823 3254 3015 3337 Quod
3073 3275 3275 3338 quum
3334 3256 3428 3321 ita
3486 3257 3590 3334 sit,
3660 3256 3834 3322 ultro
3892 3275 4015 3322 nos
4068 3255 4234 3341 ipsis
4289 3256 4593 3322 submitti
4648 3273 4754 3339 par

2823 3349 2957 3419 est,
3036 3342 3314 3441 seientes
3382 3361 3503 3407 nos
3566 3340 3790 3408 Deum
3857 3342 4067 3408 colere
4132 3350 4201 3406 et
4264 3341 4569 3408 venerari
4632 3359 4750 3405 non

2820 3445 3028 3509 posse,
3095 3427 3221 3492 nisi
3286 3446 3449 3511 quos
3513 3427 3653 3512 ipse
3717 3426 3907 3493 nobis
3973 3428 4283 3511 praefecit
4345 3427 4753 3492 honoramus

2818 3511 3016 3578 Hanc
3078 3513 3280 3595 igitur
3340 3512 3704 3579 doctrinam
3771 3534 3851 3578 ex
3911 3509 4170 3613 Davide
4230 3513 4587 3589 discamus,
4648 3509 4751 3596 qui

2822 3595 3090 3663 Saulem
3156 3598 3308 3663 licet
3367 3598 3885 3665 infensissimum
3949 3597 4289 3664 inimicum
4354 3598 4633 3664 haberet
4688 3597 4750 3660 in

2822 3681 3145 3764 manibus,
3179 3684 3601 3751 considerans
3644 3693 3861 3750 tamen
3898 3702 4048 3749 cum
4096 3696 4373 3750 unctum
4418 3683 4756 3750 aDomino

2819 3769 3037 3848 fuisse,
3081 3777 3147 3834 et
3186 3770 3257 3835 in
3293 3770 3543 3856 regiam
3578 3770 3962 3869 dignitatem
3999 3781 4315 3851 evectum,
4358 3770 4597 3836 statuit
4627 3769 4761 3834 abs-

2820 3820 3162 3921 tinendum
3240 3877 3385 3922 csse
3469 3856 3551 3921 ab
3628 3856 3809 3923 omni
3887 3855 4130 3921 iniuria
4208 3867 4276 3922 et
4353 3855 4757 3922 contumelia

2822 3940 3120 4023 Denique
3185 3939 3508 4008 diseamus
3572 3943 3717 4008 Deo
3781 3941 4028 4008 servire
4092 3940 4405 4021 volentes,
4469 3953 4757 4041 oportere

2818 4045 2937 4091 nos
2960 4026 3187 4094 subiici
3205 4028 3507 4093 omnibus
3525 4048 3685 4112 quos
3731 4026 3919 4092 nobis
3961 4027 4288 4112 praefecit,
4332 4037 4403 4093 et
4442 4026 4753 4094 iustiti-

2820 4111 3280 4179 administrare
3335 4113 3566 4192 voluit,
3622 4115 3675 4180 si
3735 4111 4106 4179 rebellionis
4162 4114 4419 4179 crimen
4476 4115 4756 4198 effug-en

2820 4199 3178 4280 cupiamus.
3265 4198 3437 4264 Nam
3497 4197 3810 4266 adversus
3866 4198 4081 4281 ipsum
4142 4199 4355 4264 Deum
4420 4199 4758 4283 insurgat

2820 4284 3168 4364 videntur,
3242 4286 3354 4368 qni
3432 4282 3923 4369 magistratibus
3986 4282 4329 4348 rebellant.
4441 4215 4759 4369 Speeial'n

2820 4368 3101 4451 quidem,
3155 4372 3381 4448 fateor,
3424 4370 3592 4436 ratio
3635 4372 3757 4436 fuit
3801 4370 3987 4455 regni
4030 4369 4219 4436 istius
4258 4368 4537 4452 Iudaici,
4574 4370 4758 4454 quod.

2822 4465 2897 4519 nt
2960 4465 3111 4520 ante
3176 4455 3480 4535 diximus,
3548 4458 3760 4542 figura
3824 4454 3953 4520 fuit
4009 4455 4276 4520 Domini
4330 4460 4551 4523 nostri
4608 4457 4755 4522 Iesu

2821 4540 3109 4606 Christi.
3169 4563 3244 4608 ac
3305 4541 3576 4625 proinde
3621 4544 3868 4608 maiore
3910 4539 4233 4607 Davidem
4278 4544 4657 4609 reverentia
4696 4553 4759 4608 et

2820 4626 3189 4692 humilitate
3213 4625 3478 4694 ductum
3505 4626 3860 4696 verisimile
3883 4635 4001 4705 est,
4043 4648 4242 4710 quum
4268 4627 4339 4692 in
4376 4629 4757 4694 memoriam

2816 4730 3066 4779 sacram
3100 4711 3282 4779 illam
3322 4714 3690 4780 unctionem
3725 4711 4072 4780 revocavit.
4130 4709 4266 4780 Sed
4298 4720 4529 4779 tamen
4564 4715 4757 4780 etiam

2824 4797 3008 4864 illam
3068 4797 3152 4863 ad
3208 4802 3784 4883 praeeminentiam
3843 4797 4025 4863 illam
4081 4819 4120 4864 a
4175 4798 4321 4865 Deo
4386 4819 4757 4868 concessam

2818 4885 3185 4967 respexisse
3226 4907 3355 4951 non
3401 4898 3500 4951 est
3544 4885 3855 4952 dubium.
3912 4904 3989 4949 ac
4029 4882 4305 4970 proinde
4344 4885 4754 4953 existimasse

2819 4968 3089 5038 Saulem
3144 4972 3257 5053 qui
3302 4969 3595 5037 Samueli
3650 4981 4051 5038 successerat
4103 4973 4175 5038 in
4233 4991 4495 5036 summa
4544 4992 4751 5039 rerum

2818 5055 3396 5137 administratione,
3429 5064 3730 5140 oportere
3766 5056 4169 5124 dominatum
4204 5057 4512 5135 retinens,
4559 5057 4751 5124 donau

2818 5141 3213 5209 constitutus
3277 5163 3318 5208 a
3382 5143 3525 5208 Deo
3591 5143 3909 5210 terminus
3969 5144 4376 5229 impleretur,
4444 5155 4513 5209 et
4576 5144 4749 5210 De-

2818 5230 2961 5313 ipee
3002 5225 3267 5296 Saulem
3314 5240 3819 5299 exauctorasset.
3887 5229 4026 5296 Nos
4067 5250 4226 5298 vero
4268 5229 4603 5297 diseamus
4640 5248 4747 5294 ar·
