<?xml version="1.0" encoding="UTF-8"?>
<!DOCTYPE html PUBLIC "-//W3C//DTD XHTML 1.0 Transitional//EN"
    "http://www.w3.org/TR/xhtml1/DTD/xhtml1-transitional.dtd">
<html xmlns="http://www.w3.org/1999/xhtml" xml:lang="en" lang="en">
 <head>
  <title>
</title>
<meta http-equiv="Content-Type" content="text/html;charset=utf-8" />
  <meta name='ocr-system' content='tesseract 3.04.00' />
  <meta name='ocr-capabilities' content='ocr_page ocr_carea ocr_par ocr_line ocrx_word'/>
</head>
<body>
  <div class='ocr_page' id='page_1' title='image "./ioanniscalvinio07unkngoog_0267.png"; bbox 0 0 5059 6059; ppageno 0'>
   <div class='ocr_carea' id='block_1_1' title="bbox 316 313 449 382">
    <p class='ocr_par' dir='ltr' id='par_1_1' title="bbox 316 313 449 382">
     <span class='ocr_line' id='line_1_1' title="bbox 316 313 449 382; baseline 0 -3"><span class='ocrx_word' id='word_1_1' title='bbox 316 313 449 382; x_wconf 77' lang='lat'><strong>449</strong></span> 
     </span>
    </p>
   </div>
   <div class='ocr_carea' id='block_1_2' title="bbox 1687 305 2941 379">
    <p class='ocr_par' dir='ltr' id='par_1_2' title="bbox 1687 305 2941 379">
     <span class='ocr_line' id='line_1_2' title="bbox 1687 305 2941 379; baseline -0.005 0"><span class='ocrx_word' id='word_1_2' title='bbox 1687 312 1790 379; x_wconf 89' lang='lat' dir='ltr'><strong>IN</strong></span> <span class='ocrx_word' id='word_1_3' title='bbox 1832 313 1889 379; x_wconf 92' lang='lat'><strong>1.</strong></span> <span class='ocrx_word' id='word_1_4' title='bbox 1934 309 2116 379; x_wconf 88' lang='lat' dir='ltr'><strong>LIB.</strong></span> <span class='ocrx_word' id='word_1_5' title='bbox 2156 305 2559 378; x_wconf 74' lang='lat' dir='ltr'><strong>SAMUEL.</strong></span> <span class='ocrx_word' id='word_1_6' title='bbox 2607 307 2809 376; x_wconf 84' lang='lat' dir='ltr'><strong>CAP.</strong></span> <span class='ocrx_word' id='word_1_7' title='bbox 2852 309 2941 374; x_wconf 88' lang='lat' dir='ltr'><strong>V.</strong></span> 
     </span>
    </p>
   </div>
   <div class='ocr_carea' id='block_1_3' title="bbox 4179 315 4311 384">
    <p class='ocr_par' dir='ltr' id='par_1_3' title="bbox 4179 315 4311 384">
     <span class='ocr_line' id='line_1_3' title="bbox 4179 315 4311 384; baseline 0 -2"><span class='ocrx_word' id='word_1_8' title='bbox 4179 315 4311 384; x_wconf 78' lang='lat'><strong>450</strong></span> 
     </span>
    </p>
   </div>
   <div class='ocr_carea' id='block_1_4' title="bbox 314 496 4307 688">
    <p class='ocr_par' dir='ltr' id='par_1_4' title="bbox 314 496 4307 688">
     <span class='ocr_line' id='line_1_4' title="bbox 314 496 4307 588; baseline 0.002 -19"><span class='ocrx_word' id='word_1_9' title='bbox 314 515 433 569; x_wconf 78' lang='lat' dir='ltr'><strong>tur</strong></span> <span class='ocrx_word' id='word_1_10' title='bbox 483 509 554 569; x_wconf 89' lang='lat' dir='ltr'><strong>ct</strong></span> <span class='ocrx_word' id='word_1_11' title='bbox 609 501 972 569; x_wconf 89' lang='lat' dir='ltr'><strong>domentur.</strong></span> <span class='ocrx_word' id='word_1_12' title='bbox 1060 500 1253 584; x_wconf 83' lang='lat' dir='ltr'><strong>Quod</strong></span> <span class='ocrx_word' id='word_1_13' title='bbox 1310 501 1515 588; x_wconf 86' lang='lat' dir='ltr'><strong>igitur</strong></span> <span class='ocrx_word' id='word_1_14' title='bbox 1573 501 1657 569; x_wconf 90' lang='lat' dir='ltr'><strong>ad</strong></span> <span class='ocrx_word' id='word_1_15' title='bbox 1713 501 1997 585; x_wconf 82' lang='lat' dir='ltr'>priorem</span> <span class='ocrx_word' id='word_1_16' title='bbox 2066 498 2256 564; x_wconf 90' lang='lat' dir='ltr'><strong>illum</strong></span> <span class='ocrx_word' id='word_1_17' title='bbox 2362 496 2477 564; x_wconf 86' lang='lat' dir='ltr'><strong>sed</strong></span> <span class='ocrx_word' id='word_1_18' title='bbox 2520 517 2762 565; x_wconf 82' lang='lat' dir='ltr'><strong>novam</strong></span> <span class='ocrx_word' id='word_1_19' title='bbox 2820 498 3018 565; x_wconf 88' lang='lat' dir='ltr'><strong>etiam</strong></span> <span class='ocrx_word' id='word_1_20' title='bbox 3059 499 3596 582; x_wconf 71' lang='lat' dir='ltr'><strong>superstitionem</strong></span> <span class='ocrx_word' id='word_1_21' title='bbox 3637 501 3985 587; x_wconf 89' lang='lat' dir='ltr'><strong>inducunt,</strong></span> <span class='ocrx_word' id='word_1_22' title='bbox 4043 504 4126 574; x_wconf 89' lang='lat' dir='ltr'><strong>de</strong></span> <span class='ocrx_word' id='word_1_23' title='bbox 4169 525 4307 576; x_wconf 87' lang='lat' dir='ltr'><strong>non</strong></span> 
     </span>
     <span class='ocr_line' id='line_1_5' title="bbox 318 584 4307 688; baseline 0.001 -31"><span class='ocrx_word' id='word_1_24' title='bbox 318 588 622 688; x_wconf 79' lang='lat' dir='ltr'><strong>Dagonis</strong></span> <span class='ocrx_word' id='word_1_25' title='bbox 686 588 947 672; x_wconf 90' lang='lat' dir='ltr'><strong>lapsum</strong></span> <span class='ocrx_word' id='word_1_26' title='bbox 1008 607 1238 671; x_wconf 86' lang='lat' dir='ltr'><strong>parum</strong></span> <span class='ocrx_word' id='word_1_27' title='bbox 1307 588 1740 673; x_wconf 73' lang='lat' dir='ltr'><strong>profecerant,</strong></span> <span class='ocrx_word' id='word_1_28' title='bbox 1810 589 1988 655; x_wconf 88' lang='lat' dir='ltr'><strong>Deus</strong></span> <span class='ocrx_word' id='word_1_29' title='bbox 2054 586 2260 651; x_wconf 83' lang='lat' dir='ltr'><strong>altere</strong></span> <span class='ocrx_word' id='word_1_30' title='bbox 2361 584 2675 650; x_wconf 85' lang='lat' dir='ltr'><strong>calcando</strong></span> <span class='ocrx_word' id='word_1_31' title='bbox 2733 584 3012 668; x_wconf 88' lang='lat' dir='ltr'><strong>pedibus</strong></span> <span class='ocrx_word' id='word_1_32' title='bbox 3067 585 3310 666; x_wconf 89' lang='lat' dir='ltr'><strong>limine,</strong></span> <span class='ocrx_word' id='word_1_33' title='bbox 3369 588 3438 652; x_wconf 91' lang='lat' dir='ltr'><strong>in</strong></span> <span class='ocrx_word' id='word_1_34' title='bbox 3497 608 3627 671; x_wconf 92' lang='lat' dir='ltr'><strong>quo</strong></span> <span class='ocrx_word' id='word_1_35' title='bbox 3673 591 3941 657; x_wconf 89' lang='lat' dir='ltr'><strong>brachia</strong></span> <span class='ocrx_word' id='word_1_36' title='bbox 3999 603 4065 657; x_wconf 85' lang='lat' dir='ltr'><strong>et</strong></span> <span class='ocrx_word' id='word_1_37' title='bbox 4109 605 4307 677; x_wconf 89' lang='lat' dir='ltr'><strong>caput</strong></span> 
     </span>
    </p>
   </div>
   <div class='ocr_carea' id='block_1_5' title="bbox 314 670 2269 5304">
    <p class='ocr_par' dir='ltr' id='par_1_5' title="bbox 314 670 2269 5304">
     <span class='ocr_line' id='line_1_6' title="bbox 317 670 2259 761; baseline -0.003 -20"><span class='ocrx_word' id='word_1_38' title='bbox 317 695 625 761; x_wconf 76' lang='lat' dir='ltr'><strong>graviore</strong></span> <span class='ocrx_word' id='word_1_39' title='bbox 690 695 877 740; x_wconf 87' lang='lat' dir='ltr'><strong>suam</strong></span> <span class='ocrx_word' id='word_1_40' title='bbox 943 675 1300 759; x_wconf 87' lang='lat' dir='ltr'><strong>potentiam</strong></span> <span class='ocrx_word' id='word_1_41' title='bbox 1366 674 1895 757; x_wconf 90' lang='lat' dir='ltr'><strong>conspiciendam</strong></span> <span class='ocrx_word' id='word_1_42' title='bbox 1969 670 2259 757; x_wconf 78' lang='lat' dir='ltr'><strong>praebet.</strong></span> 
     </span>
     <span class='ocr_line' id='line_1_7' title="bbox 316 759 2263 847; baseline -0.004 -19"><span class='ocrx_word' id='word_1_43' title='bbox 316 764 562 847; x_wconf 85' lang='lat' dir='ltr'><strong>Dagon</strong></span> <span class='ocrx_word' id='word_1_44' title='bbox 605 762 783 826; x_wconf 90' lang='lat' dir='ltr'><strong>enim</strong></span> <span class='ocrx_word' id='word_1_45' title='bbox 840 778 975 825; x_wconf 88' lang='lat' dir='ltr'><strong>non</strong></span> <span class='ocrx_word' id='word_1_46' title='bbox 1020 760 1212 825; x_wconf 91' lang='lat' dir='ltr'><strong>modo</strong></span> <span class='ocrx_word' id='word_1_47' title='bbox 1256 759 1545 827; x_wconf 89' lang='lat' dir='ltr'><strong>secundo</strong></span> <span class='ocrx_word' id='word_1_48' title='bbox 1587 769 1956 844; x_wconf 87' lang='lat' dir='ltr'><strong>prostratus</strong></span> <span class='ocrx_word' id='word_1_49' title='bbox 2012 760 2083 823; x_wconf 92' lang='lat' dir='ltr'><strong>in</strong></span> <span class='ocrx_word' id='word_1_50' title='bbox 2129 767 2263 821; x_wconf 80' lang='lat' dir='ltr'><strong>ter·</strong></span> 
     </span>
     <span class='ocr_line' id='line_1_8' title="bbox 316 842 2264 929; baseline -0.003 -16"><span class='ocrx_word' id='word_1_51' title='bbox 316 865 467 913; x_wconf 80' lang='lat' dir='ltr'><strong>ram</strong></span> <span class='ocrx_word' id='word_1_52' title='bbox 522 847 717 926; x_wconf 75' lang='lat' dir='ltr'><strong>cadit,</strong></span> <span class='ocrx_word' id='word_1_53' title='bbox 783 845 896 912; x_wconf 90' lang='lat' dir='ltr'><strong>sed</strong></span> <span class='ocrx_word' id='word_1_54' title='bbox 955 845 1239 913; x_wconf 88' lang='lat' dir='ltr'><strong>brachiis</strong></span> <span class='ocrx_word' id='word_1_55' title='bbox 1292 846 1538 925; x_wconf 83' lang='lat' dir='ltr'><strong>fractis,</strong></span> <span class='ocrx_word' id='word_1_56' title='bbox 1606 855 1674 912; x_wconf 92' lang='lat' dir='ltr'><strong>et</strong></span> <span class='ocrx_word' id='word_1_57' title='bbox 1729 846 1940 929; x_wconf 87' lang='lat' dir='ltr'><strong>capite</strong></span> <span class='ocrx_word' id='word_1_58' title='bbox 2002 842 2264 910; x_wconf 83' lang='lat' dir='ltr'><strong>revulso</strong></span> 
     </span>
     <span class='ocr_line' id='line_1_9' title="bbox 316 929 2263 1018; baseline -0.004 -19"><span class='ocrx_word' id='word_1_59' title='bbox 316 953 489 1018; x_wconf 78' lang='lat' dir='ltr'><strong>quae</strong></span> <span class='ocrx_word' id='word_1_60' title='bbox 530 934 601 999; x_wconf 90' lang='lat' dir='ltr'><strong>in</strong></span> <span class='ocrx_word' id='word_1_61' title='bbox 659 932 889 998; x_wconf 91' lang='lat' dir='ltr'><strong>limine</strong></span> <span class='ocrx_word' id='word_1_62' title='bbox 945 931 1309 1010; x_wconf 82' lang='lat' dir='ltr'><strong>valvarum,</strong></span> <span class='ocrx_word' id='word_1_63' title='bbox 1368 933 1731 1011; x_wconf 88' lang='lat' dir='ltr'><strong>iacuerunt,</strong></span> <span class='ocrx_word' id='word_1_64' title='bbox 1791 943 1866 996; x_wconf 89' lang='lat' dir='ltr'><strong>ut</strong></span> <span class='ocrx_word' id='word_1_65' title='bbox 1908 930 1992 996; x_wconf 93' lang='lat' dir='ltr'><strong>iis</strong></span> <span class='ocrx_word' id='word_1_66' title='bbox 2051 929 2263 994; x_wconf 75' lang='lat' dir='ltr'><strong>veluti</strong></span> 
     </span>
     <span class='ocr_line' id='line_1_10' title="bbox 316 1016 2263 1104; baseline -0.001 -21"><span class='ocrx_word' id='word_1_67' title='bbox 316 1019 658 1104; x_wconf 73' lang='lat' dir='ltr'><strong>repagulis</strong></span> <span class='ocrx_word' id='word_1_68' title='bbox 723 1017 926 1083; x_wconf 89' lang='lat' dir='ltr'><strong>limen</strong></span> <span class='ocrx_word' id='word_1_69' title='bbox 993 1017 1421 1084; x_wconf 74' lang='lat' dir='ltr'><strong>clauderetur.</strong></span> <span class='ocrx_word' id='word_1_70' title='bbox 1524 1019 1762 1101; x_wconf 88' lang='lat' dir='ltr'><strong>Itaque</strong></span> <span class='ocrx_word' id='word_1_71' title='bbox 1822 1018 1876 1083; x_wconf 87' lang='lat' dir='ltr'><strong>si</strong></span> <span class='ocrx_word' id='word_1_72' title='bbox 1944 1016 2263 1081; x_wconf 86' lang='lat' dir='ltr'><strong>hactenus</strong></span> 
     </span>
     <span class='ocr_line' id='line_1_11' title="bbox 317 1102 2261 1183; baseline -0.003 -12"><span class='ocrx_word' id='word_1_73' title='bbox 317 1106 402 1171; x_wconf 91' lang='lat' dir='ltr'><strong>de</strong></span> <span class='ocrx_word' id='word_1_74' title='bbox 437 1126 559 1172; x_wconf 92' lang='lat' dir='ltr'><strong>suo</strong></span> <span class='ocrx_word' id='word_1_75' title='bbox 594 1103 766 1170; x_wconf 91' lang='lat' dir='ltr'><strong>idolo</strong></span> <span class='ocrx_word' id='word_1_76' title='bbox 789 1104 1133 1170; x_wconf 85' lang='lat' dir='ltr'><strong>Philistaei</strong></span> <span class='ocrx_word' id='word_1_77' title='bbox 1168 1104 1571 1183; x_wconf 78' lang='lat' dir='ltr'><strong>dubitarunt,</strong></span> <span class='ocrx_word' id='word_1_78' title='bbox 1609 1104 1808 1169; x_wconf 82' lang='lat' dir='ltr'><strong>fuerit</strong></span> <span class='ocrx_word' id='word_1_79' title='bbox 1837 1102 2261 1169; x_wconf 77' lang='lat' dir='ltr'><strong>simulacrum</strong></span> 
     </span>
     <span class='ocr_line' id='line_1_12' title="bbox 318 1187 2261 1274; baseline -0.003 -17"><span class='ocrx_word' id='word_1_80' title='bbox 318 1212 553 1268; x_wconf 89' lang='lat' dir='ltr'><strong>necne,</strong></span> <span class='ocrx_word' id='word_1_81' title='bbox 597 1192 726 1255; x_wconf 89' lang='lat' dir='ltr'><strong>iam</strong></span> <span class='ocrx_word' id='word_1_82' title='bbox 764 1212 835 1255; x_wconf 91' lang='lat' dir='ltr'><strong>re</strong></span> <span class='ocrx_word' id='word_1_83' title='bbox 871 1192 1012 1274; x_wconf 89' lang='lat' dir='ltr'><strong>ipsa</strong></span> <span class='ocrx_word' id='word_1_84' title='bbox 1047 1199 1203 1256; x_wconf 90' lang='lat' dir='ltr'><strong>sunt</strong></span> <span class='ocrx_word' id='word_1_85' title='bbox 1242 1189 1518 1273; x_wconf 88' lang='lat' dir='ltr'><strong>experti,</strong></span> <span class='ocrx_word' id='word_1_86' title='bbox 1562 1190 1797 1255; x_wconf 90' lang='lat' dir='ltr'><strong>inutile</strong></span> <span class='ocrx_word' id='word_1_87' title='bbox 1838 1200 1904 1254; x_wconf 90' lang='lat' dir='ltr'><strong>et</strong></span> <span class='ocrx_word' id='word_1_88' title='bbox 1938 1187 2261 1253; x_wconf 88' lang='lat' dir='ltr'><strong>ludicrum</strong></span> 
     </span>
     <span class='ocr_line' id='line_1_13' title="bbox 315 1275 2262 1363; baseline -0.004 -19"><span class='ocrx_word' id='word_1_89' title='bbox 315 1289 651 1363; x_wconf 87' lang='lat' dir='ltr'><strong>spectrum</strong></span> <span class='ocrx_word' id='word_1_90' title='bbox 699 1277 918 1342; x_wconf 79' lang='lat' dir='ltr'><strong>fuisse.</strong></span> <span class='ocrx_word' id='word_1_91' title='bbox 998 1275 1189 1357; x_wconf 79' lang='lat' dir='ltr'><strong>Quod</strong></span> <span class='ocrx_word' id='word_1_92' title='bbox 1227 1296 1386 1342; x_wconf 90' lang='lat' dir='ltr'><strong>sane</strong></span> <span class='ocrx_word' id='word_1_93' title='bbox 1422 1275 1529 1341; x_wconf 79' lang='lat' dir='ltr'><strong>vel</strong></span> <span class='ocrx_word' id='word_1_94' title='bbox 1572 1277 1751 1359; x_wconf 90' lang='lat' dir='ltr'><strong>ipsos</strong></span> <span class='ocrx_word' id='word_1_95' title='bbox 1795 1275 2035 1340; x_wconf 87' lang='lat' dir='ltr'><strong>invitos</strong></span> <span class='ocrx_word' id='word_1_96' title='bbox 2076 1294 2262 1356; x_wconf 87' lang='lat' dir='ltr'><strong>opor-</strong></span> 
     </span>
     <span class='ocr_line' id='line_1_14' title="bbox 315 1359 2261 1447; baseline -0.004 -17"><span class='ocrx_word' id='word_1_97' title='bbox 315 1375 421 1430; x_wconf 77' lang='lat' dir='ltr'><strong>tet</strong></span> <span class='ocrx_word' id='word_1_98' title='bbox 464 1382 874 1447; x_wconf 84' lang='lat' dir='ltr'><strong>cognoscere.</strong></span> <span class='ocrx_word' id='word_1_99' title='bbox 963 1364 1071 1426; x_wconf 85' lang='lat' dir='ltr'><strong>An</strong></span> <span class='ocrx_word' id='word_1_100' title='bbox 1118 1364 1312 1441; x_wconf 90' lang='lat' dir='ltr'><strong>enim,</strong></span> <span class='ocrx_word' id='word_1_101' title='bbox 1354 1383 1618 1447; x_wconf 77' lang='lat' dir='ltr'><strong>quaese,</strong></span> <span class='ocrx_word' id='word_1_102' title='bbox 1676 1372 1806 1426; x_wconf 87' lang='lat' dir='ltr'><strong>tam</strong></span> <span class='ocrx_word' id='word_1_103' title='bbox 1868 1359 2146 1426; x_wconf 86' lang='lat' dir='ltr'><strong>sublime</strong></span> <span class='ocrx_word' id='word_1_104' title='bbox 2191 1360 2261 1423; x_wconf 95' lang='lat' dir='ltr'><strong>in</strong></span> 
     </span>
     <span class='ocr_line' id='line_1_15' title="bbox 317 1444 2260 1534; baseline -0.004 -18"><span class='ocrx_word' id='word_1_105' title='bbox 317 1448 689 1534; x_wconf 85' lang='lat' dir='ltr'><strong>parietibus</strong></span> <span class='ocrx_word' id='word_1_106' title='bbox 733 1450 941 1513; x_wconf 81' lang='lat' dir='ltr'><strong>fixum</strong></span> <span class='ocrx_word' id='word_1_107' title='bbox 988 1447 1235 1513; x_wconf 89' lang='lat' dir='ltr'><strong>idolum</strong></span> <span class='ocrx_word' id='word_1_108' title='bbox 1277 1458 1509 1530; x_wconf 87' lang='lat' dir='ltr'><strong>sponte</strong></span> <span class='ocrx_word' id='word_1_109' title='bbox 1552 1444 1947 1514; x_wconf 74' lang='lat' dir='ltr'><strong>corruisset?</strong></span> <span class='ocrx_word' id='word_1_110' title='bbox 1987 1445 2260 1510; x_wconf 86' lang='lat' dir='ltr'><strong>Ridicu-</strong></span> 
     </span>
     <span class='ocr_line' id='line_1_16' title="bbox 316 1530 2263 1618; baseline -0.004 -17"><span class='ocrx_word' id='word_1_111' title='bbox 316 1537 461 1601; x_wconf 86' lang='lat' dir='ltr'><strong>lum</strong></span> <span class='ocrx_word' id='word_1_112' title='bbox 518 1555 677 1601; x_wconf 89' lang='lat' dir='ltr'><strong>sane</strong></span> <span class='ocrx_word' id='word_1_113' title='bbox 735 1535 904 1599; x_wconf 82' lang='lat' dir='ltr'><strong>foret</strong></span> <span class='ocrx_word' id='word_1_114' title='bbox 947 1532 1012 1597; x_wconf 91' lang='lat' dir='ltr'><strong>id</strong></span> <span class='ocrx_word' id='word_1_115' title='bbox 1075 1534 1381 1618; x_wconf 84' lang='lat' dir='ltr'><strong>cogitare.</strong></span> <span class='ocrx_word' id='word_1_116' title='bbox 1470 1535 1716 1617; x_wconf 85' lang='lat' dir='ltr'><strong>Ecquis</strong></span> <span class='ocrx_word' id='word_1_117' title='bbox 1776 1552 1933 1598; x_wconf 78' lang='lat' dir='ltr'><strong>vero</strong></span> <span class='ocrx_word' id='word_1_118' title='bbox 1978 1530 2263 1611; x_wconf 88' lang='lat' dir='ltr'><strong>brachia,</strong></span> 
     </span>
     <span class='ocr_line' id='line_1_17' title="bbox 315 1619 2263 1706; baseline -0.004 -18"><span class='ocrx_word' id='word_1_119' title='bbox 315 1622 471 1706; x_wconf 79' lang='lat' dir='ltr'><strong>quis</strong></span> <span class='ocrx_word' id='word_1_120' title='bbox 512 1630 728 1704; x_wconf 87' lang='lat' dir='ltr'><strong>caput,</strong></span> <span class='ocrx_word' id='word_1_121' title='bbox 772 1621 918 1703; x_wconf 89' lang='lat' dir='ltr'><strong>quis</strong></span> <span class='ocrx_word' id='word_1_122' title='bbox 962 1629 1272 1684; x_wconf 85' lang='lat' dir='ltr'><strong>truncum</strong></span> <span class='ocrx_word' id='word_1_123' title='bbox 1329 1628 1482 1684; x_wconf 90' lang='lat' dir='ltr'><strong>ante</strong></span> <span class='ocrx_word' id='word_1_124' title='bbox 1529 1619 1654 1685; x_wconf 90' lang='lat' dir='ltr'><strong>Dei</strong></span> <span class='ocrx_word' id='word_1_125' title='bbox 1710 1638 1928 1684; x_wconf 88' lang='lat' dir='ltr'><strong>arcam</strong></span> <span class='ocrx_word' id='word_1_126' title='bbox 1975 1628 2263 1700; x_wconf 90' lang='lat' dir='ltr'><strong>prostra-</strong></span> 
     </span>
     <span class='ocr_line' id='line_1_18' title="bbox 314 1701 2260 1790; baseline -0.004 -16"><span class='ocrx_word' id='word_1_127' title='bbox 314 1710 441 1786; x_wconf 80' lang='lat' dir='ltr'><strong>vit,</strong></span> <span class='ocrx_word' id='word_1_128' title='bbox 509 1710 660 1790; x_wconf 89' lang='lat' dir='ltr'><strong>quis</strong></span> <span class='ocrx_word' id='word_1_129' title='bbox 717 1723 918 1787; x_wconf 86' lang='lat' dir='ltr'><strong>supra</strong></span> <span class='ocrx_word' id='word_1_130' title='bbox 983 1704 1186 1771; x_wconf 89' lang='lat' dir='ltr'><strong>limen</strong></span> <span class='ocrx_word' id='word_1_131' title='bbox 1246 1704 1470 1788; x_wconf 89' lang='lat' dir='ltr'><strong>templi</strong></span> <span class='ocrx_word' id='word_1_132' title='bbox 1539 1705 1803 1771; x_wconf 89' lang='lat' dir='ltr'><strong>brachia</strong></span> <span class='ocrx_word' id='word_1_133' title='bbox 1866 1701 2260 1770; x_wconf 82' lang='lat' dir='ltr'><strong>collocavit?</strong></span> 
     </span>
     <span class='ocr_line' id='line_1_19' title="bbox 314 1788 2260 1867; baseline -0.005 -6"><span class='ocrx_word' id='word_1_134' title='bbox 314 1794 469 1861; x_wconf 80' lang='lat' dir='ltr'><strong>Nae</strong></span> <span class='ocrx_word' id='word_1_135' title='bbox 508 1789 687 1857; x_wconf 88' lang='lat' dir='ltr'><strong>istud</strong></span> <span class='ocrx_word' id='word_1_136' title='bbox 721 1791 992 1856; x_wconf 83' lang='lat' dir='ltr'><strong>fortuito</strong></span> <span class='ocrx_word' id='word_1_137' title='bbox 1026 1810 1180 1856; x_wconf 87' lang='lat' dir='ltr'><strong>casu</strong></span> <span class='ocrx_word' id='word_1_138' title='bbox 1217 1790 1458 1856; x_wconf 81' lang='lat' dir='ltr'><strong>factum</strong></span> <span class='ocrx_word' id='word_1_139' title='bbox 1502 1811 1635 1856; x_wconf 89' lang='lat' dir='ltr'><strong>non</strong></span> <span class='ocrx_word' id='word_1_140' title='bbox 1682 1811 1843 1867; x_wconf 88' lang='lat' dir='ltr'><strong>esse,</strong></span> <span class='ocrx_word' id='word_1_141' title='bbox 1889 1811 2017 1854; x_wconf 91' lang='lat' dir='ltr'><strong>non</strong></span> <span class='ocrx_word' id='word_1_142' title='bbox 2062 1788 2260 1853; x_wconf 89' lang='lat' dir='ltr'><strong>etiam</strong></span> 
     </span>
     <span class='ocr_line' id='line_1_20' title="bbox 318 1877 2262 1956; baseline -0.004 -11"><span class='ocrx_word' id='word_1_143' title='bbox 318 1880 467 1946; x_wconf 88' lang='lat' dir='ltr'><strong>ulla</strong></span> <span class='ocrx_word' id='word_1_144' title='bbox 508 1879 574 1944; x_wconf 80' lang='lat' dir='ltr'><strong>vi</strong></span> <span class='ocrx_word' id='word_1_145' title='bbox 621 1878 910 1943; x_wconf 85' lang='lat' dir='ltr'><strong>humana</strong></span> <span class='ocrx_word' id='word_1_146' title='bbox 952 1887 1088 1942; x_wconf 89' lang='lat' dir='ltr'><strong>tam</strong></span> <span class='ocrx_word' id='word_1_147' title='bbox 1133 1877 1348 1942; x_wconf 88' lang='lat' dir='ltr'><strong>audax</strong></span> <span class='ocrx_word' id='word_1_148' title='bbox 1396 1877 1646 1942; x_wconf 83' lang='lat' dir='ltr'><strong>facinus</strong></span> <span class='ocrx_word' id='word_1_149' title='bbox 1690 1885 2016 1941; x_wconf 90' lang='lat' dir='ltr'><strong>tentatum</strong></span> <span class='ocrx_word' id='word_1_150' title='bbox 2063 1894 2262 1956; x_wconf 88' lang='lat' dir='ltr'><strong>appa·</strong></span> 
     </span>
     <span class='ocr_line' id='line_1_21' title="bbox 318 1960 2263 2046; baseline -0.005 -14"><span class='ocrx_word' id='word_1_151' title='bbox 318 1966 539 2032; x_wconf 84' lang='lat' dir='ltr'><strong>rebat:</strong></span> <span class='ocrx_word' id='word_1_152' title='bbox 584 1982 662 2028; x_wconf 87' lang='lat' dir='ltr'><strong>ac</strong></span> <span class='ocrx_word' id='word_1_153' title='bbox 696 1962 968 2046; x_wconf 91' lang='lat' dir='ltr'><strong>proinde</strong></span> <span class='ocrx_word' id='word_1_154' title='bbox 1005 1963 1367 2028; x_wconf 87' lang='lat' dir='ltr'><strong>necessario</strong></span> <span class='ocrx_word' id='word_1_155' title='bbox 1401 1963 1793 2045; x_wconf 77' lang='lat' dir='ltr'><strong>sequebatur</strong></span> <span class='ocrx_word' id='word_1_156' title='bbox 1830 1963 2040 2027; x_wconf 90' lang='lat' dir='ltr'><strong>Deum</strong></span> <span class='ocrx_word' id='word_1_157' title='bbox 2086 1960 2263 2025; x_wconf 89' lang='lat' dir='ltr'><strong>Isra-</strong></span> 
     </span>
     <span class='ocr_line' id='line_1_22' title="bbox 320 2044 2262 2133; baseline -0.006 -14"><span class='ocrx_word' id='word_1_158' title='bbox 320 2053 451 2120; x_wconf 79' lang='lat' dir='ltr'><strong>elis</strong></span> <span class='ocrx_word' id='word_1_159' title='bbox 501 2052 625 2116; x_wconf 85' lang='lat' dir='ltr'><strong>hoc</strong></span> <span class='ocrx_word' id='word_1_160' title='bbox 668 2049 947 2133; x_wconf 79' lang='lat' dir='ltr'><strong>dedecus</strong></span> <span class='ocrx_word' id='word_1_161' title='bbox 1002 2048 1155 2114; x_wconf 89' lang='lat' dir='ltr'><strong>huic</strong></span> <span class='ocrx_word' id='word_1_162' title='bbox 1198 2048 1371 2113; x_wconf 92' lang='lat' dir='ltr'><strong>idolo</strong></span> <span class='ocrx_word' id='word_1_163' title='bbox 1416 2050 1699 2115; x_wconf 80' lang='lat' dir='ltr'><strong>voluisse</strong></span> <span class='ocrx_word' id='word_1_164' title='bbox 1741 2048 2038 2112; x_wconf 85' lang='lat' dir='ltr'><strong>inurere:</strong></span> <span class='ocrx_word' id='word_1_165' title='bbox 2090 2044 2262 2129; x_wconf 89' lang='lat' dir='ltr'><strong>quod</strong></span> 
     </span>
     <span class='ocr_line' id='line_1_23' title="bbox 319 2132 2262 2218; baseline -0.004 -15"><span class='ocrx_word' id='word_1_166' title='bbox 319 2150 528 2203; x_wconf 83' lang='lat' dir='ltr'><strong>antea</strong></span> <span class='ocrx_word' id='word_1_167' title='bbox 579 2136 852 2201; x_wconf 89' lang='lat' dir='ltr'><strong>miseros</strong></span> <span class='ocrx_word' id='word_1_168' title='bbox 894 2155 1010 2218; x_wconf 84' lang='lat' dir='ltr'><strong>epe</strong></span> <span class='ocrx_word' id='word_1_169' title='bbox 1064 2135 1248 2200; x_wconf 89' lang='lat' dir='ltr'><strong>inani</strong></span> <span class='ocrx_word' id='word_1_170' title='bbox 1290 2134 1551 2201; x_wconf 90' lang='lat' dir='ltr'><strong>luserat.</strong></span> <span class='ocrx_word' id='word_1_171' title='bbox 1638 2134 1742 2199; x_wconf 88' lang='lat' dir='ltr'><strong>Ita</strong></span> <span class='ocrx_word' id='word_1_172' title='bbox 1787 2134 1969 2199; x_wconf 91' lang='lat' dir='ltr'><strong>Deus</strong></span> <span class='ocrx_word' id='word_1_173' title='bbox 2024 2132 2262 2199; x_wconf 88' lang='lat' dir='ltr'><strong>confir-</strong></span> 
     </span>
     <span class='ocr_line' id='line_1_24' title="bbox 320 2218 2262 2302; baseline -0.004 -13"><span class='ocrx_word' id='word_1_174' title='bbox 320 2235 578 2289; x_wconf 87' lang='lat' dir='ltr'><strong>matum</strong></span> <span class='ocrx_word' id='word_1_175' title='bbox 645 2221 858 2286; x_wconf 83' lang='lat' dir='ltr'><strong>voluit</strong></span> <span class='ocrx_word' id='word_1_176' title='bbox 932 2220 1103 2302; x_wconf 92' lang='lat' dir='ltr'><strong>quod</strong></span> <span class='ocrx_word' id='word_1_177' title='bbox 1183 2240 1301 2302; x_wconf 90' lang='lat' dir='ltr'><strong>per</strong></span> <span class='ocrx_word' id='word_1_178' title='bbox 1379 2241 1450 2286; x_wconf 92' lang='lat' dir='ltr'><strong>se</strong></span> <span class='ocrx_word' id='word_1_179' title='bbox 1530 2220 1778 2286; x_wconf 90' lang='lat' dir='ltr'><strong>clarum</strong></span> <span class='ocrx_word' id='word_1_180' title='bbox 1858 2218 2019 2285; x_wconf 87' lang='lat' dir='ltr'><strong>satis</strong></span> <span class='ocrx_word' id='word_1_181' title='bbox 2103 2227 2262 2295; x_wconf 87' lang='lat' dir='ltr'><strong>erat,</strong></span> 
     </span>
     <span class='ocr_line' id='line_1_25' title="bbox 323 2303 2261 2391; baseline -0.005 -16"><span class='ocrx_word' id='word_1_182' title='bbox 323 2327 569 2391; x_wconf 84' lang='lat' dir='ltr'><strong>nempe</strong></span> <span class='ocrx_word' id='word_1_183' title='bbox 616 2307 784 2371; x_wconf 89' lang='lat' dir='ltr'><strong>nibil</strong></span> <span class='ocrx_word' id='word_1_184' title='bbox 833 2306 941 2371; x_wconf 90' lang='lat' dir='ltr'><strong>hic</strong></span> <span class='ocrx_word' id='word_1_185' title='bbox 958 2306 1271 2372; x_wconf 88' lang='lat' dir='ltr'><strong>accidisse</strong></span> <span class='ocrx_word' id='word_1_186' title='bbox 1298 2306 1421 2372; x_wconf 91' lang='lat' dir='ltr'><strong>nisi</strong></span> <span class='ocrx_word' id='word_1_187' title='bbox 1453 2326 1535 2370; x_wconf 88' lang='lat' dir='ltr'><strong>ex</strong></span> <span class='ocrx_word' id='word_1_188' title='bbox 1574 2306 1797 2371; x_wconf 90' lang='lat' dir='ltr'><strong>divina</strong></span> <span class='ocrx_word' id='word_1_189' title='bbox 1835 2303 2261 2388; x_wconf 78' lang='lat' dir='ltr'><strong>providentia,</strong></span> 
     </span>
     <span class='ocr_line' id='line_1_26' title="bbox 319 2391 2261 2475; baseline -0.005 -14"><span class='ocrx_word' id='word_1_190' title='bbox 319 2405 405 2461; x_wconf 86' lang='lat' dir='ltr'><strong>ut</strong></span> <span class='ocrx_word' id='word_1_191' title='bbox 448 2394 756 2459; x_wconf 88' lang='lat' dir='ltr'><strong>maiestas</strong></span> <span class='ocrx_word' id='word_1_192' title='bbox 798 2392 1001 2475; x_wconf 88' lang='lat' dir='ltr'><strong>ipsius</strong></span> <span class='ocrx_word' id='word_1_193' title='bbox 1046 2393 1235 2457; x_wconf 88' lang='lat' dir='ltr'><strong>ficret</strong></span> <span class='ocrx_word' id='word_1_194' title='bbox 1274 2393 1641 2475; x_wconf 89' lang='lat' dir='ltr'><strong>conspicua.</strong></span> <span class='ocrx_word' id='word_1_195' title='bbox 1732 2392 1823 2456; x_wconf 84' lang='lat' dir='ltr'><strong>At</strong></span> <span class='ocrx_word' id='word_1_196' title='bbox 1868 2391 2261 2455; x_wconf 88' lang='lat' dir='ltr'><strong>Philistaeos</strong></span> 
     </span>
     <span class='ocr_line' id='line_1_27' title="bbox 320 2474 2260 2568; baseline -0.004 -21"><span class='ocrx_word' id='word_1_197' title='bbox 320 2482 439 2568; x_wconf 75' lang='lat' dir='ltr'><strong>hic</strong></span> <span class='ocrx_word' id='word_1_198' title='bbox 479 2480 699 2564; x_wconf 87' lang='lat' dir='ltr'><strong>magis</strong></span> <span class='ocrx_word' id='word_1_199' title='bbox 739 2500 815 2543; x_wconf 88' lang='lat' dir='ltr'><strong>ao</strong></span> <span class='ocrx_word' id='word_1_200' title='bbox 858 2479 1068 2562; x_wconf 83' lang='lat' dir='ltr'><strong>magis</strong></span> <span class='ocrx_word' id='word_1_201' title='bbox 1114 2478 1407 2552; x_wconf 87' lang='lat' dir='ltr'><strong>indurari</strong></span> <span class='ocrx_word' id='word_1_202' title='bbox 1450 2477 1689 2544; x_wconf 84' lang='lat' dir='ltr'><strong>videas.</strong></span> <span class='ocrx_word' id='word_1_203' title='bbox 1759 2477 2046 2541; x_wconf 74' lang='lat' dir='ltr'><strong>Tantum</strong></span> <span class='ocrx_word' id='word_1_204' title='bbox 2086 2474 2260 2539; x_wconf 89' lang='lat' dir='ltr'><strong>enim</strong></span> 
     </span>
     <span class='ocr_line' id='line_1_28' title="bbox 320 2560 2260 2648; baseline -0.005 -14"><span class='ocrx_word' id='word_1_205' title='bbox 320 2567 534 2644; x_wconf 85' lang='lat' dir='ltr'><strong>abest,</strong></span> <span class='ocrx_word' id='word_1_206' title='bbox 601 2575 678 2629; x_wconf 88' lang='lat' dir='ltr'><strong>ut</strong></span> <span class='ocrx_word' id='word_1_207' title='bbox 735 2564 979 2648; x_wconf 81' lang='lat' dir='ltr'><strong>agnitis</strong></span> <span class='ocrx_word' id='word_1_208' title='bbox 1037 2566 1403 2646; x_wconf 85' lang='lat' dir='ltr'><strong>praeteritis</strong></span> <span class='ocrx_word' id='word_1_209' title='bbox 1456 2562 1540 2627; x_wconf 92' lang='lat' dir='ltr'><strong>ad</strong></span> <span class='ocrx_word' id='word_1_210' title='bbox 1583 2560 1916 2627; x_wconf 87' lang='lat' dir='ltr'><strong>meliorem</strong></span> <span class='ocrx_word' id='word_1_211' title='bbox 1975 2573 2260 2626; x_wconf 86' lang='lat' dir='ltr'><strong>mentem</strong></span> 
     </span>
     <span class='ocr_line' id='line_1_29' title="bbox 320 2648 2260 2731; baseline -0.005 -12"><span class='ocrx_word' id='word_1_212' title='bbox 320 2651 583 2719; x_wconf 77' lang='lat' dir='ltr'><strong>reversi</strong></span> <span class='ocrx_word' id='word_1_213' title='bbox 640 2651 795 2730; x_wconf 91' lang='lat' dir='ltr'><strong>sint,</strong></span> <span class='ocrx_word' id='word_1_214' title='bbox 854 2659 928 2714; x_wconf 83' lang='lat' dir='ltr'><strong>ut</strong></span> <span class='ocrx_word' id='word_1_215' title='bbox 984 2671 1228 2715; x_wconf 81' lang='lat' dir='ltr'><strong>novam</strong></span> <span class='ocrx_word' id='word_1_216' title='bbox 1279 2649 1807 2731; x_wconf 85' lang='lat' dir='ltr'><strong>superstitionem</strong></span> <span class='ocrx_word' id='word_1_217' title='bbox 1866 2648 2260 2724; x_wconf 85' lang='lat' dir='ltr'><strong>invexerint,</strong></span> 
     </span>
     <span class='ocr_line' id='line_1_30' title="bbox 322 2733 2259 2822; baseline -0.005 -18"><span class='ocrx_word' id='word_1_218' title='bbox 322 2757 588 2822; x_wconf 87' lang='lat' dir='ltr'><strong>nempe,</strong></span> <span class='ocrx_word' id='word_1_219' title='bbox 670 2757 753 2801; x_wconf 89' lang='lat' dir='ltr'><strong>ne</strong></span> <span class='ocrx_word' id='word_1_220' title='bbox 831 2735 1198 2801; x_wconf 85' lang='lat' dir='ltr'><strong>sacerdotes</strong></span> <span class='ocrx_word' id='word_1_221' title='bbox 1269 2734 1585 2818; x_wconf 87' lang='lat' dir='ltr'><strong>templum</strong></span> <span class='ocrx_word' id='word_1_222' title='bbox 1664 2736 1983 2799; x_wconf 86' lang='lat' dir='ltr'><strong>intrantes</strong></span> <span class='ocrx_word' id='word_1_223' title='bbox 2060 2733 2259 2796; x_wconf 91' lang='lat' dir='ltr'><strong>limen</strong></span> 
     </span>
     <span class='ocr_line' id='line_1_31' title="bbox 319 2816 2262 2903; baseline -0.004 -12"><span class='ocrx_word' id='word_1_224' title='bbox 319 2825 620 2891; x_wconf 81' lang='lat' dir='ltr'><strong>inferum</strong></span> <span class='ocrx_word' id='word_1_225' title='bbox 665 2821 897 2903; x_wconf 83' lang='lat' dir='ltr'><strong>templi</strong></span> <span class='ocrx_word' id='word_1_226' title='bbox 941 2821 1215 2903; x_wconf 89' lang='lat' dir='ltr'><strong>pedibus</strong></span> <span class='ocrx_word' id='word_1_227' title='bbox 1264 2821 1517 2887; x_wconf 89' lang='lat' dir='ltr'><strong>calcent</strong></span> <span class='ocrx_word' id='word_1_228' title='bbox 1531 2845 1548 2901; x_wconf 91' lang='lat'>;</span> <span class='ocrx_word' id='word_1_229' title='bbox 1609 2841 1691 2885; x_wconf 80' lang='lat' dir='ltr'><strong>ne</strong></span> <span class='ocrx_word' id='word_1_230' title='bbox 1736 2818 2040 2885; x_wconf 82' lang='lat' dir='ltr'><strong>videlicet</strong></span> <span class='ocrx_word' id='word_1_231' title='bbox 2084 2816 2262 2883; x_wconf 88' lang='lat' dir='ltr'><strong>locus</strong></span> 
     </span>
     <span class='ocr_line' id='line_1_32' title="bbox 320 2904 2260 2993; baseline -0.005 -16"><span class='ocrx_word' id='word_1_232' title='bbox 320 2912 397 2977; x_wconf 89' lang='lat' dir='ltr'><strong>in</strong></span> <span class='ocrx_word' id='word_1_233' title='bbox 459 2930 592 2993; x_wconf 85' lang='lat' dir='ltr'><strong>qno</strong></span> <span class='ocrx_word' id='word_1_234' title='bbox 634 2906 871 2991; x_wconf 84' lang='lat' dir='ltr'><strong>Dagon</strong></span> <span class='ocrx_word' id='word_1_235' title='bbox 918 2907 1031 2972; x_wconf 88' lang='lat' dir='ltr'><strong>ille</strong></span> <span class='ocrx_word' id='word_1_236' title='bbox 1074 2909 1380 2988; x_wconf 82' lang='lat' dir='ltr'><strong>iacuerat,</strong></span> <span class='ocrx_word' id='word_1_237' title='bbox 1438 2908 1519 2971; x_wconf 90' lang='lat' dir='ltr'><strong>ab</strong></span> <span class='ocrx_word' id='word_1_238' title='bbox 1563 2906 1695 2972; x_wconf 89' lang='lat' dir='ltr'><strong>illis</strong></span> <span class='ocrx_word' id='word_1_239' title='bbox 1739 2905 2013 2989; x_wconf 89' lang='lat' dir='ltr'><strong>pedibus</strong></span> <span class='ocrx_word' id='word_1_240' title='bbox 2054 2904 2260 2969; x_wconf 87' lang='lat' dir='ltr'><strong>calca·</strong></span> 
     </span>
     <span class='ocr_line' id='line_1_33' title="bbox 321 2986 2261 3076; baseline -0.006 -13"><span class='ocrx_word' id='word_1_241' title='bbox 321 3008 532 3073; x_wconf 77' lang='lat' dir='ltr'><strong>retur,</strong></span> <span class='ocrx_word' id='word_1_242' title='bbox 577 3003 691 3059; x_wconf 89' lang='lat' dir='ltr'><strong>aut</strong></span> <span class='ocrx_word' id='word_1_243' title='bbox 737 3014 819 3058; x_wconf 90' lang='lat' dir='ltr'><strong>no</strong></span> <span class='ocrx_word' id='word_1_244' title='bbox 862 2992 1170 3076; x_wconf 79' lang='lat' dir='ltr'><strong>deinceps</strong></span> <span class='ocrx_word' id='word_1_245' title='bbox 1213 2994 1280 3057; x_wconf 93' lang='lat' dir='ltr'><strong>in</strong></span> <span class='ocrx_word' id='word_1_246' title='bbox 1326 3002 1770 3075; x_wconf 90' lang='lat' dir='ltr'><strong>contemptum</strong></span> <span class='ocrx_word' id='word_1_247' title='bbox 1822 2992 2101 3056; x_wconf 85' lang='lat' dir='ltr'><strong>veniret:</strong></span> <span class='ocrx_word' id='word_1_248' title='bbox 2147 2986 2261 3052; x_wconf 90' lang='lat' dir='ltr'><strong>sed</strong></span> 
     </span>
     <span class='ocr_line' id='line_1_34' title="bbox 322 3076 2262 3168; baseline -0.004 -20"><span class='ocrx_word' id='word_1_249' title='bbox 322 3078 854 3168; x_wconf 83' lang='lat' dir='ltr'><strong>quandoquidem</strong></span> <span class='ocrx_word' id='word_1_250' title='bbox 918 3089 1101 3143; x_wconf 89' lang='lat' dir='ltr'><strong>tanta</strong></span> <span class='ocrx_word' id='word_1_251' title='bbox 1166 3099 1427 3162; x_wconf 88' lang='lat' dir='ltr'><strong>passum</strong></span> <span class='ocrx_word' id='word_1_252' title='bbox 1493 3079 1705 3143; x_wconf 83' lang='lat' dir='ltr'><strong>fuerat</strong></span> <span class='ocrx_word' id='word_1_253' title='bbox 1769 3076 2037 3154; x_wconf 86' lang='lat' dir='ltr'><strong>idolum,</strong></span> <span class='ocrx_word' id='word_1_254' title='bbox 2105 3096 2262 3140; x_wconf 88' lang='lat' dir='ltr'><strong>suus</strong></span> 
     </span>
     <span class='ocr_line' id='line_1_35' title="bbox 319 3162 2260 3245; baseline -0.005 -11"><span class='ocrx_word' id='word_1_255' title='bbox 319 3170 425 3234; x_wconf 87' lang='lat' dir='ltr'><strong>illi</strong></span> <span class='ocrx_word' id='word_1_256' title='bbox 472 3169 686 3233; x_wconf 89' lang='lat' dir='ltr'><strong>honos</strong></span> <span class='ocrx_word' id='word_1_257' title='bbox 718 3165 1196 3230; x_wconf 84' lang='lat' dir='ltr'><strong>restitueretur.</strong></span> <span class='ocrx_word' id='word_1_258' title='bbox 1285 3163 1567 3245; x_wconf 80' lang='lat' dir='ltr'><strong>Quanta,</strong></span> <span class='ocrx_word' id='word_1_259' title='bbox 1634 3165 1918 3241; x_wconf 90' lang='lat' dir='ltr'><strong>obsecro,</strong></span> <span class='ocrx_word' id='word_1_260' title='bbox 1964 3162 2260 3236; x_wconf 87' lang='lat' dir='ltr'><strong>caecitas,</strong></span> 
     </span>
     <span class='ocr_line' id='line_1_36' title="bbox 324 3249 2260 3339; baseline -0.006 -19"><span class='ocrx_word' id='word_1_261' title='bbox 324 3265 622 3339; x_wconf 81' lang='lat' dir='ltr'><strong>quantus</strong></span> <span class='ocrx_word' id='word_1_262' title='bbox 657 3252 781 3316; x_wconf 85' lang='lat' dir='ltr'><strong>iste</strong></span> <span class='ocrx_word' id='word_1_263' title='bbox 818 3260 1047 3334; x_wconf 85' lang='lat' dir='ltr'><strong>stupor</strong></span> <span class='ocrx_word' id='word_1_264' title='bbox 1080 3250 1570 3315; x_wconf 85' lang='lat' dir='ltr'><strong>idololatrarum</strong></span> <span class='ocrx_word' id='word_1_265' title='bbox 1608 3250 1673 3314; x_wconf 92' lang='lat' dir='ltr'><strong>in</strong></span> <span class='ocrx_word' id='word_1_266' title='bbox 1711 3249 1896 3332; x_wconf 89' lang='lat' dir='ltr'><strong>peius</strong></span> <span class='ocrx_word' id='word_1_267' title='bbox 1930 3249 2260 3312; x_wconf 88' lang='lat' dir='ltr'><strong>ruentium</strong></span> 
     </span>
     <span class='ocr_line' id='line_1_37' title="bbox 322 3333 2266 3413; baseline -0.006 -7"><span class='ocrx_word' id='word_1_268' title='bbox 322 3352 395 3406; x_wconf 86' lang='lat' dir='ltr'><strong>ct</strong></span> <span class='ocrx_word' id='word_1_269' title='bbox 439 3357 730 3404; x_wconf 86' lang='lat' dir='ltr'><strong>errorem</strong></span> <span class='ocrx_word' id='word_1_270' title='bbox 769 3357 991 3402; x_wconf 89' lang='lat' dir='ltr'><strong>errore</strong></span> <span class='ocrx_word' id='word_1_271' title='bbox 1034 3337 1527 3413; x_wconf 88' lang='lat' dir='ltr'><strong>cumulantium,</strong></span> <span class='ocrx_word' id='word_1_272' title='bbox 1574 3344 1649 3400; x_wconf 91' lang='lat' dir='ltr'><strong>ut</strong></span> <span class='ocrx_word' id='word_1_273' title='bbox 1682 3335 1903 3400; x_wconf 89' lang='lat' dir='ltr'><strong>miseri</strong></span> <span class='ocrx_word' id='word_1_274' title='bbox 1938 3335 2049 3400; x_wconf 89' lang='lat' dir='ltr'><strong>isti</strong></span> <span class='ocrx_word' id='word_1_275' title='bbox 2084 3333 2266 3398; x_wconf 83' lang='lat' dir='ltr'><strong>velut</strong></span> 
     </span>
     <span class='ocr_line' id='line_1_38' title="bbox 322 3418 2265 3505; baseline -0.005 -13"><span class='ocrx_word' id='word_1_276' title='bbox 322 3427 573 3492; x_wconf 77' lang='lat' dir='ltr'><strong>furiata</strong></span> <span class='ocrx_word' id='word_1_277' title='bbox 614 3433 833 3487; x_wconf 89' lang='lat' dir='ltr'><strong>mente</strong></span> <span class='ocrx_word' id='word_1_278' title='bbox 878 3421 1020 3487; x_wconf 91' lang='lat' dir='ltr'><strong>Deo</strong></span> <span class='ocrx_word' id='word_1_279' title='bbox 1062 3423 1186 3505; x_wconf 90' lang='lat' dir='ltr'><strong>ipsi</strong></span> <span class='ocrx_word' id='word_1_280' title='bbox 1237 3422 1414 3487; x_wconf 89' lang='lat' dir='ltr'><strong>ultro</strong></span> <span class='ocrx_word' id='word_1_281' title='bbox 1457 3422 1698 3486; x_wconf 89' lang='lat' dir='ltr'><strong>bellum</strong></span> <span class='ocrx_word' id='word_1_282' title='bbox 1756 3421 2041 3485; x_wconf 83' lang='lat' dir='ltr'><strong>indicere</strong></span> <span class='ocrx_word' id='word_1_283' title='bbox 2099 3418 2265 3483; x_wconf 85' lang='lat' dir='ltr'><strong>velle</strong></span> 
     </span>
     <span class='ocr_line' id='line_1_39' title="bbox 320 3505 2262 3591; baseline -0.006 -12"><span class='ocrx_word' id='word_1_284' title='bbox 320 3508 723 3579; x_wconf 81' lang='lat' dir='ltr'><strong>videantur?</strong></span> <span class='ocrx_word' id='word_1_285' title='bbox 772 3508 985 3573; x_wconf 89' lang='lat' dir='ltr'><strong>Deum</strong></span> <span class='ocrx_word' id='word_1_286' title='bbox 1026 3507 1307 3591; x_wconf 89' lang='lat' dir='ltr'><strong>quidem,</strong></span> <span class='ocrx_word' id='word_1_287' title='bbox 1352 3506 1577 3585; x_wconf 85' lang='lat' dir='ltr'><strong>fateor,</strong></span> <span class='ocrx_word' id='word_1_288' title='bbox 1616 3508 1940 3572; x_wconf 86' lang='lat' dir='ltr'><strong>honorare</strong></span> <span class='ocrx_word' id='word_1_289' title='bbox 1975 3505 2262 3570; x_wconf 81' lang='lat' dir='ltr'><strong>voluisse</strong></span> 
     </span>
     <span class='ocr_line' id='line_1_40' title="bbox 320 3592 2260 3676; baseline -0.006 -12"><span class='ocrx_word' id='word_1_290' title='bbox 320 3597 656 3672; x_wconf 77' lang='lat' dir='ltr'><strong>videntur,</strong></span> <span class='ocrx_word' id='word_1_291' title='bbox 714 3612 865 3659; x_wconf 83' lang='lat' dir='ltr'><strong>arca</strong></span> <span class='ocrx_word' id='word_1_292' title='bbox 925 3593 1202 3659; x_wconf 86' lang='lat' dir='ltr'><strong>foederis</strong></span> <span class='ocrx_word' id='word_1_293' title='bbox 1245 3595 1311 3658; x_wconf 92' lang='lat' dir='ltr'><strong>in</strong></span> <span class='ocrx_word' id='word_1_294' title='bbox 1360 3593 1674 3676; x_wconf 82' lang='lat' dir='ltr'><strong>templum</strong></span> <span class='ocrx_word' id='word_1_295' title='bbox 1728 3592 2014 3675; x_wconf 84' lang='lat' dir='ltr'><strong>Dagonis</strong></span> <span class='ocrx_word' id='word_1_296' title='bbox 2058 3594 2260 3654; x_wconf 91' lang='lat' dir='ltr'><strong>intro·</strong></span> 
     </span>
     <span class='ocr_line' id='line_1_41' title="bbox 321 3677 2264 3764; baseline -0.006 -15"><span class='ocrx_word' id='word_1_297' title='bbox 321 3684 558 3749; x_wconf 86' lang='lat' dir='ltr'><strong>ducta:</strong></span> <span class='ocrx_word' id='word_1_298' title='bbox 619 3679 733 3746; x_wconf 91' lang='lat' dir='ltr'><strong>sed</strong></span> <span class='ocrx_word' id='word_1_299' title='bbox 779 3700 974 3763; x_wconf 89' lang='lat' dir='ltr'><strong>quum</strong></span> <span class='ocrx_word' id='word_1_300' title='bbox 1025 3681 1357 3764; x_wconf 85' lang='lat' dir='ltr'><strong>ingratum</strong></span> <span class='ocrx_word' id='word_1_301' title='bbox 1404 3679 1500 3743; x_wconf 92' lang='lat' dir='ltr'><strong>illi</strong></span> <span class='ocrx_word' id='word_1_302' title='bbox 1548 3681 1723 3744; x_wconf 90' lang='lat' dir='ltr'><strong>hunc</strong></span> <span class='ocrx_word' id='word_1_303' title='bbox 1766 3700 1908 3742; x_wconf 89' lang='lat' dir='ltr'><strong>esse</strong></span> <span class='ocrx_word' id='word_1_304' title='bbox 1952 3677 2264 3740; x_wconf 87' lang='lat' dir='ltr'><strong>honorem</strong></span> 
     </span>
     <span class='ocr_line' id='line_1_42' title="bbox 319 3762 2267 3848; baseline -0.005 -13"><span class='ocrx_word' id='word_1_305' title='bbox 319 3766 884 3844; x_wconf 82' lang='lat' dir='ltr'><strong>animadvertunt,</strong></span> <span class='ocrx_word' id='word_1_306' title='bbox 949 3785 1149 3848; x_wconf 90' lang='lat' dir='ltr'><strong>quum</strong></span> <span class='ocrx_word' id='word_1_307' title='bbox 1219 3766 1399 3830; x_wconf 90' lang='lat' dir='ltr'><strong>nullo</strong></span> <span class='ocrx_word' id='word_1_308' title='bbox 1463 3766 1644 3830; x_wconf 89' lang='lat' dir='ltr'><strong>cultu</strong></span> <span class='ocrx_word' id='word_1_309' title='bbox 1712 3762 2011 3828; x_wconf 82' lang='lat' dir='ltr'><strong>satisfieri</strong></span> <span class='ocrx_word' id='word_1_310' title='bbox 2080 3781 2267 3844; x_wconf 91' lang='lat' dir='ltr'><strong>posse</strong></span> 
     </span>
     <span class='ocr_line' id='line_1_43' title="bbox 322 3847 2267 3937; baseline -0.005 -17"><span class='ocrx_word' id='word_1_311' title='bbox 322 3854 431 3920; x_wconf 82' lang='lat' dir='ltr'><strong>illi</strong></span> <span class='ocrx_word' id='word_1_312' title='bbox 488 3853 941 3937; x_wconf 88' lang='lat' dir='ltr'><strong>experiuntur,</strong></span> <span class='ocrx_word' id='word_1_313' title='bbox 995 3853 1121 3916; x_wconf 88' lang='lat' dir='ltr'><strong>nisi</strong></span> <span class='ocrx_word' id='word_1_314' title='bbox 1180 3852 1436 3916; x_wconf 88' lang='lat' dir='ltr'><strong>sublato</strong></span> <span class='ocrx_word' id='word_1_315' title='bbox 1479 3851 1654 3916; x_wconf 92' lang='lat' dir='ltr'><strong>idolo</strong></span> <span class='ocrx_word' id='word_1_316' title='bbox 1698 3870 1836 3925; x_wconf 88' lang='lat' dir='ltr'><strong>suo,</strong></span> <span class='ocrx_word' id='word_1_317' title='bbox 1896 3847 2267 3930; x_wconf 86' lang='lat' dir='ltr'><strong>temploque</strong></span> 
     </span>
     <span class='ocr_line' id='line_1_44' title="bbox 324 3934 2269 4023; baseline -0.005 -17"><span class='ocrx_word' id='word_1_318' title='bbox 324 3950 699 4023; x_wconf 79' lang='lat' dir='ltr'><strong>expurgato</strong></span> <span class='ocrx_word' id='word_1_319' title='bbox 756 3949 826 4002; x_wconf 89' lang='lat' dir='ltr'><strong>et</strong></span> <span class='ocrx_word' id='word_1_320' title='bbox 881 3939 1142 4020; x_wconf 88' lang='lat' dir='ltr'><strong>expiato</strong></span> <span class='ocrx_word' id='word_1_321' title='bbox 1208 3938 1292 4002; x_wconf 87' lang='lat' dir='ltr'><strong>ab</strong></span> <span class='ocrx_word' id='word_1_322' title='bbox 1349 3938 1608 4018; x_wconf 88' lang='lat' dir='ltr'><strong>impuro</strong></span> <span class='ocrx_word' id='word_1_323' title='bbox 1655 3937 1854 4013; x_wconf 92' lang='lat' dir='ltr'><strong>cultu,</strong></span> <span class='ocrx_word' id='word_1_324' title='bbox 1915 3947 1980 3999; x_wconf 86' lang='lat' dir='ltr'><strong>et</strong></span> <span class='ocrx_word' id='word_1_325' title='bbox 2024 3934 2269 3998; x_wconf 90' lang='lat' dir='ltr'><strong>lenoci-</strong></span> 
     </span>
     <span class='ocr_line' id='line_1_45' title="bbox 324 4021 2262 4107; baseline -0.005 -15"><span class='ocrx_word' id='word_1_326' title='bbox 324 4029 462 4092; x_wconf 86' lang='lat' dir='ltr'><strong>niis</strong></span> <span class='ocrx_word' id='word_1_327' title='bbox 517 4025 668 4103; x_wconf 88' lang='lat' dir='ltr'><strong>illis,</strong></span> <span class='ocrx_word' id='word_1_328' title='bbox 726 4022 963 4107; x_wconf 92' lang='lat' dir='ltr'><strong>quibus</strong></span> <span class='ocrx_word' id='word_1_329' title='bbox 1012 4024 1192 4088; x_wconf 90' lang='lat' dir='ltr'><strong>Dens</strong></span> <span class='ocrx_word' id='word_1_330' title='bbox 1250 4022 1458 4089; x_wconf 78' lang='lat' dir='ltr'><strong>Israel</strong></span> <span class='ocrx_word' id='word_1_331' title='bbox 1514 4023 1635 4088; x_wconf 88' lang='lat' dir='ltr'><strong>coli</strong></span> <span class='ocrx_word' id='word_1_332' title='bbox 1693 4022 1873 4087; x_wconf 87' lang='lat' dir='ltr'><strong>nullo</strong></span> <span class='ocrx_word' id='word_1_333' title='bbox 1917 4021 2108 4084; x_wconf 91' lang='lat' dir='ltr'><strong>modo</strong></span> <span class='ocrx_word' id='word_1_334' title='bbox 2154 4041 2262 4102; x_wconf 81' lang='lat' dir='ltr'><strong>po·</strong></span> 
     </span>
     <span class='ocr_line' id='line_1_46' title="bbox 324 4105 2262 4194; baseline -0.005 -17"><span class='ocrx_word' id='word_1_335' title='bbox 324 4123 496 4178; x_wconf 71' lang='lat' dir='ltr'><strong>testt</strong></span> <span class='ocrx_word' id='word_1_336' title='bbox 555 4131 757 4194; x_wconf 83' lang='lat' dir='ltr'><strong>quare</strong></span> <span class='ocrx_word' id='word_1_337' title='bbox 817 4108 977 4174; x_wconf 88' lang='lat' dir='ltr'><strong>adeo</strong></span> <span class='ocrx_word' id='word_1_338' title='bbox 1020 4109 1378 4180; x_wconf 86' lang='lat' dir='ltr'><strong>insaniunt,</strong></span> <span class='ocrx_word' id='word_1_339' title='bbox 1439 4119 1513 4173; x_wconf 79' lang='lat' dir='ltr'><strong>ut·</strong></span> <span class='ocrx_word' id='word_1_340' title='bbox 1555 4108 1802 4173; x_wconf 91' lang='lat' dir='ltr'><strong>idolum</strong></span> <span class='ocrx_word' id='word_1_341' title='bbox 1840 4128 2026 4173; x_wconf 86' lang='lat' dir='ltr'><strong>suum</strong></span> <span class='ocrx_word' id='word_1_342' title='bbox 2078 4105 2262 4170; x_wconf 80' lang='lat' dir='ltr'><strong>resti-</strong></span> 
     </span>
     <span class='ocr_line' id='line_1_47' title="bbox 322 4193 2261 4279; baseline -0.005 -14"><span class='ocrx_word' id='word_1_343' title='bbox 322 4209 540 4278; x_wconf 81' lang='lat' dir='ltr'><strong>tuere,</strong></span> <span class='ocrx_word' id='word_1_344' title='bbox 575 4206 643 4261; x_wconf 91' lang='lat' dir='ltr'><strong>et</strong></span> <span class='ocrx_word' id='word_1_345' title='bbox 667 4197 1051 4279; x_wconf 84' lang='lat' dir='ltr'><strong>dignitatem</strong></span> <span class='ocrx_word' id='word_1_346' title='bbox 1086 4196 1427 4277; x_wconf 87' lang='lat' dir='ltr'><strong>pristinam</strong></span> <span class='ocrx_word' id='word_1_347' title='bbox 1463 4194 1559 4258; x_wconf 92' lang='lat' dir='ltr'><strong>illi</strong></span> <span class='ocrx_word' id='word_1_348' title='bbox 1584 4194 1856 4259; x_wconf 87' lang='lat' dir='ltr'><strong>reddere</strong></span> <span class='ocrx_word' id='word_1_349' title='bbox 1891 4193 2261 4264; x_wconf 84' lang='lat' dir='ltr'><strong>moliantur,</strong></span> 
     </span>
     <span class='ocr_line' id='line_1_48' title="bbox 323 4278 2266 4369; baseline -0.005 -19"><span class='ocrx_word' id='word_1_350' title='bbox 323 4303 535 4369; x_wconf 86' lang='lat' dir='ltr'><strong>quum</strong></span> <span class='ocrx_word' id='word_1_351' title='bbox 595 4282 780 4346; x_wconf 90' lang='lat' dir='ltr'><strong>Deus</strong></span> <span class='ocrx_word' id='word_1_352' title='bbox 835 4281 1102 4346; x_wconf 79' lang='lat' dir='ltr'><strong>Israelis</strong></span> <span class='ocrx_word' id='word_1_353' title='bbox 1170 4301 1300 4344; x_wconf 89' lang='lat' dir='ltr'><strong>non</strong></span> <span class='ocrx_word' id='word_1_354' title='bbox 1367 4278 1578 4345; x_wconf 90' lang='lat' dir='ltr'><strong>dubiis</strong></span> <span class='ocrx_word' id='word_1_355' title='bbox 1645 4280 1851 4363; x_wconf 87' lang='lat' dir='ltr'><strong>signis</strong></span> <span class='ocrx_word' id='word_1_356' title='bbox 1910 4279 2266 4343; x_wconf 85' lang='lat' dir='ltr'><strong>ostenderit</strong></span> 
     </span>
     <span class='ocr_line' id='line_1_49' title="bbox 324 4362 2264 4449; baseline -0.006 -11"><span class='ocrx_word' id='word_1_357' title='bbox 324 4393 399 4438; x_wconf 81' lang='lat' dir='ltr'><strong>se</strong></span> <span class='ocrx_word' id='word_1_358' title='bbox 445 4369 698 4434; x_wconf 87' lang='lat' dir='ltr'><strong>idolum</strong></span> <span class='ocrx_word' id='word_1_359' title='bbox 759 4368 932 4431; x_wconf 84' lang='lat' dir='ltr'><strong>ferre</strong></span> <span class='ocrx_word' id='word_1_360' title='bbox 991 4388 1123 4431; x_wconf 89' lang='lat' dir='ltr'><strong>non</strong></span> <span class='ocrx_word' id='word_1_361' title='bbox 1182 4364 1412 4449; x_wconf 77' lang='lat' dir='ltr'><strong>posse?</strong></span> <span class='ocrx_word' id='word_1_362' title='bbox 1472 4367 1639 4430; x_wconf 89' lang='lat' dir='ltr'><strong>Nam</strong></span> <span class='ocrx_word' id='word_1_363' title='bbox 1707 4387 1908 4447; x_wconf 89' lang='lat' dir='ltr'><strong>quum</strong></span> <span class='ocrx_word' id='word_1_364' title='bbox 1981 4362 2264 4430; x_wconf 88' lang='lat' dir='ltr'><strong>secundo</strong></span> 
     </span>
     <span class='ocr_line' id='line_1_50' title="bbox 324 4451 2266 4529; baseline -0.006 -5"><span class='ocrx_word' id='word_1_365' title='bbox 324 4475 641 4524; x_wconf 79' lang='lat' dir='ltr'><strong>eversum</strong></span> <span class='ocrx_word' id='word_1_366' title='bbox 700 4474 893 4517; x_wconf 90' lang='lat' dir='ltr'><strong>snum</strong></span> <span class='ocrx_word' id='word_1_367' title='bbox 947 4452 1193 4518; x_wconf 89' lang='lat' dir='ltr'><strong>idolum</strong></span> <span class='ocrx_word' id='word_1_368' title='bbox 1253 4456 1614 4529; x_wconf 86' lang='lat' dir='ltr'><strong>intuentur,</strong></span> <span class='ocrx_word' id='word_1_369' title='bbox 1672 4472 1757 4515; x_wconf 86' lang='lat' dir='ltr'><strong>an</strong></span> <span class='ocrx_word' id='word_1_370' title='bbox 1817 4451 1975 4515; x_wconf 90' lang='lat' dir='ltr'><strong>adeo</strong></span> <span class='ocrx_word' id='word_1_371' title='bbox 2036 4472 2266 4514; x_wconf 88' lang='lat' dir='ltr'><strong>seusus</strong></span> 
     </span>
     <span class='ocr_line' id='line_1_51' title="bbox 324 4536 2264 4623; baseline -0.005 -14"><span class='ocrx_word' id='word_1_372' title='bbox 324 4544 547 4609; x_wconf 87' lang='lat' dir='ltr'><strong>omnis</strong></span> <span class='ocrx_word' id='word_1_373' title='bbox 591 4553 897 4623; x_wconf 86' lang='lat' dir='ltr'><strong>expertes</strong></span> <span class='ocrx_word' id='word_1_374' title='bbox 941 4548 1114 4618; x_wconf 87' lang='lat' dir='ltr'><strong>sunt,</strong></span> <span class='ocrx_word' id='word_1_375' title='bbox 1174 4550 1249 4602; x_wconf 89' lang='lat' dir='ltr'><strong>ut</strong></span> <span class='ocrx_word' id='word_1_376' title='bbox 1294 4560 1423 4603; x_wconf 90' lang='lat' dir='ltr'><strong>non</strong></span> <span class='ocrx_word' id='word_1_377' title='bbox 1484 4549 1841 4622; x_wconf 82' lang='lat' dir='ltr'><strong>agnoscant</strong></span> <span class='ocrx_word' id='word_1_378' title='bbox 1886 4536 2102 4601; x_wconf 89' lang='lat' dir='ltr'><strong>Deum</strong></span> <span class='ocrx_word' id='word_1_379' title='bbox 2160 4558 2264 4618; x_wconf 89' lang='lat' dir='ltr'><strong>po-</strong></span> 
     </span>
     <span class='ocr_line' id='line_1_52' title="bbox 322 4623 2264 4707; baseline -0.007 -12"><span class='ocrx_word' id='word_1_380' title='bbox 322 4629 581 4695; x_wconf 89' lang='lat' dir='ltr'><strong>tentiae</strong></span> <span class='ocrx_word' id='word_1_381' title='bbox 624 4647 781 4690; x_wconf 87' lang='lat' dir='ltr'><strong>suae</strong></span> <span class='ocrx_word' id='word_1_382' title='bbox 826 4624 1044 4691; x_wconf 89' lang='lat' dir='ltr'><strong>radios</strong></span> <span class='ocrx_word' id='word_1_383' title='bbox 1085 4624 1332 4707; x_wconf 89' lang='lat' dir='ltr'><strong>aliquos</strong></span> <span class='ocrx_word' id='word_1_384' title='bbox 1368 4645 1688 4702; x_wconf 85' lang='lat' dir='ltr'><strong>exserere,</strong></span> <span class='ocrx_word' id='word_1_385' title='bbox 1722 4623 1957 4704; x_wconf 87' lang='lat' dir='ltr'><strong>quibus</strong></span> <span class='ocrx_word' id='word_1_386' title='bbox 1994 4623 2072 4686; x_wconf 88' lang='lat' dir='ltr'><strong>ad</strong></span> <span class='ocrx_word' id='word_1_387' title='bbox 2111 4643 2264 4687; x_wconf 89' lang='lat' dir='ltr'><strong>con-</strong></span> 
     </span>
     <span class='ocr_line' id='line_1_53' title="bbox 324 4709 2263 4794; baseline -0.005 -13"><span class='ocrx_word' id='word_1_388' title='bbox 324 4715 703 4781; x_wconf 80' lang='lat' dir='ltr'><strong>versionem</strong></span> <span class='ocrx_word' id='word_1_389' title='bbox 784 4711 862 4774; x_wconf 86' lang='lat' dir='ltr'><strong>ad</strong></span> <span class='ocrx_word' id='word_1_390' title='bbox 930 4711 1146 4794; x_wconf 88' lang='lat' dir='ltr'><strong>ipsum</strong></span> <span class='ocrx_word' id='word_1_391' title='bbox 1224 4709 1779 4776; x_wconf 78' lang='lat' dir='ltr'><strong>sollicitarentur?</strong></span> <span class='ocrx_word' id='word_1_392' title='bbox 1854 4711 1946 4772; x_wconf 87' lang='lat' dir='ltr'><strong>At</strong></span> <span class='ocrx_word' id='word_1_393' title='bbox 2010 4719 2263 4771; x_wconf 89' lang='lat' dir='ltr'><strong>tantum</strong></span> 
     </span>
     <span class='ocr_line' id='line_1_54' title="bbox 325 4794 2266 4880; baseline -0.006 -12"><span class='ocrx_word' id='word_1_394' title='bbox 325 4801 523 4868; x_wconf 80' lang='lat' dir='ltr'><strong>abest</strong></span> <span class='ocrx_word' id='word_1_395' title='bbox 566 4809 642 4863; x_wconf 88' lang='lat' dir='ltr'><strong>ut</strong></span> <span class='ocrx_word' id='word_1_396' title='bbox 682 4810 1061 4861; x_wconf 88' lang='lat' dir='ltr'><strong>monentem</strong></span> <span class='ocrx_word' id='word_1_397' title='bbox 1106 4807 1170 4861; x_wconf 89' lang='lat' dir='ltr'><strong>et</strong></span> <span class='ocrx_word' id='word_1_398' title='bbox 1213 4796 1654 4880; x_wconf 86' lang='lat' dir='ltr'><strong>impellentem</strong></span> <span class='ocrx_word' id='word_1_399' title='bbox 1714 4794 1929 4859; x_wconf 89' lang='lat' dir='ltr'><strong>Deum</strong></span> <span class='ocrx_word' id='word_1_400' title='bbox 1976 4795 2266 4870; x_wconf 85' lang='lat' dir='ltr'><strong>audiant,</strong></span> 
     </span>
     <span class='ocr_line' id='line_1_55' title="bbox 326 4882 2265 4966; baseline -0.006 -12"><span class='ocrx_word' id='word_1_401' title='bbox 326 4897 407 4954; x_wconf 74' lang='lat' dir='ltr'><strong>ut</strong></span> <span class='ocrx_word' id='word_1_402' title='bbox 460 4896 697 4953; x_wconf 84' lang='lat' dir='ltr'><strong>eontra</strong></span> <span class='ocrx_word' id='word_1_403' title='bbox 754 4883 964 4966; x_wconf 89' lang='lat' dir='ltr'><strong>magis</strong></span> <span class='ocrx_word' id='word_1_404' title='bbox 1008 4883 1333 4948; x_wconf 83' lang='lat' dir='ltr'><strong>obstinate</strong></span> <span class='ocrx_word' id='word_1_405' title='bbox 1390 4897 1458 4946; x_wconf 90' lang='lat' dir='ltr'><strong>et</strong></span> <span class='ocrx_word' id='word_1_406' title='bbox 1502 4882 1920 4965; x_wconf 78' lang='lat' dir='ltr'><strong>pertinaciter</strong></span> <span class='ocrx_word' id='word_1_407' title='bbox 1975 4896 2265 4962; x_wconf 76' lang='lat' dir='ltr'><strong>pergant,</strong></span> 
     </span>
     <span class='ocr_line' id='line_1_56' title="bbox 326 4967 2269 5051; baseline -0.005 -12"><span class='ocrx_word' id='word_1_408' title='bbox 326 4985 399 5040; x_wconf 88' lang='lat' dir='ltr'><strong>et</strong></span> <span class='ocrx_word' id='word_1_409' title='bbox 435 4972 852 5048; x_wconf 86' lang='lat' dir='ltr'><strong>indurentur,</strong></span> <span class='ocrx_word' id='word_1_410' title='bbox 888 4989 1135 5051; x_wconf 90' lang='lat' dir='ltr'><strong>suoque</strong></span> <span class='ocrx_word' id='word_1_411' title='bbox 1158 4968 1251 5032; x_wconf 87' lang='lat' dir='ltr'><strong>illi</strong></span> <span class='ocrx_word' id='word_1_412' title='bbox 1274 4967 1447 5033; x_wconf 92' lang='lat' dir='ltr'><strong>idolo</strong></span> <span class='ocrx_word' id='word_1_413' title='bbox 1471 4969 1694 5049; x_wconf 83' lang='lat' dir='ltr'><strong>fidant,</strong></span> <span class='ocrx_word' id='word_1_414' title='bbox 1739 4981 1802 5031; x_wconf 90' lang='lat' dir='ltr'><strong>et</strong></span> <span class='ocrx_word' id='word_1_415' title='bbox 1841 4986 2039 5030; x_wconf 85' lang='lat' dir='ltr'><strong>novos</strong></span> <span class='ocrx_word' id='word_1_416' title='bbox 2068 4967 2269 5030; x_wconf 85' lang='lat' dir='ltr'><strong>bono·-</strong></span> 
     </span>
     <span class='ocr_line' id='line_1_57' title="bbox 327 5054 2268 5136; baseline -0.004 -11"><span class='ocrx_word' id='word_1_417' title='bbox 327 5081 441 5125; x_wconf 82' lang='lat' dir='ltr'><strong>res</strong></span> <span class='ocrx_word' id='word_1_418' title='bbox 494 5058 594 5123; x_wconf 86' lang='lat' dir='ltr'><strong>illi</strong></span> <span class='ocrx_word' id='word_1_419' title='bbox 656 5067 965 5136; x_wconf 86' lang='lat' dir='ltr'><strong>tanquam</strong></span> <span class='ocrx_word' id='word_1_420' title='bbox 1010 5075 1242 5119; x_wconf 88' lang='lat' dir='ltr'><strong>sensus</strong></span> <span class='ocrx_word' id='word_1_421' title='bbox 1286 5055 1499 5120; x_wconf 88' lang='lat' dir='ltr'><strong>omnis</strong></span> <span class='ocrx_word' id='word_1_422' title='bbox 1543 5066 1611 5118; x_wconf 88' lang='lat' dir='ltr'><strong>et</strong></span> <span class='ocrx_word' id='word_1_423' title='bbox 1655 5054 1924 5118; x_wconf 90' lang='lat' dir='ltr'><strong>rationis</strong></span> <span class='ocrx_word' id='word_1_424' title='bbox 1969 5063 2268 5133; x_wconf 82' lang='lat' dir='ltr'><strong>expertes</strong></span> 
     </span>
     <span class='ocr_line' id='line_1_58' title="bbox 327 5139 2267 5221; baseline -0.005 -9"><span class='ocrx_word' id='word_1_425' title='bbox 327 5144 711 5212; x_wconf 76' lang='lat' dir='ltr'><strong>exhibeant.</strong></span> <span class='ocrx_word' id='word_1_426' title='bbox 757 5140 947 5221; x_wconf 89' lang='lat' dir='ltr'><strong>Nam,</strong></span> <span class='ocrx_word' id='word_1_427' title='bbox 993 5151 1069 5206; x_wconf 90' lang='lat' dir='ltr'><strong>ut</strong></span> <span class='ocrx_word' id='word_1_428' title='bbox 1105 5140 1261 5218; x_wconf 85' lang='lat' dir='ltr'><strong>dixi,</strong></span> <span class='ocrx_word' id='word_1_429' title='bbox 1302 5161 1433 5205; x_wconf 89' lang='lat' dir='ltr'><strong>non</strong></span> <span class='ocrx_word' id='word_1_430' title='bbox 1480 5140 1690 5205; x_wconf 90' lang='lat' dir='ltr'><strong>solum</strong></span> <span class='ocrx_word' id='word_1_431' title='bbox 1729 5140 1868 5204; x_wconf 91' lang='lat' dir='ltr'><strong>loco</strong></span> <span class='ocrx_word' id='word_1_432' title='bbox 1904 5157 2022 5202; x_wconf 87' lang='lat' dir='ltr'><strong>suo</strong></span> <span class='ocrx_word' id='word_1_433' title='bbox 2060 5139 2267 5203; x_wconf 87' lang='lat' dir='ltr'><strong>deiec-</strong></span> 
     </span>
     <span class='ocr_line' id='line_1_59' title="bbox 327 5223 2268 5304; baseline -0.007 -4"><span class='ocrx_word' id='word_1_434' title='bbox 327 5240 475 5300; x_wconf 84' lang='lat' dir='ltr'><strong>tum</strong></span> <span class='ocrx_word' id='word_1_435' title='bbox 558 5227 925 5296; x_wconf 88' lang='lat' dir='ltr'><strong>restituunt</strong></span> <span class='ocrx_word' id='word_1_436' title='bbox 986 5225 1257 5303; x_wconf 88' lang='lat' dir='ltr'><strong>idolum,</strong></span> <span class='ocrx_word' id='word_1_437' title='bbox 1327 5237 1395 5291; x_wconf 90' lang='lat' dir='ltr'><strong>et</strong></span> <span class='ocrx_word' id='word_1_438' title='bbox 1459 5227 1706 5293; x_wconf 86' lang='lat' dir='ltr'><strong>honore</strong></span> <span class='ocrx_word' id='word_1_439' title='bbox 1770 5225 1960 5291; x_wconf 81' lang='lat' dir='ltr'><strong>solito</strong></span> <span class='ocrx_word' id='word_1_440' title='bbox 2023 5223 2268 5304; x_wconf 86' lang='lat' dir='ltr'><strong>colunt,</strong></span> 
     </span>
    </p>
   </div>
   <div class='ocr_carea' id='block_1_6' title="bbox 544 5323 1403 5398">
    <p class='ocr_par' dir='ltr' id='par_1_6' title="bbox 544 5323 1403 5398">
     <span class='ocr_line' id='line_1_60' title="bbox 544 5323 1403 5398; baseline -0.003 -8"><span class='ocrx_word' id='word_1_441' title='bbox 544 5330 772 5389; x_wconf 63' lang='lat' dir='ltr'><strong>Calvina·</strong></span> <span class='ocrx_word' id='word_1_442' title='bbox 793 5343 976 5398; x_wconf 76' lang='lat' dir='ltr'><strong>opera.</strong></span> <span class='ocrx_word' id='word_1_443' title='bbox 1022 5329 1146 5385; x_wconf 77' lang='lat' dir='ltr'><strong>Vol.</strong></span> <span class='ocrx_word' id='word_1_444' title='bbox 1170 5323 1403 5387; x_wconf 75' lang='lat' dir='ltr'><strong>XXIX.</strong></span> 
     </span>
    </p>
   </div>
   <div class='ocr_carea' id='block_1_7' title="bbox 2360 670 4348 5307">
    <p class='ocr_par' dir='ltr' id='par_1_7' title="bbox 2360 670 4348 5307">
     <span class='ocr_line' id='line_1_61' title="bbox 2365 670 4306 754; baseline 0.007 -19"><span class='ocrx_word' id='word_1_445' title='bbox 2365 670 2665 754; x_wconf 81' lang='lat' dir='ltr'><strong>Dagonis</strong></span> <span class='ocrx_word' id='word_1_446' title='bbox 2721 672 3080 737; x_wconf 88' lang='lat' dir='ltr'><strong>iacuerunt.</strong></span> <span class='ocrx_word' id='word_1_447' title='bbox 3169 671 3358 753; x_wconf 78' lang='lat' dir='ltr'><strong>Quae</strong></span> <span class='ocrx_word' id='word_1_448' title='bbox 3421 693 3575 739; x_wconf 86' lang='lat' dir='ltr'><strong>vero</strong></span> <span class='ocrx_word' id='word_1_449' title='bbox 3633 675 3742 740; x_wconf 91' lang='lat' dir='ltr'><strong>hic</strong></span> <span class='ocrx_word' id='word_1_450' title='bbox 3798 674 3879 741; x_wconf 91' lang='lat' dir='ltr'><strong>de</strong></span> <span class='ocrx_word' id='word_1_451' title='bbox 3922 677 4306 748; x_wconf 84' lang='lat' dir='ltr'><strong>Philistaeis</strong></span> 
     </span>
     <span class='ocr_line' id='line_1_62' title="bbox 2364 758 4306 851; baseline 0.007 -32"><span class='ocrx_word' id='word_1_452' title='bbox 2364 758 2663 840; x_wconf 87' lang='lat' dir='ltr'><strong>legimus,</strong></span> <span class='ocrx_word' id='word_1_453' title='bbox 2724 768 2947 822; x_wconf 88' lang='lat' dir='ltr'><strong>nostro</strong></span> <span class='ocrx_word' id='word_1_454' title='bbox 2991 758 3189 822; x_wconf 85' lang='lat' dir='ltr'><strong>etiam</strong></span> <span class='ocrx_word' id='word_1_455' title='bbox 3232 758 3492 824; x_wconf 90' lang='lat' dir='ltr'><strong>saeculo</strong></span> <span class='ocrx_word' id='word_1_456' title='bbox 3535 761 3605 824; x_wconf 90' lang='lat' dir='ltr'><strong>in</strong></span> <span class='ocrx_word' id='word_1_457' title='bbox 3666 772 3911 844; x_wconf 84' lang='lat' dir='ltr'><strong>papatu</strong></span> <span class='ocrx_word' id='word_1_458' title='bbox 3956 766 4306 851; x_wconf 80' lang='lat' dir='ltr'><strong>contigisse</strong></span> 
     </span>
     <span class='ocr_line' id='line_1_63' title="bbox 2360 842 4302 934; baseline 0.007 -28"><span class='ocrx_word' id='word_1_459' title='bbox 2360 842 2683 924; x_wconf 80' lang='lat' dir='ltr'><strong>videmus,</strong></span> <span class='ocrx_word' id='word_1_460' title='bbox 2749 842 3164 908; x_wconf 85' lang='lat' dir='ltr'><strong>sacerdotnm</strong></span> <span class='ocrx_word' id='word_1_461' title='bbox 3222 844 3448 910; x_wconf 79' lang='lat' dir='ltr'><strong>fraude</strong></span> <span class='ocrx_word' id='word_1_462' title='bbox 3509 856 3574 911; x_wconf 90' lang='lat' dir='ltr'><strong>et</strong></span> <span class='ocrx_word' id='word_1_463' title='bbox 3629 847 4029 934; x_wconf 87' lang='lat' dir='ltr'><strong>imposturis,</strong></span> <span class='ocrx_word' id='word_1_464' title='bbox 4098 863 4176 917; x_wconf 89' lang='lat' dir='ltr'><strong>ut</strong></span> <span class='ocrx_word' id='word_1_465' title='bbox 4242 851 4302 919; x_wconf 83' lang='lat' dir='ltr'><strong>si</strong></span> 
     </span>
     <span class='ocr_line' id='line_1_64' title="bbox 2366 927 4302 1014; baseline 0.006 -22"><span class='ocrx_word' id='word_1_466' title='bbox 2366 927 2540 1010; x_wconf 90' lang='lat' dir='ltr'><strong>quod</strong></span> <span class='ocrx_word' id='word_1_467' title='bbox 2594 928 2804 994; x_wconf 89' lang='lat' dir='ltr'><strong>sancti</strong></span> <span class='ocrx_word' id='word_1_468' title='bbox 2858 927 3134 994; x_wconf 87' lang='lat' dir='ltr'><strong>alicuius</strong></span> <span class='ocrx_word' id='word_1_469' title='bbox 3177 930 3600 997; x_wconf 90' lang='lat' dir='ltr'><strong>simulacrum</strong></span> <span class='ocrx_word' id='word_1_470' title='bbox 3645 931 3976 1014; x_wconf 87' lang='lat' dir='ltr'><strong>deciderit,</strong></span> <span class='ocrx_word' id='word_1_471' title='bbox 4031 956 4106 1000; x_wconf 90' lang='lat' dir='ltr'><strong>ac</strong></span> <span class='ocrx_word' id='word_1_472' title='bbox 4150 938 4302 1004; x_wconf 89' lang='lat' dir='ltr'><strong>bra-</strong></span> 
     </span>
     <span class='ocr_line' id='line_1_65' title="bbox 2365 1013 4302 1108; baseline 0.005 -29"><span class='ocrx_word' id='word_1_473' title='bbox 2365 1013 2587 1093; x_wconf 84' lang='lat' dir='ltr'><strong>chium</strong></span> <span class='ocrx_word' id='word_1_474' title='bbox 2645 1026 2759 1078; x_wconf 88' lang='lat' dir='ltr'><strong>aut</strong></span> <span class='ocrx_word' id='word_1_475' title='bbox 2812 1035 2963 1080; x_wconf 91' lang='lat' dir='ltr'><strong>crus</strong></span> <span class='ocrx_word' id='word_1_476' title='bbox 3022 1015 3120 1079; x_wconf 82' lang='lat' dir='ltr'><strong>fre</strong></span> <span class='ocrx_word' id='word_1_477' title='bbox 3166 1015 3310 1094; x_wconf 87' lang='lat' dir='ltr'><strong>erit,</strong></span> <span class='ocrx_word' id='word_1_478' title='bbox 3368 1016 3546 1082; x_wconf 91' lang='lat' dir='ltr'><strong>aliud</strong></span> <span class='ocrx_word' id='word_1_479' title='bbox 3592 1039 3863 1084; x_wconf 90' lang='lat' dir='ltr'><strong>aureum</strong></span> <span class='ocrx_word' id='word_1_480' title='bbox 3909 1030 4023 1086; x_wconf 90' lang='lat' dir='ltr'><strong>aut</strong></span> <span class='ocrx_word' id='word_1_481' title='bbox 4065 1042 4302 1108; x_wconf 88' lang='lat' dir='ltr'><strong>argen-</strong></span> 
     </span>
     <span class='ocr_line' id='line_1_66' title="bbox 2366 1100 4300 1199; baseline 0.006 -35"><span class='ocrx_word' id='word_1_482' title='bbox 2366 1108 2547 1199; x_wconf 79' lang='lat' dir='ltr'><strong>teum</strong></span> <span class='ocrx_word' id='word_1_483' title='bbox 2600 1121 2720 1183; x_wconf 91' lang='lat' dir='ltr'><strong>pro</strong></span> <span class='ocrx_word' id='word_1_484' title='bbox 2780 1100 2998 1184; x_wconf 89' lang='lat' dir='ltr'><strong>ligneo</strong></span> <span class='ocrx_word' id='word_1_485' title='bbox 3050 1121 3134 1165; x_wconf 84' lang='lat' dir='ltr'><strong>ve</strong></span> <span class='ocrx_word' id='word_1_486' title='bbox 3222 1122 3421 1167; x_wconf 88' lang='lat' dir='ltr'><strong>saxeo</strong></span> <span class='ocrx_word' id='word_1_487' title='bbox 3481 1105 3584 1184; x_wconf 89' lang='lat' dir='ltr'><strong>sit,</strong></span> <span class='ocrx_word' id='word_1_488' title='bbox 3646 1103 3726 1169; x_wconf 90' lang='lat' dir='ltr'><strong>ab</strong></span> <span class='ocrx_word' id='word_1_489' title='bbox 3785 1105 4006 1188; x_wconf 88' lang='lat' dir='ltr'><strong>aliquo</strong></span> <span class='ocrx_word' id='word_1_490' title='bbox 4071 1129 4300 1192; x_wconf 89' lang='lat' dir='ltr'><strong>super-</strong></span> 
     </span>
     <span class='ocr_line' id='line_1_67' title="bbox 2366 1186 4301 1279; baseline 0.006 -30"><span class='ocrx_word' id='word_1_491' title='bbox 2366 1186 2621 1250; x_wconf 81' lang='lat' dir='ltr'><strong>stitioso</strong></span> <span class='ocrx_word' id='word_1_492' title='bbox 2664 1206 2821 1270; x_wconf 87' lang='lat' dir='ltr'><strong>rege</strong></span> <span class='ocrx_word' id='word_1_493' title='bbox 2859 1187 3230 1268; x_wconf 88' lang='lat' dir='ltr'><strong>repositum,</strong></span> <span class='ocrx_word' id='word_1_494' title='bbox 3275 1202 3342 1251; x_wconf 90' lang='lat' dir='ltr'><strong>et</strong></span> <span class='ocrx_word' id='word_1_495' title='bbox 3375 1188 3636 1270; x_wconf 89' lang='lat' dir='ltr'><strong>quidem</strong></span> <span class='ocrx_word' id='word_1_496' title='bbox 3674 1211 3819 1256; x_wconf 88' lang='lat' dir='ltr'><strong>cum</strong></span> <span class='ocrx_word' id='word_1_497' title='bbox 3870 1211 4043 1257; x_wconf 84' lang='lat' dir='ltr'><strong>novo</strong></span> <span class='ocrx_word' id='word_1_498' title='bbox 4088 1194 4301 1279; x_wconf 88' lang='lat' dir='ltr'><strong>digni·</strong></span> 
     </span>
     <span class='ocr_line' id='line_1_68' title="bbox 2367 1271 4300 1358; baseline 0.006 -23"><span class='ocrx_word' id='word_1_499' title='bbox 2367 1273 2521 1336; x_wconf 87' lang='lat' dir='ltr'><strong>tatis</strong></span> <span class='ocrx_word' id='word_1_500' title='bbox 2560 1272 2770 1338; x_wconf 89' lang='lat' dir='ltr'><strong>titulo.</strong></span> <span class='ocrx_word' id='word_1_501' title='bbox 2842 1271 3063 1352; x_wconf 86' lang='lat' dir='ltr'><strong>Velut,</strong></span> <span class='ocrx_word' id='word_1_502' title='bbox 3107 1273 3392 1355; x_wconf 87' lang='lat' dir='ltr'><strong>exempli</strong></span> <span class='ocrx_word' id='word_1_503' title='bbox 3429 1276 3661 1358; x_wconf 86' lang='lat' dir='ltr'><strong>gratia,</strong></span> <span class='ocrx_word' id='word_1_504' title='bbox 3707 1277 3760 1341; x_wconf 92' lang='lat' dir='ltr'><strong>si</strong></span> <span class='ocrx_word' id='word_1_505' title='bbox 3787 1277 4026 1343; x_wconf 88' lang='lat' dir='ltr'><strong>decidit</strong></span> <span class='ocrx_word' id='word_1_506' title='bbox 4051 1277 4300 1347; x_wconf 84' lang='lat' dir='ltr'><strong>Mariae</strong></span> 
     </span>
     <span class='ocr_line' id='line_1_69' title="bbox 2368 1357 4303 1442; baseline 0.005 -19"><span class='ocrx_word' id='word_1_507' title='bbox 2368 1358 2643 1440; x_wconf 83' lang='lat' dir='ltr'><strong>virginis</strong></span> <span class='ocrx_word' id='word_1_508' title='bbox 2700 1357 2968 1442; x_wconf 90' lang='lat' dir='ltr'><strong>idolum,</strong></span> <span class='ocrx_word' id='word_1_509' title='bbox 3028 1377 3104 1423; x_wconf 89' lang='lat' dir='ltr'><strong>ac</strong></span> <span class='ocrx_word' id='word_1_510' title='bbox 3151 1359 3549 1438; x_wconf 84' lang='lat' dir='ltr'><strong>restituatur,</strong></span> <span class='ocrx_word' id='word_1_511' title='bbox 3599 1372 3737 1426; x_wconf 90' lang='lat' dir='ltr'><strong>tum</strong></span> <span class='ocrx_word' id='word_1_512' title='bbox 3782 1361 3973 1429; x_wconf 89' lang='lat' dir='ltr'><strong>Boua</strong></span> <span class='ocrx_word' id='word_1_513' title='bbox 4017 1362 4303 1433; x_wconf 82' lang='lat' dir='ltr'><strong>Domitia</strong></span> 
     </span>
     <span class='ocr_line' id='line_1_70' title="bbox 2367 1443 4302 1526; baseline 0.005 -18"><span class='ocrx_word' id='word_1_514' title='bbox 2367 1443 2701 1509; x_wconf 84' lang='lat' dir='ltr'><strong>Passionis</strong></span> <span class='ocrx_word' id='word_1_515' title='bbox 2758 1443 3264 1525; x_wconf 89' lang='lat' dir='ltr'><strong>nuncupabitur.</strong></span> <span class='ocrx_word' id='word_1_516' title='bbox 3353 1444 3529 1526; x_wconf 80' lang='lat' dir='ltr'><strong>Quid</strong></span> <span class='ocrx_word' id='word_1_517' title='bbox 3586 1447 3759 1513; x_wconf 89' lang='lat' dir='ltr'><strong>istud</strong></span> <span class='ocrx_word' id='word_1_518' title='bbox 3827 1470 3979 1515; x_wconf 84' lang='lat' dir='ltr'><strong>vero</strong></span> <span class='ocrx_word' id='word_1_519' title='bbox 4037 1452 4302 1518; x_wconf 89' lang='lat' dir='ltr'><strong>Passio-</strong></span> 
     </span>
     <span class='ocr_line' id='line_1_71' title="bbox 2369 1528 4299 1622; baseline 0.006 -29"><span class='ocrx_word' id='word_1_520' title='bbox 2369 1530 2471 1594; x_wconf 89' lang='lat' dir='ltr'><strong>nis</strong></span> <span class='ocrx_word' id='word_1_521' title='bbox 2529 1528 2816 1594; x_wconf 80' lang='lat' dir='ltr'><strong>nomen?</strong></span> <span class='ocrx_word' id='word_1_522' title='bbox 2886 1528 3068 1594; x_wconf 91' lang='lat' dir='ltr'><strong>Deus</strong></span> <span class='ocrx_word' id='word_1_523' title='bbox 3123 1550 3347 1596; x_wconf 89' lang='lat' dir='ltr'><strong>caecos</strong></span> <span class='ocrx_word' id='word_1_524' title='bbox 3410 1533 3569 1598; x_wconf 85' lang='lat' dir='ltr'><strong>istos</strong></span> <span class='ocrx_word' id='word_1_525' title='bbox 3635 1534 3907 1601; x_wconf 88' lang='lat' dir='ltr'><strong>miseros</strong></span> <span class='ocrx_word' id='word_1_526' title='bbox 3973 1539 4096 1603; x_wconf 89' lang='lat' dir='ltr'><strong>hoc</strong></span> <span class='ocrx_word' id='word_1_527' title='bbox 4158 1540 4299 1622; x_wconf 89' lang='lat' dir='ltr'><strong>ipso</strong></span> 
     </span>
     <span class='ocr_line' id='line_1_72' title="bbox 2369 1614 4297 1708; baseline 0.006 -29"><span class='ocrx_word' id='word_1_528' title='bbox 2369 1615 2630 1680; x_wconf 90' lang='lat' dir='ltr'><strong>nomine</strong></span> <span class='ocrx_word' id='word_1_529' title='bbox 2686 1615 2848 1681; x_wconf 88' lang='lat' dir='ltr'><strong>satis</strong></span> <span class='ocrx_word' id='word_1_530' title='bbox 2912 1614 3237 1696; x_wconf 84' lang='lat' dir='ltr'><strong>admonet,</strong></span> <span class='ocrx_word' id='word_1_531' title='bbox 3301 1623 3368 1680; x_wconf 89' lang='lat' dir='ltr'><strong>et</strong></span> <span class='ocrx_word' id='word_1_532' title='bbox 3432 1617 3689 1684; x_wconf 84' lang='lat' dir='ltr'><strong>miseris</strong></span> <span class='ocrx_word' id='word_1_533' title='bbox 3753 1641 3826 1685; x_wconf 90' lang='lat' dir='ltr'><strong>os</strong></span> <span class='ocrx_word' id='word_1_534' title='bbox 3892 1623 4104 1705; x_wconf 86' lang='lat' dir='ltr'><strong>aperit</strong></span> <span class='ocrx_word' id='word_1_535' title='bbox 4167 1643 4297 1708; x_wconf 88' lang='lat' dir='ltr'><strong>quo</strong></span> 
     </span>
     <span class='ocr_line' id='line_1_73' title="bbox 2365 1699 4300 1776; baseline 0.005 -9"><span class='ocrx_word' id='word_1_536' title='bbox 2365 1711 2860 1767; x_wconf 87' lang='lat' dir='ltr'><strong>convertantur:</strong></span> <span class='ocrx_word' id='word_1_537' title='bbox 2929 1701 3042 1767; x_wconf 90' lang='lat' dir='ltr'><strong>sed</strong></span> <span class='ocrx_word' id='word_1_538' title='bbox 3122 1699 3372 1767; x_wconf 89' lang='lat' dir='ltr'><strong>frustra</strong></span> <span class='ocrx_word' id='word_1_539' title='bbox 3448 1703 3664 1769; x_wconf 88' lang='lat' dir='ltr'><strong>surdis</strong></span> <span class='ocrx_word' id='word_1_540' title='bbox 3742 1707 4022 1772; x_wconf 88' lang='lat' dir='ltr'><strong>canitur.</strong></span> <span class='ocrx_word' id='word_1_541' title='bbox 4125 1709 4300 1776; x_wconf 83' lang='lat' dir='ltr'><strong>Nam</strong></span> 
     </span>
     <span class='ocr_line' id='line_1_74' title="bbox 2367 1788 4299 1874; baseline 0.006 -23"><span class='ocrx_word' id='word_1_542' title='bbox 2367 1808 2503 1851; x_wconf 90' lang='lat' dir='ltr'><strong>una</strong></span> <span class='ocrx_word' id='word_1_543' title='bbox 2583 1788 2705 1852; x_wconf 91' lang='lat' dir='ltr'><strong>hoo</strong></span> <span class='ocrx_word' id='word_1_544' title='bbox 2776 1788 2905 1852; x_wconf 91' lang='lat' dir='ltr'><strong>illis</strong></span> <span class='ocrx_word' id='word_1_545' title='bbox 2966 1808 3151 1853; x_wconf 90' lang='lat' dir='ltr'><strong>mens</strong></span> <span class='ocrx_word' id='word_1_546' title='bbox 3229 1796 3363 1866; x_wconf 87' lang='lat' dir='ltr'><strong>est,</strong></span> <span class='ocrx_word' id='word_1_547' title='bbox 3428 1789 3552 1856; x_wconf 89' lang='lat' dir='ltr'><strong>hoc</strong></span> <span class='ocrx_word' id='word_1_548' title='bbox 3630 1791 3921 1874; x_wconf 89' lang='lat' dir='ltr'><strong>ipsorum</strong></span> <span class='ocrx_word' id='word_1_549' title='bbox 4006 1794 4299 1863; x_wconf 90' lang='lat' dir='ltr'><strong>studium</strong></span> 
     </span>
     <span class='ocr_line' id='line_1_75' title="bbox 2365 1874 4300 1960; baseline 0.006 -23"><span class='ocrx_word' id='word_1_550' title='bbox 2365 1884 2496 1953; x_wconf 92' lang='lat' dir='ltr'><strong>est,</strong></span> <span class='ocrx_word' id='word_1_551' title='bbox 2576 1883 2652 1938; x_wconf 92' lang='lat' dir='ltr'><strong>ut</strong></span> <span class='ocrx_word' id='word_1_552' title='bbox 2716 1874 3091 1954; x_wconf 90' lang='lat' dir='ltr'><strong>superstitio</strong></span> <span class='ocrx_word' id='word_1_553' title='bbox 3168 1895 3302 1939; x_wconf 88' lang='lat' dir='ltr'><strong>non</strong></span> <span class='ocrx_word' id='word_1_554' title='bbox 3384 1874 3576 1939; x_wconf 91' lang='lat' dir='ltr'><strong>modo</strong></span> <span class='ocrx_word' id='word_1_555' title='bbox 3654 1889 3950 1960; x_wconf 89' lang='lat' dir='ltr'><strong>maneat,</strong></span> <span class='ocrx_word' id='word_1_556' title='bbox 4038 1879 4151 1946; x_wconf 91' lang='lat' dir='ltr'><strong>sed</strong></span> <span class='ocrx_word' id='word_1_557' title='bbox 4222 1889 4300 1948; x_wconf 87' lang='lat' dir='ltr'><strong>nt</strong></span> 
     </span>
     <span class='ocr_line' id='line_1_76' title="bbox 2366 1958 4299 2042; baseline 0.005 -19"><span class='ocrx_word' id='word_1_558' title='bbox 2366 1959 2564 2023; x_wconf 90' lang='lat' dir='ltr'><strong>etiam</strong></span> <span class='ocrx_word' id='word_1_559' title='bbox 2652 1971 3002 2042; x_wconf 85' lang='lat' dir='ltr'><strong>augeatur,</strong></span> <span class='ocrx_word' id='word_1_560' title='bbox 3081 1967 3152 2023; x_wconf 88' lang='lat' dir='ltr'><strong>et</strong></span> <span class='ocrx_word' id='word_1_561' title='bbox 3217 1958 3711 2026; x_wconf 79' lang='lat' dir='ltr'><strong>vehementiore</strong></span> <span class='ocrx_word' id='word_1_562' title='bbox 3774 1964 3915 2030; x_wconf 81' lang='lat' dir='ltr'><strong>zelo</strong></span> <span class='ocrx_word' id='word_1_563' title='bbox 3990 1965 4058 2031; x_wconf 92' lang='lat' dir='ltr'><strong>in</strong></span> <span class='ocrx_word' id='word_1_564' title='bbox 4138 1965 4299 2033; x_wconf 91' lang='lat' dir='ltr'><strong>idoli</strong></span> 
     </span>
     <span class='ocr_line' id='line_1_77' title="bbox 2365 2043 4298 2121; baseline 0.006 -12"><span class='ocrx_word' id='word_1_565' title='bbox 2365 2045 2617 2109; x_wconf 89' lang='lat' dir='ltr'><strong>cultum</strong></span> <span class='ocrx_word' id='word_1_566' title='bbox 2676 2044 2995 2109; x_wconf 80' lang='lat' dir='ltr'><strong>ferantur.</strong></span> <span class='ocrx_word' id='word_1_567' title='bbox 3098 2043 3209 2112; x_wconf 84' lang='lat' dir='ltr'><strong>Sic</strong></span> <span class='ocrx_word' id='word_1_568' title='bbox 3268 2046 3492 2112; x_wconf 79' lang='lat' dir='ltr'><strong>videas</strong></span> <span class='ocrx_word' id='word_1_569' title='bbox 3555 2051 3823 2114; x_wconf 89' lang='lat' dir='ltr'><strong>miseros</strong></span> <span class='ocrx_word' id='word_1_570' title='bbox 3876 2049 4025 2118; x_wconf 91' lang='lat' dir='ltr'><strong>illos</strong></span> <span class='ocrx_word' id='word_1_571' title='bbox 4088 2053 4298 2121; x_wconf 88' lang='lat' dir='ltr'><strong>nostri</strong></span> 
     </span>
     <span class='ocr_line' id='line_1_78' title="bbox 2367 2130 4298 2205; baseline 0.005 -9"><span class='ocrx_word' id='word_1_572' title='bbox 2367 2131 2607 2197; x_wconf 83' lang='lat' dir='ltr'><strong>saeculi</strong></span> <span class='ocrx_word' id='word_1_573' title='bbox 2680 2130 3080 2196; x_wconf 83' lang='lat' dir='ltr'><strong>sacrificulos</strong></span> <span class='ocrx_word' id='word_1_574' title='bbox 3161 2141 3346 2197; x_wconf 85' lang='lat' dir='ltr'><strong>tanto</strong></span> <span class='ocrx_word' id='word_1_575' title='bbox 3432 2132 3646 2199; x_wconf 89' lang='lat' dir='ltr'><strong>studio</strong></span> <span class='ocrx_word' id='word_1_576' title='bbox 3723 2135 3790 2200; x_wconf 91' lang='lat' dir='ltr'><strong>in</strong></span> <span class='ocrx_word' id='word_1_577' title='bbox 3885 2149 4298 2205; x_wconf 91' lang='lat' dir='ltr'><strong>crustaceum</strong></span> 
     </span>
     <span class='ocr_line' id='line_1_79' title="bbox 2366 2216 4297 2306; baseline 0.005 -24"><span class='ocrx_word' id='word_1_578' title='bbox 2366 2238 2560 2282; x_wconf 90' lang='lat' dir='ltr'><strong>suum</strong></span> <span class='ocrx_word' id='word_1_579' title='bbox 2619 2216 2865 2281; x_wconf 82' lang='lat' dir='ltr'><strong>idolum</strong></span> <span class='ocrx_word' id='word_1_580' title='bbox 2921 2217 3097 2296; x_wconf 83' lang='lat' dir='ltr'><strong>ferri,</strong></span> <span class='ocrx_word' id='word_1_581' title='bbox 3158 2225 3238 2281; x_wconf 91' lang='lat' dir='ltr'><strong>ut</strong></span> <span class='ocrx_word' id='word_1_582' title='bbox 3294 2217 3351 2284; x_wconf 89' lang='lat' dir='ltr'><strong>si</strong></span> <span class='ocrx_word' id='word_1_583' title='bbox 3411 2218 3577 2283; x_wconf 81' lang='lat' dir='ltr'><strong>forte</strong></span> <span class='ocrx_word' id='word_1_584' title='bbox 3641 2221 3822 2286; x_wconf 83' lang='lat' dir='ltr'><strong>venti</strong></span> <span class='ocrx_word' id='word_1_585' title='bbox 3883 2223 4098 2306; x_wconf 92' lang='lat' dir='ltr'><strong>aliquo</strong></span> <span class='ocrx_word' id='word_1_586' title='bbox 4173 2227 4297 2291; x_wconf 91' lang='lat' dir='ltr'><strong>im-</strong></span> 
     </span>
     <span class='ocr_line' id='line_1_80' title="bbox 2366 2301 4295 2389; baseline 0.007 -24"><span class='ocrx_word' id='word_1_587' title='bbox 2366 2312 2522 2385; x_wconf 91' lang='lat' dir='ltr'><strong>petu</strong></span> <span class='ocrx_word' id='word_1_588' title='bbox 2577 2301 2911 2368; x_wconf 90' lang='lat' dir='ltr'><strong>sublatum</strong></span> <span class='ocrx_word' id='word_1_589' title='bbox 2972 2301 3135 2367; x_wconf 85' lang='lat' dir='ltr'><strong>illud</strong></span> <span class='ocrx_word' id='word_1_590' title='bbox 3195 2303 3301 2380; x_wconf 90' lang='lat' dir='ltr'><strong>sit,</strong></span> <span class='ocrx_word' id='word_1_591' title='bbox 3369 2302 3647 2371; x_wconf 88' lang='lat' dir='ltr'><strong>decretis</strong></span> <span class='ocrx_word' id='word_1_592' title='bbox 3711 2309 4295 2389; x_wconf 86' lang='lat' dir='ltr'><strong>supplicationibus</strong></span> 
     </span>
     <span class='ocr_line' id='line_1_81' title="bbox 2364 2388 4298 2474; baseline 0.006 -22"><span class='ocrx_word' id='word_1_593' title='bbox 2364 2389 2579 2455; x_wconf 89' lang='lat' dir='ltr'><strong>locum</strong></span> <span class='ocrx_word' id='word_1_594' title='bbox 2624 2390 2692 2453; x_wconf 92' lang='lat' dir='ltr'><strong>in</strong></span> <span class='ocrx_word' id='word_1_595' title='bbox 2740 2410 2930 2471; x_wconf 89' lang='lat' dir='ltr'><strong>quem</strong></span> <span class='ocrx_word' id='word_1_596' title='bbox 2978 2388 3307 2465; x_wconf 89' lang='lat' dir='ltr'><strong>deciderit,</strong></span> <span class='ocrx_word' id='word_1_597' title='bbox 3360 2389 3670 2457; x_wconf 85' lang='lat' dir='ltr'><strong>adhibitis</strong></span> <span class='ocrx_word' id='word_1_598' title='bbox 3714 2395 4033 2474; x_wconf 86' lang='lat' dir='ltr'><strong>crucibus,</strong></span> <span class='ocrx_word' id='word_1_599' title='bbox 4093 2398 4298 2463; x_wconf 90' lang='lat' dir='ltr'><strong>cereis</strong></span> 
     </span>
     <span class='ocr_line' id='line_1_82' title="bbox 2365 2474 4300 2551; baseline 0.005 -12"><span class='ocrx_word' id='word_1_600' title='bbox 2365 2474 2766 2551; x_wconf 84' lang='lat' dir='ltr'><strong>ardentibus,</strong></span> <span class='ocrx_word' id='word_1_601' title='bbox 2832 2484 2900 2538; x_wconf 89' lang='lat' dir='ltr'><strong>et</strong></span> <span class='ocrx_word' id='word_1_602' title='bbox 2956 2474 3181 2540; x_wconf 88' lang='lat' dir='ltr'><strong>multis</strong></span> <span class='ocrx_word' id='word_1_603' title='bbox 3240 2475 3388 2540; x_wconf 90' lang='lat' dir='ltr'><strong>aliis</strong></span> <span class='ocrx_word' id='word_1_604' title='bbox 3446 2477 3808 2542; x_wconf 85' lang='lat' dir='ltr'><strong>istiusmodi</strong></span> <span class='ocrx_word' id='word_1_605' title='bbox 3874 2483 4300 2549; x_wconf 89' lang='lat' dir='ltr'><strong>caeremoniis</strong></span> 
     </span>
     <span class='ocr_line' id='line_1_83' title="bbox 2369 2561 4301 2648; baseline 0.005 -23"><span class='ocrx_word' id='word_1_606' title='bbox 2369 2561 2726 2643; x_wconf 87' lang='lat' dir='ltr'><strong>requirant,</strong></span> <span class='ocrx_word' id='word_1_607' title='bbox 2770 2568 2836 2624; x_wconf 89' lang='lat' dir='ltr'><strong>et</strong></span> <span class='ocrx_word' id='word_1_608' title='bbox 2873 2561 3231 2641; x_wconf 82' lang='lat' dir='ltr'><strong>inventum,</strong></span> <span class='ocrx_word' id='word_1_609' title='bbox 3278 2563 3475 2627; x_wconf 91' lang='lat' dir='ltr'><strong>etiam</strong></span> <span class='ocrx_word' id='word_1_610' title='bbox 3512 2583 3658 2629; x_wconf 88' lang='lat' dir='ltr'><strong>raso</strong></span> <span class='ocrx_word' id='word_1_611' title='bbox 3699 2563 3933 2648; x_wconf 90' lang='lat' dir='ltr'><strong>lapide,</strong></span> <span class='ocrx_word' id='word_1_612' title='bbox 3977 2567 4301 2637; x_wconf 81' lang='lat' dir='ltr'><strong>auferant.</strong></span> 
     </span>
     <span class='ocr_line' id='line_1_84' title="bbox 2370 2646 4299 2738; baseline 0.005 -26"><span class='ocrx_word' id='word_1_613' title='bbox 2370 2649 2467 2712; x_wconf 86' lang='lat' dir='ltr'><strong>Ao</strong></span> <span class='ocrx_word' id='word_1_614' title='bbox 2511 2668 2627 2729; x_wconf 89' lang='lat' dir='ltr'><strong>per</strong></span> <span class='ocrx_word' id='word_1_615' title='bbox 2684 2646 2951 2712; x_wconf 87' lang='lat' dir='ltr'><strong>biduum</strong></span> <span class='ocrx_word' id='word_1_616' title='bbox 3014 2647 3197 2712; x_wconf 91' lang='lat' dir='ltr'><strong>locus</strong></span> <span class='ocrx_word' id='word_1_617' title='bbox 3252 2647 3365 2711; x_wconf 88' lang='lat' dir='ltr'><strong>ille</strong></span> <span class='ocrx_word' id='word_1_618' title='bbox 3425 2655 3528 2712; x_wconf 89' lang='lat' dir='ltr'><strong>est</strong></span> <span class='ocrx_word' id='word_1_619' title='bbox 3572 2650 3978 2731; x_wconf 85' lang='lat' dir='ltr'><strong>salutandus,</strong></span> <span class='ocrx_word' id='word_1_620' title='bbox 4024 2663 4091 2718; x_wconf 91' lang='lat' dir='ltr'><strong>et</strong></span> <span class='ocrx_word' id='word_1_621' title='bbox 4131 2655 4299 2738; x_wconf 87' lang='lat' dir='ltr'><strong>lapis</strong></span> 
     </span>
     <span class='ocr_line' id='line_1_85' title="bbox 2367 2730 4299 2816; baseline 0.006 -21"><span class='ocrx_word' id='word_1_622' title='bbox 2367 2732 2521 2816; x_wconf 88' lang='lat' dir='ltr'><strong>igne</strong></span> <span class='ocrx_word' id='word_1_623' title='bbox 2566 2730 2975 2809; x_wconf 88' lang='lat' dir='ltr'><strong>cremandus,</strong></span> <span class='ocrx_word' id='word_1_624' title='bbox 3034 2733 3220 2798; x_wconf 89' lang='lat' dir='ltr'><strong>cuius</strong></span> <span class='ocrx_word' id='word_1_625' title='bbox 3263 2733 3517 2800; x_wconf 89' lang='lat' dir='ltr'><strong>cineres</strong></span> <span class='ocrx_word' id='word_1_626' title='bbox 3562 2735 3814 2801; x_wconf 88' lang='lat' dir='ltr'><strong>collecti</strong></span> <span class='ocrx_word' id='word_1_627' title='bbox 3859 2738 3930 2801; x_wconf 90' lang='lat' dir='ltr'><strong>in</strong></span> <span class='ocrx_word' id='word_1_628' title='bbox 3976 2759 4096 2805; x_wconf 83' lang='lat' dir='ltr'><strong>vas</strong></span> <span class='ocrx_word' id='word_1_629' title='bbox 4133 2741 4299 2807; x_wconf 89' lang='lat' dir='ltr'><strong>bene</strong></span> 
     </span>
     <span class='ocr_line' id='line_1_86' title="bbox 2367 2819 4348 2906; baseline 0.004 -22"><span class='ocrx_word' id='word_1_630' title='bbox 2367 2820 2660 2884; x_wconf 82' lang='lat' dir='ltr'><strong>clausum</strong></span> <span class='ocrx_word' id='word_1_631' title='bbox 2705 2819 3169 2894; x_wconf 81' lang='lat' dir='ltr'><strong>immittant-ur,</strong></span> <span class='ocrx_word' id='word_1_632' title='bbox 3215 2827 3284 2882; x_wconf 92' lang='lat' dir='ltr'><strong>et</strong></span> <span class='ocrx_word' id='word_1_633' title='bbox 3325 2822 3396 2884; x_wconf 91' lang='lat' dir='ltr'><strong>in</strong></span> <span class='ocrx_word' id='word_1_634' title='bbox 3439 2819 3578 2884; x_wconf 89' lang='lat' dir='ltr'><strong>loco</strong></span> <span class='ocrx_word' id='word_1_635' title='bbox 3635 2842 3820 2886; x_wconf 89' lang='lat' dir='ltr'><strong>sacro</strong></span> <span class='ocrx_word' id='word_1_636' title='bbox 3878 2835 4295 2906; x_wconf 88' lang='lat' dir='ltr'><strong>reponantur.</strong></span> <span class='ocrx_word' id='word_1_637' title='bbox 4341 2829 4348 2838; x_wconf 89' lang='lat'>&#39;</span> 
     </span>
     <span class='ocr_line' id='line_1_87' title="bbox 2368 2902 4300 2987; baseline 0.005 -20"><span class='ocrx_word' id='word_1_638' title='bbox 2368 2903 2544 2985; x_wconf 80' lang='lat' dir='ltr'><strong>Quid</strong></span> <span class='ocrx_word' id='word_1_639' title='bbox 2605 2902 2741 2968; x_wconf 78' lang='lat' dir='ltr'><strong>ita?</strong></span> <span class='ocrx_word' id='word_1_640' title='bbox 2810 2903 3079 2987; x_wconf 85' lang='lat' dir='ltr'><strong>Nempe,</strong></span> <span class='ocrx_word' id='word_1_641' title='bbox 3136 2904 3342 2987; x_wconf 88' lang='lat' dir='ltr'><strong>aiunt,</strong></span> <span class='ocrx_word' id='word_1_642' title='bbox 3400 2903 3568 2986; x_wconf 92' lang='lat' dir='ltr'><strong>quod</strong></span> <span class='ocrx_word' id='word_1_643' title='bbox 3627 2905 3755 2971; x_wconf 92' lang='lat' dir='ltr'><strong>Dei</strong></span> <span class='ocrx_word' id='word_1_644' title='bbox 3812 2922 4300 2977; x_wconf 87' lang='lat' dir='ltr'><strong>sacrosanctum</strong></span> 
     </span>
     <span class='ocr_line' id='line_1_88' title="bbox 2365 2988 4296 3079; baseline 0.004 -25"><span class='ocrx_word' id='word_1_645' title='bbox 2365 3010 2601 3072; x_wconf 89' lang='lat' dir='ltr'><strong>corpus</strong></span> <span class='ocrx_word' id='word_1_646' title='bbox 2617 2990 2925 3072; x_wconf 87' lang='lat' dir='ltr'><strong>attigerit.</strong></span> <span class='ocrx_word' id='word_1_647' title='bbox 2963 2988 3226 3070; x_wconf 80' lang='lat' dir='ltr'><strong>Quanta</strong></span> <span class='ocrx_word' id='word_1_648' title='bbox 3248 2991 3554 3056; x_wconf 88' lang='lat' dir='ltr'><strong>caecitas!</strong></span> <span class='ocrx_word' id='word_1_649' title='bbox 3580 3003 3861 3074; x_wconf 88' lang='lat' dir='ltr'><strong>quantus</strong></span> <span class='ocrx_word' id='word_1_650' title='bbox 3885 2995 4010 3058; x_wconf 88' lang='lat' dir='ltr'><strong>iste</strong></span> <span class='ocrx_word' id='word_1_651' title='bbox 4032 2997 4296 3079; x_wconf 83' lang='lat' dir='ltr'><strong>stupori</strong></span> 
     </span>
     <span class='ocr_line' id='line_1_89' title="bbox 2368 3076 4298 3164; baseline 0.003 -23"><span class='ocrx_word' id='word_1_652' title='bbox 2368 3076 2514 3141; x_wconf 90' lang='lat' dir='ltr'><strong>Non</strong></span> <span class='ocrx_word' id='word_1_653' title='bbox 2571 3077 2691 3139; x_wconf 83' lang='lat' dir='ltr'><strong>soli</strong></span> <span class='ocrx_word' id='word_1_654' title='bbox 2756 3076 2979 3157; x_wconf 89' lang='lat' dir='ltr'><strong>itaque</strong></span> <span class='ocrx_word' id='word_1_655' title='bbox 3040 3076 3380 3141; x_wconf 88' lang='lat' dir='ltr'><strong>Philistaei</strong></span> <span class='ocrx_word' id='word_1_656' title='bbox 3440 3078 3634 3155; x_wconf 89' lang='lat' dir='ltr'><strong>caeci,</strong></span> <span class='ocrx_word' id='word_1_657' title='bbox 3695 3099 3826 3142; x_wconf 90' lang='lat' dir='ltr'><strong>non</strong></span> <span class='ocrx_word' id='word_1_658' title='bbox 3885 3080 4008 3144; x_wconf 88' lang='lat' dir='ltr'><strong>soli</strong></span> <span class='ocrx_word' id='word_1_659' title='bbox 4051 3082 4298 3164; x_wconf 88' lang='lat' dir='ltr'><strong>stupidi</strong></span> 
     </span>
     <span class='ocr_line' id='line_1_90' title="bbox 2369 3161 4298 3245; baseline 0.004 -19"><span class='ocrx_word' id='word_1_660' title='bbox 2369 3174 2433 3226; x_wconf 90' lang='lat' dir='ltr'><strong>et</strong></span> <span class='ocrx_word' id='word_1_661' title='bbox 2477 3172 2790 3236; x_wconf 82' lang='lat' dir='ltr'><strong>amentes,</strong></span> <span class='ocrx_word' id='word_1_662' title='bbox 2855 3181 2930 3226; x_wconf 91' lang='lat' dir='ltr'><strong>ac</strong></span> <span class='ocrx_word' id='word_1_663' title='bbox 2985 3161 3189 3226; x_wconf 83' lang='lat' dir='ltr'><strong>falsae</strong></span> <span class='ocrx_word' id='word_1_664' title='bbox 3228 3162 3562 3245; x_wconf 83' lang='lat' dir='ltr'><strong>religionis</strong></span> <span class='ocrx_word' id='word_1_665' title='bbox 3604 3172 3671 3227; x_wconf 91' lang='lat' dir='ltr'><strong>et</strong></span> <span class='ocrx_word' id='word_1_666' title='bbox 3714 3163 3861 3228; x_wconf 83' lang='lat' dir='ltr'><strong>falsi</strong></span> <span class='ocrx_word' id='word_1_667' title='bbox 3907 3166 4123 3232; x_wconf 90' lang='lat' dir='ltr'><strong>cultus</strong></span> <span class='ocrx_word' id='word_1_668' title='bbox 4167 3168 4298 3234; x_wconf 86' lang='lat' dir='ltr'><strong>fas·</strong></span> 
     </span>
     <span class='ocr_line' id='line_1_91' title="bbox 2367 3247 4300 3336; baseline 0.004 -25"><span class='ocrx_word' id='word_1_669' title='bbox 2367 3247 2517 3313; x_wconf 88' lang='lat' dir='ltr'><strong>cino</strong></span> <span class='ocrx_word' id='word_1_670' title='bbox 2562 3247 2917 3311; x_wconf 89' lang='lat' dir='ltr'><strong>dementati</strong></span> <span class='ocrx_word' id='word_1_671' title='bbox 2963 3247 3251 3312; x_wconf 79' lang='lat' dir='ltr'><strong>Satanae</strong></span> <span class='ocrx_word' id='word_1_672' title='bbox 3296 3258 3464 3323; x_wconf 85' lang='lat' dir='ltr'><strong>astu,</strong></span> <span class='ocrx_word' id='word_1_673' title='bbox 3508 3249 3621 3331; x_wconf 89' lang='lat' dir='ltr'><strong>qui</strong></span> <span class='ocrx_word' id='word_1_674' title='bbox 3666 3250 3922 3315; x_wconf 86' lang='lat' dir='ltr'><strong>miseris</strong></span> <span class='ocrx_word' id='word_1_675' title='bbox 3958 3255 4300 3336; x_wconf 76' lang='lat' dir='ltr'><strong>tyrannice</strong></span> 
     </span>
     <span class='ocr_line' id='line_1_92' title="bbox 2370 3333 4299 3417; baseline 0.004 -20"><span class='ocrx_word' id='word_1_676' title='bbox 2370 3333 2762 3409; x_wconf 88' lang='lat' dir='ltr'><strong>dominatur,</strong></span> <span class='ocrx_word' id='word_1_677' title='bbox 2811 3344 2878 3397; x_wconf 92' lang='lat' dir='ltr'><strong>et</strong></span> <span class='ocrx_word' id='word_1_678' title='bbox 2922 3333 2984 3397; x_wconf 84' lang='lat' dir='ltr'><strong>vi</strong></span> <span class='ocrx_word' id='word_1_679' title='bbox 3031 3354 3373 3416; x_wconf 88' lang='lat' dir='ltr'><strong>oppressos</strong></span> <span class='ocrx_word' id='word_1_680' title='bbox 3416 3334 3688 3417; x_wconf 89' lang='lat' dir='ltr'><strong>imperio</strong></span> <span class='ocrx_word' id='word_1_681' title='bbox 3733 3356 3849 3400; x_wconf 89' lang='lat' dir='ltr'><strong>suo</strong></span> <span class='ocrx_word' id='word_1_682' title='bbox 3893 3344 3960 3401; x_wconf 89' lang='lat' dir='ltr'><strong>et</strong></span> <span class='ocrx_word' id='word_1_683' title='bbox 4004 3338 4299 3405; x_wconf 89' lang='lat' dir='ltr'><strong>domina·</strong></span> 
     </span>
     <span class='ocr_line' id='line_1_93' title="bbox 2368 3418 4299 3500; baseline 0.005 -18"><span class='ocrx_word' id='word_1_684' title='bbox 2368 3421 2567 3500; x_wconf 90' lang='lat' dir='ltr'><strong>tione,</strong></span> <span class='ocrx_word' id='word_1_685' title='bbox 2632 3418 2804 3482; x_wconf 89' lang='lat' dir='ltr'><strong>iusto</strong></span> <span class='ocrx_word' id='word_1_686' title='bbox 2866 3418 2989 3483; x_wconf 93' lang='lat' dir='ltr'><strong>Dei</strong></span> <span class='ocrx_word' id='word_1_687' title='bbox 3033 3419 3289 3498; x_wconf 90' lang='lat' dir='ltr'><strong>iudicio,</strong></span> <span class='ocrx_word' id='word_1_688' title='bbox 3348 3430 3617 3486; x_wconf 88' lang='lat' dir='ltr'><strong>coercet.</strong></span> <span class='ocrx_word' id='word_1_689' title='bbox 3707 3420 4299 3492; x_wconf 80' lang='lat' dir='ltr'><strong>Verumenimvero</strong></span> 
     </span>
     <span class='ocr_line' id='line_1_94' title="bbox 2369 3504 4300 3591; baseline 0.004 -22"><span class='ocrx_word' id='word_1_690' title='bbox 2369 3504 2682 3588; x_wconf 90' lang='lat' dir='ltr'><strong>quidquid</strong></span> <span class='ocrx_word' id='word_1_691' title='bbox 2729 3504 3083 3569; x_wconf 90' lang='lat' dir='ltr'><strong>moliantur</strong></span> <span class='ocrx_word' id='word_1_692' title='bbox 3125 3506 3236 3569; x_wconf 91' lang='lat' dir='ltr'><strong>isti</strong></span> <span class='ocrx_word' id='word_1_693' title='bbox 3283 3504 3642 3584; x_wconf 90' lang='lat' dir='ltr'><strong>Philistaei,</strong></span> <span class='ocrx_word' id='word_1_694' title='bbox 3701 3525 4050 3591; x_wconf 88' lang='lat' dir='ltr'><strong>agnoscere</strong></span> <span class='ocrx_word' id='word_1_695' title='bbox 4095 3520 4162 3575; x_wconf 88' lang='lat' dir='ltr'><strong>et</strong></span> <span class='ocrx_word' id='word_1_696' title='bbox 4204 3514 4300 3577; x_wconf 84' lang='lat' dir='ltr'><strong>fa-</strong></span> 
     </span>
     <span class='ocr_line' id='line_1_95' title="bbox 2370 3589 4300 3675; baseline 0.004 -20"><span class='ocrx_word' id='word_1_697' title='bbox 2370 3592 2492 3655; x_wconf 89' lang='lat' dir='ltr'><strong>teri</strong></span> <span class='ocrx_word' id='word_1_698' title='bbox 2540 3605 2867 3672; x_wconf 76' lang='lat' dir='ltr'><strong>coguntur</strong></span> <span class='ocrx_word' id='word_1_699' title='bbox 2906 3591 3118 3654; x_wconf 88' lang='lat' dir='ltr'><strong>Deum</strong></span> <span class='ocrx_word' id='word_1_700' title='bbox 3160 3590 3427 3656; x_wconf 80' lang='lat' dir='ltr'><strong>Israelis</strong></span> <span class='ocrx_word' id='word_1_701' title='bbox 3464 3589 3739 3675; x_wconf 84' lang='lat' dir='ltr'><strong>Dagone</strong></span> <span class='ocrx_word' id='word_1_702' title='bbox 3773 3614 3892 3657; x_wconf 87' lang='lat' dir='ltr'><strong>suo</strong></span> <span class='ocrx_word' id='word_1_703' title='bbox 3925 3596 4300 3662; x_wconf 85' lang='lat' dir='ltr'><strong>fortiorem:</strong></span> 
     </span>
     <span class='ocr_line' id='line_1_96' title="bbox 2368 3676 4304 3750; baseline 0.005 -10"><span class='ocrx_word' id='word_1_704' title='bbox 2368 3678 2569 3740; x_wconf 91' lang='lat' dir='ltr'><strong>immo</strong></span> <span class='ocrx_word' id='word_1_705' title='bbox 2616 3679 2844 3740; x_wconf 89' lang='lat' dir='ltr'><strong>duram</strong></span> <span class='ocrx_word' id='word_1_706' title='bbox 2892 3676 3036 3740; x_wconf 88' lang='lat' dir='ltr'><strong>eius</strong></span> <span class='ocrx_word' id='word_1_707' title='bbox 3080 3697 3222 3740; x_wconf 88' lang='lat' dir='ltr'><strong>esse</strong></span> <span class='ocrx_word' id='word_1_708' title='bbox 3268 3698 3536 3740; x_wconf 90' lang='lat' dir='ltr'><strong>manum</strong></span> <span class='ocrx_word' id='word_1_709' title='bbox 3581 3691 3807 3743; x_wconf 88' lang='lat' dir='ltr'><strong>contra</strong></span> <span class='ocrx_word' id='word_1_710' title='bbox 3851 3699 3922 3744; x_wconf 89' lang='lat' dir='ltr'><strong>se</strong></span> <span class='ocrx_word' id='word_1_711' title='bbox 3965 3692 4031 3746; x_wconf 91' lang='lat' dir='ltr'><strong>et</strong></span> <span class='ocrx_word' id='word_1_712' title='bbox 4075 3696 4304 3750; x_wconf 87' lang='lat' dir='ltr'><strong>contra</strong></span> 
     </span>
     <span class='ocr_line' id='line_1_97' title="bbox 2368 3761 4302 3844; baseline 0.004 -16"><span class='ocrx_word' id='word_1_713' title='bbox 2368 3783 2559 3828; x_wconf 86' lang='lat' dir='ltr'><strong>suum</strong></span> <span class='ocrx_word' id='word_1_714' title='bbox 2622 3762 2812 3825; x_wconf 90' lang='lat' dir='ltr'><strong>deum</strong></span> <span class='ocrx_word' id='word_1_715' title='bbox 2861 3761 3222 3844; x_wconf 83' lang='lat' dir='ltr'><strong>Dagonem.</strong></span> <span class='ocrx_word' id='word_1_716' title='bbox 3312 3762 3503 3827; x_wconf 89' lang='lat' dir='ltr'><strong>Unde</strong></span> <span class='ocrx_word' id='word_1_717' title='bbox 3561 3763 4081 3832; x_wconf 85' lang='lat' dir='ltr'><strong>animadvertere</strong></span> <span class='ocrx_word' id='word_1_718' title='bbox 4149 3770 4302 3836; x_wconf 89' lang='lat' dir='ltr'><strong>licet</strong></span> 
     </span>
     <span class='ocr_line' id='line_1_98' title="bbox 2368 3846 4299 3931; baseline 0.006 -20"><span class='ocrx_word' id='word_1_719' title='bbox 2368 3871 2561 3931; x_wconf 88' lang='lat' dir='ltr'><strong>quam</strong></span> <span class='ocrx_word' id='word_1_720' title='bbox 2607 3859 2840 3931; x_wconf 86' lang='lat' dir='ltr'><strong>potens</strong></span> <span class='ocrx_word' id='word_1_721' title='bbox 2886 3848 3085 3924; x_wconf 87' lang='lat' dir='ltr'><strong>Deus,</strong></span> <span class='ocrx_word' id='word_1_722' title='bbox 3130 3848 3241 3929; x_wconf 90' lang='lat' dir='ltr'><strong>qui</strong></span> <span class='ocrx_word' id='word_1_723' title='bbox 3284 3846 3482 3911; x_wconf 86' lang='lat' dir='ltr'><strong>talem</strong></span> <span class='ocrx_word' id='word_1_724' title='bbox 3528 3850 4002 3917; x_wconf 86' lang='lat' dir='ltr'><strong>confessionem</strong></span> <span class='ocrx_word' id='word_1_725' title='bbox 4049 3853 4130 3919; x_wconf 91' lang='lat' dir='ltr'><strong>de</strong></span> <span class='ocrx_word' id='word_1_726' title='bbox 4172 3856 4299 3921; x_wconf 87' lang='lat' dir='ltr'><strong>ini-</strong></span> 
     </span>
     <span class='ocr_line' id='line_1_99' title="bbox 2369 3933 4296 4023; baseline 0.006 -26"><span class='ocrx_word' id='word_1_727' title='bbox 2369 3955 2649 4016; x_wconf 86' lang='lat' dir='ltr'><strong>quorum</strong></span> <span class='ocrx_word' id='word_1_728' title='bbox 2698 3954 2808 3997; x_wconf 91' lang='lat' dir='ltr'><strong>ore</strong></span> <span class='ocrx_word' id='word_1_729' title='bbox 2855 3944 3221 4016; x_wconf 83' lang='lat' dir='ltr'><strong>extorquet,</strong></span> <span class='ocrx_word' id='word_1_730' title='bbox 3267 3946 3333 3996; x_wconf 88' lang='lat' dir='ltr'><strong>et</strong></span> <span class='ocrx_word' id='word_1_731' title='bbox 3371 3933 3640 3999; x_wconf 87' lang='lat' dir='ltr'><strong>consilia</strong></span> <span class='ocrx_word' id='word_1_732' title='bbox 3676 3956 3750 4000; x_wconf 91' lang='lat' dir='ltr'><strong>ao</strong></span> <span class='ocrx_word' id='word_1_733' title='bbox 3795 3937 3964 4002; x_wconf 87' lang='lat' dir='ltr'><strong>facta</strong></span> <span class='ocrx_word' id='word_1_734' title='bbox 4007 3940 4296 4023; x_wconf 88' lang='lat' dir='ltr'><strong>ipsorum</strong></span> 
     </span>
     <span class='ocr_line' id='line_1_100' title="bbox 2369 4018 4298 4109; baseline 0.005 -25"><span class='ocrx_word' id='word_1_735' title='bbox 2369 4032 2631 4103; x_wconf 90' lang='lat' dir='ltr'><strong>praeter</strong></span> <span class='ocrx_word' id='word_1_736' title='bbox 2687 4021 3055 4102; x_wconf 83' lang='lat' dir='ltr'><strong>opinionem</strong></span> <span class='ocrx_word' id='word_1_737' title='bbox 3116 4021 3182 4083; x_wconf 91' lang='lat' dir='ltr'><strong>in</strong></span> <span class='ocrx_word' id='word_1_738' title='bbox 3243 4018 3444 4083; x_wconf 88' lang='lat' dir='ltr'><strong>alium</strong></span> <span class='ocrx_word' id='word_1_739' title='bbox 3492 4023 3707 4098; x_wconf 87' lang='lat' dir='ltr'><strong>finem,</strong></span> <span class='ocrx_word' id='word_1_740' title='bbox 3769 4044 4005 4108; x_wconf 87' lang='lat' dir='ltr'><strong>nempe</strong></span> <span class='ocrx_word' id='word_1_741' title='bbox 4048 4027 4298 4109; x_wconf 87' lang='lat' dir='ltr'><strong>gloriae</strong></span> 
     </span>
     <span class='ocr_line' id='line_1_101' title="bbox 2370 4106 4298 4190; baseline 0.005 -20"><span class='ocrx_word' id='word_1_742' title='bbox 2370 4107 2492 4171; x_wconf 89' lang='lat' dir='ltr'><strong>Dei</strong></span> <span class='ocrx_word' id='word_1_743' title='bbox 2540 4108 3094 4190; x_wconf 82' lang='lat' dir='ltr'><strong>propagationem,</strong></span> <span class='ocrx_word' id='word_1_744' title='bbox 3152 4106 3503 4170; x_wconf 86' lang='lat' dir='ltr'><strong>convertit.</strong></span> <span class='ocrx_word' id='word_1_745' title='bbox 3592 4107 3843 4190; x_wconf 88' lang='lat' dir='ltr'><strong>Nempe</strong></span> <span class='ocrx_word' id='word_1_746' title='bbox 3895 4111 4068 4175; x_wconf 88' lang='lat' dir='ltr'><strong>Deus</strong></span> <span class='ocrx_word' id='word_1_747' title='bbox 4113 4115 4298 4180; x_wconf 86' lang='lat' dir='ltr'><strong>novit</strong></span> 
     </span>
     <span class='ocr_line' id='line_1_102' title="bbox 2370 4190 4296 4278; baseline 0.006 -24"><span class='ocrx_word' id='word_1_748' title='bbox 2370 4192 2579 4256; x_wconf 88' lang='lat' dir='ltr'><strong>lucem</strong></span> <span class='ocrx_word' id='word_1_749' title='bbox 2619 4215 2697 4255; x_wconf 88' lang='lat' dir='ltr'><strong>ex</strong></span> <span class='ocrx_word' id='word_1_750' title='bbox 2737 4192 3021 4255; x_wconf 66' lang='lat' dir='ltr'><strong>tenebris</strong></span> <span class='ocrx_word' id='word_1_751' title='bbox 3056 4190 3348 4256; x_wconf 84' lang='lat' dir='ltr'><strong>educere.</strong></span> <span class='ocrx_word' id='word_1_752' title='bbox 3422 4190 3616 4270; x_wconf 78' lang='lat' dir='ltr'><strong>Quod</strong></span> <span class='ocrx_word' id='word_1_753' title='bbox 3656 4193 3762 4258; x_wconf 91' lang='lat' dir='ltr'><strong>hic</strong></span> <span class='ocrx_word' id='word_1_754' title='bbox 3799 4206 4068 4278; x_wconf 88' lang='lat' dir='ltr'><strong>apparet</strong></span> <span class='ocrx_word' id='word_1_755' title='bbox 4107 4199 4296 4266; x_wconf 85' lang='lat' dir='ltr'><strong>valde</strong></span> 
     </span>
     <span class='ocr_line' id='line_1_103' title="bbox 2368 4275 4295 4364; baseline 0.004 -22"><span class='ocrx_word' id='word_1_756' title='bbox 2368 4282 2727 4363; x_wconf 77' lang='lat' dir='ltr'><strong>perspicue.</strong></span> <span class='ocrx_word' id='word_1_757' title='bbox 2816 4275 2986 4340; x_wconf 89' lang='lat' dir='ltr'><strong>Nam</strong></span> <span class='ocrx_word' id='word_1_758' title='bbox 3047 4278 3099 4341; x_wconf 91' lang='lat' dir='ltr'><strong>si</strong></span> <span class='ocrx_word' id='word_1_759' title='bbox 3163 4298 3285 4339; x_wconf 91' lang='lat' dir='ltr'><strong>non</strong></span> <span class='ocrx_word' id='word_1_760' title='bbox 3348 4278 3649 4343; x_wconf 82' lang='lat' dir='ltr'><strong>invectus</strong></span> <span class='ocrx_word' id='word_1_761' title='bbox 3707 4293 3879 4344; x_wconf 88' lang='lat' dir='ltr'><strong>esset</strong></span> <span class='ocrx_word' id='word_1_762' title='bbox 3937 4285 4057 4346; x_wconf 89' lang='lat' dir='ltr'><strong>iste</strong></span> <span class='ocrx_word' id='word_1_763' title='bbox 4102 4285 4295 4364; x_wconf 89' lang='lat' dir='ltr'><strong>ritus,</strong></span> 
     </span>
     <span class='ocr_line' id='line_1_104' title="bbox 2368 4363 4299 4451; baseline 0.004 -23"><span class='ocrx_word' id='word_1_764' title='bbox 2368 4375 2435 4428; x_wconf 88' lang='lat' dir='ltr'><strong>et</strong></span> <span class='ocrx_word' id='word_1_765' title='bbox 2480 4366 2535 4428; x_wconf 89' lang='lat' dir='ltr'><strong>si</strong></span> <span class='ocrx_word' id='word_1_766' title='bbox 2584 4363 2921 4427; x_wconf 86' lang='lat' dir='ltr'><strong>Philistaei</strong></span> <span class='ocrx_word' id='word_1_767' title='bbox 2981 4363 3357 4425; x_wconf 84' lang='lat' dir='ltr'><strong>memoriam</strong></span> <span class='ocrx_word' id='word_1_768' title='bbox 3407 4382 3634 4428; x_wconf 87' lang='lat' dir='ltr'><strong>eorum</strong></span> <span class='ocrx_word' id='word_1_769' title='bbox 3681 4384 3845 4446; x_wconf 90' lang='lat' dir='ltr'><strong>quae</strong></span> <span class='ocrx_word' id='word_1_770' title='bbox 3890 4368 4299 4451; x_wconf 87' lang='lat' dir='ltr'><strong>contigerant</strong></span> 
     </span>
     <span class='ocr_line' id='line_1_105' title="bbox 2366 4446 4297 4532; baseline 0.004 -19"><span class='ocrx_word' id='word_1_771' title='bbox 2366 4451 2626 4514; x_wconf 83' lang='lat' dir='ltr'><strong>silentio</strong></span> <span class='ocrx_word' id='word_1_772' title='bbox 2646 4449 3033 4527; x_wconf 84' lang='lat' dir='ltr'><strong>obruissent,</strong></span> <span class='ocrx_word' id='word_1_773' title='bbox 3059 4446 3388 4529; x_wconf 85' lang='lat' dir='ltr'><strong>fractaque</strong></span> <span class='ocrx_word' id='word_1_774' title='bbox 3416 4447 3706 4532; x_wconf 86' lang='lat' dir='ltr'><strong>Dagonis</strong></span> <span class='ocrx_word' id='word_1_775' title='bbox 3725 4449 4017 4517; x_wconf 87' lang='lat' dir='ltr'><strong>membra</strong></span> <span class='ocrx_word' id='word_1_776' title='bbox 4042 4466 4297 4520; x_wconf 88' lang='lat' dir='ltr'><strong>restau-</strong></span> 
     </span>
     <span class='ocr_line' id='line_1_106' title="bbox 2369 4535 4291 4614; baseline 0.003 -13"><span class='ocrx_word' id='word_1_777' title='bbox 2369 4545 2622 4601; x_wconf 87' lang='lat' dir='ltr'><strong>rassent</strong></span> <span class='ocrx_word' id='word_1_778' title='bbox 2667 4536 2810 4599; x_wconf 91' lang='lat' dir='ltr'><strong>sine</strong></span> <span class='ocrx_word' id='word_1_779' title='bbox 2854 4535 3332 4614; x_wconf 82' lang='lat' dir='ltr'><strong>superstitione.</strong></span> <span class='ocrx_word' id='word_1_780' title='bbox 3380 4535 3654 4600; x_wconf 86' lang='lat' dir='ltr'><strong>fortasse</strong></span> <span class='ocrx_word' id='word_1_781' title='bbox 3699 4537 3790 4599; x_wconf 89' lang='lat' dir='ltr'><strong>rei</strong></span> <span class='ocrx_word' id='word_1_782' title='bbox 3833 4538 4018 4604; x_wconf 87' lang='lat' dir='ltr'><strong>istius</strong></span> <span class='ocrx_word' id='word_1_783' title='bbox 4060 4561 4291 4608; x_wconf 89' lang='lat' dir='ltr'><strong>memo-</strong></span> 
     </span>
     <span class='ocr_line' id='line_1_107' title="bbox 2367 4619 4298 4702; baseline 0.004 -16"><span class='ocrx_word' id='word_1_784' title='bbox 2367 4623 2468 4687; x_wconf 86' lang='lat' dir='ltr'><strong>ria</strong></span> <span class='ocrx_word' id='word_1_785' title='bbox 2511 4635 2745 4702; x_wconf 87' lang='lat' dir='ltr'><strong>sponte</strong></span> <span class='ocrx_word' id='word_1_786' title='bbox 2782 4619 3187 4684; x_wconf 79' lang='lat' dir='ltr'><strong>concidisset.</strong></span> <span class='ocrx_word' id='word_1_787' title='bbox 3261 4620 3427 4683; x_wconf 88' lang='lat' dir='ltr'><strong>Nam</strong></span> <span class='ocrx_word' id='word_1_788' title='bbox 3467 4623 3586 4684; x_wconf 88' lang='lat' dir='ltr'><strong>etsi</strong></span> <span class='ocrx_word' id='word_1_789' title='bbox 3626 4642 3866 4685; x_wconf 88' lang='lat' dir='ltr'><strong>novum</strong></span> <span class='ocrx_word' id='word_1_790' title='bbox 3906 4635 3974 4687; x_wconf 89' lang='lat' dir='ltr'><strong>et</strong></span> <span class='ocrx_word' id='word_1_791' title='bbox 4009 4625 4298 4694; x_wconf 84' lang='lat' dir='ltr'><strong>insolens</strong></span> 
     </span>
     <span class='ocr_line' id='line_1_108' title="bbox 2363 4704 4294 4791; baseline 0.004 -19"><span class='ocrx_word' id='word_1_792' title='bbox 2363 4708 2444 4773; x_wconf 88' lang='lat' dir='ltr'><strong>ad</strong></span> <span class='ocrx_word' id='word_1_793' title='bbox 2511 4705 2898 4771; x_wconf 77' lang='lat' dir='ltr'><strong>miraculum</strong></span> <span class='ocrx_word' id='word_1_794' title='bbox 2943 4726 3146 4786; x_wconf 85' lang='lat' dir='ltr'><strong>usque</strong></span> <span class='ocrx_word' id='word_1_795' title='bbox 3212 4706 3452 4770; x_wconf 84' lang='lat' dir='ltr'><strong>factum</strong></span> <span class='ocrx_word' id='word_1_796' title='bbox 3521 4704 3693 4769; x_wconf 85' lang='lat' dir='ltr'><strong>istud</strong></span> <span class='ocrx_word' id='word_1_797' title='bbox 3752 4717 3910 4785; x_wconf 90' lang='lat' dir='ltr'><strong>erat,</strong></span> <span class='ocrx_word' id='word_1_798' title='bbox 3976 4711 4294 4791; x_wconf 89' lang='lat' dir='ltr'><strong>paulatim</strong></span> 
     </span>
     <span class='ocr_line' id='line_1_109' title="bbox 2369 4790 4295 4874; baseline 0.005 -16"><span class='ocrx_word' id='word_1_799' title='bbox 2369 4807 2587 4859; x_wconf 86' lang='lat' dir='ltr'><strong>tamen</strong></span> <span class='ocrx_word' id='word_1_800' title='bbox 2644 4795 3040 4874; x_wconf 87' lang='lat' dir='ltr'><strong>sempiterna</strong></span> <span class='ocrx_word' id='word_1_801' title='bbox 3097 4791 3382 4855; x_wconf 84' lang='lat' dir='ltr'><strong>deletum</strong></span> <span class='ocrx_word' id='word_1_802' title='bbox 3439 4790 3761 4856; x_wconf 84' lang='lat' dir='ltr'><strong>oblivione</strong></span> <span class='ocrx_word' id='word_1_803' title='bbox 3827 4794 4069 4861; x_wconf 83' lang='lat' dir='ltr'><strong>fuisset.</strong></span> <span class='ocrx_word' id='word_1_804' title='bbox 4162 4797 4295 4867; x_wconf 85' lang='lat' dir='ltr'><strong>Sed</strong></span> 
     </span>
     <span class='ocr_line' id='line_1_110' title="bbox 2372 4878 4296 4960; baseline 0.004 -15"><span class='ocrx_word' id='word_1_805' title='bbox 2372 4880 2748 4945; x_wconf 76' lang='lat' dir='ltr'><strong>philistaeis</strong></span> <span class='ocrx_word' id='word_1_806' title='bbox 2819 4879 2997 4941; x_wconf 87' lang='lat' dir='ltr'><strong>Deus</strong></span> <span class='ocrx_word' id='word_1_807' title='bbox 3063 4889 3372 4958; x_wconf 84' lang='lat' dir='ltr'><strong>tanquam</strong></span> <span class='ocrx_word' id='word_1_808' title='bbox 3441 4878 3668 4941; x_wconf 89' lang='lat' dir='ltr'><strong>scribis</strong></span> <span class='ocrx_word' id='word_1_809' title='bbox 3735 4889 3802 4942; x_wconf 87' lang='lat' dir='ltr'><strong>et</strong></span> <span class='ocrx_word' id='word_1_810' title='bbox 3874 4885 4296 4960; x_wconf 85' lang='lat' dir='ltr'><strong>praeconibus</strong></span> 
     </span>
     <span class='ocr_line' id='line_1_111' title="bbox 2369 4961 4300 5056; baseline 0.005 -26"><span class='ocrx_word' id='word_1_811' title='bbox 2369 4968 2580 5031; x_wconf 88' lang='lat' dir='ltr'><strong>utitur</strong></span> <span class='ocrx_word' id='word_1_812' title='bbox 2635 4963 2716 5028; x_wconf 89' lang='lat' dir='ltr'><strong>ad</strong></span> <span class='ocrx_word' id='word_1_813' title='bbox 2780 4964 2973 5027; x_wconf 89' lang='lat' dir='ltr'><strong>huius</strong></span> <span class='ocrx_word' id='word_1_814' title='bbox 3033 4961 3179 5026; x_wconf 76' lang='lat' dir='ltr'><strong>facti</strong></span> <span class='ocrx_word' id='word_1_815' title='bbox 3230 4964 3608 5025; x_wconf 87' lang='lat' dir='ltr'><strong>memoriam</strong></span> <span class='ocrx_word' id='word_1_816' title='bbox 3654 4964 3721 5025; x_wconf 91' lang='lat' dir='ltr'><strong>in</strong></span> <span class='ocrx_word' id='word_1_817' title='bbox 3767 4985 3991 5030; x_wconf 86' lang='lat' dir='ltr'><strong>omnes</strong></span> <span class='ocrx_word' id='word_1_818' title='bbox 4035 4981 4300 5056; x_wconf 85' lang='lat' dir='ltr'><strong>aetates,</strong></span> 
     </span>
     <span class='ocr_line' id='line_1_112' title="bbox 2370 5048 4301 5142; baseline 0.002 -25"><span class='ocrx_word' id='word_1_819' title='bbox 2370 5065 2434 5117; x_wconf 90' lang='lat' dir='ltr'><strong>et</strong></span> <span class='ocrx_word' id='word_1_820' title='bbox 2478 5053 2860 5116; x_wconf 85' lang='lat' dir='ltr'><strong>universum</strong></span> <span class='ocrx_word' id='word_1_821' title='bbox 2909 5061 3230 5113; x_wconf 81' lang='lat' dir='ltr'><strong>terrarum</strong></span> <span class='ocrx_word' id='word_1_822' title='bbox 3276 5048 3495 5110; x_wconf 89' lang='lat' dir='ltr'><strong>orbem</strong></span> <span class='ocrx_word' id='word_1_823' title='bbox 3545 5051 4045 5131; x_wconf 77' lang='lat' dir='ltr'><strong>propagandam,</strong></span> <span class='ocrx_word' id='word_1_824' title='bbox 4084 5056 4301 5142; x_wconf 86' lang='lat' dir='ltr'><strong>Dago-</strong></span> 
     </span>
     <span class='ocr_line' id='line_1_113' title="bbox 2370 5132 4299 5223; baseline -0.002 -21"><span class='ocrx_word' id='word_1_825' title='bbox 2370 5160 2515 5203; x_wconf 89' lang='lat' dir='ltr'><strong>nem</strong></span> <span class='ocrx_word' id='word_1_826' title='bbox 2560 5138 2869 5201; x_wconf 83' lang='lat' dir='ltr'><strong>nimirum</strong></span> <span class='ocrx_word' id='word_1_827' title='bbox 2910 5134 3152 5197; x_wconf 88' lang='lat' dir='ltr'><strong>idolum</strong></span> <span class='ocrx_word' id='word_1_828' title='bbox 3177 5132 3337 5196; x_wconf 89' lang='lat' dir='ltr'><strong>illud</strong></span> <span class='ocrx_word' id='word_1_829' title='bbox 3373 5133 3631 5214; x_wconf 84' lang='lat' dir='ltr'><strong>insigne</strong></span> <span class='ocrx_word' id='word_1_830' title='bbox 3657 5135 3900 5198; x_wconf 86' lang='lat' dir='ltr'><strong>victum</strong></span> <span class='ocrx_word' id='word_1_831' title='bbox 3925 5149 3991 5202; x_wconf 88' lang='lat' dir='ltr'><strong>et</strong></span> <span class='ocrx_word' id='word_1_832' title='bbox 4013 5157 4299 5223; x_wconf 77' lang='lat' dir='ltr'><strong>prostra-</strong></span> 
     </span>
     <span class='ocr_line' id='line_1_114' title="bbox 2371 5219 4299 5307; baseline 0.006 -19"><span class='ocrx_word' id='word_1_833' title='bbox 2371 5235 2512 5290; x_wconf 90' lang='lat' dir='ltr'><strong>tum</strong></span> <span class='ocrx_word' id='word_1_834' title='bbox 2558 5226 2638 5289; x_wconf 92' lang='lat' dir='ltr'><strong>ab</strong></span> <span class='ocrx_word' id='word_1_835' title='bbox 2703 5222 3152 5288; x_wconf 83' lang='lat' dir='ltr'><strong>Israelitarum</strong></span> <span class='ocrx_word' id='word_1_836' title='bbox 3220 5220 3384 5283; x_wconf 91' lang='lat' dir='ltr'><strong>Deo.</strong></span> <span class='ocrx_word' id='word_1_837' title='bbox 3472 5219 3840 5286; x_wconf 87' lang='lat' dir='ltr'><strong>Praecones</strong></span> <span class='ocrx_word' id='word_1_838' title='bbox 3887 5222 4089 5307; x_wconf 88' lang='lat' dir='ltr'><strong>igitur</strong></span> <span class='ocrx_word' id='word_1_839' title='bbox 4153 5252 4299 5298; x_wconf 87' lang='lat' dir='ltr'><strong>esse</strong></span> 
     </span>
    </p>
   </div>
   <div class='ocr_carea' id='block_1_8' title="bbox 3818 5322 3888 5378">
    <p class='ocr_par' dir='ltr' id='par_1_8' title="bbox 3818 5322 3888 5378">
     <span class='ocr_line' id='line_1_115' title="bbox 3818 5322 3888 5378; baseline 0 0"><span class='ocrx_word' id='word_1_840' title='bbox 3818 5322 3888 5378; x_wconf 80' lang='lat'><strong>29</strong></span> 
     </span>
    </p>
   </div>
  </div>
 </body>
</html>
