5059 6059
303 321 410 392 649

298 519 505 599 genter
543 506 984 587 efferentibus,
1030 517 1099 572 et
1141 505 1313 572 nibil
1357 505 1482 572 uisi
1526 507 1917 590 sanguinem
1955 507 2212 589 spiran-

300 599 467 672 tibus,
527 591 607 658 ad
674 591 893 660 Deum
961 613 1328 676 assurgere,
1394 592 1677 658 scientes
1743 592 1895 660 illos
1961 615 1998 658 a
2065 592 2212 660 Deo

298 679 539 765 impelli,
599 687 677 746 ut
728 678 1143 761 iniquitatem
1204 695 1393 746 suam
1453 678 1535 744 ad
1578 678 2020 746 maturitatem
2067 699 2213 761 per-

298 771 543 835 ducant:
612 773 688 832 ut
754 785 954 848 quum
1023 762 1104 832 ad
1171 759 1506 832 cumulum
1574 766 1997 848 pervenerint
2060 786 2211 832 cum

292 856 514 921 maiore
545 850 794 933 impetu
831 849 1285 929 deturbantur,
1321 861 1386 916 et
1422 850 1493 916 in
1530 860 1897 918 extremum
1934 851 2211 916 exitium

294 937 657 1024 praecipites
714 935 972 1003 dentur.
1064 935 1246 1016 Quin
1290 936 1491 1002 etiam
1535 957 1842 1004 arcanam
1886 937 2021 1003 Dei
2064 958 2215 1020 pro-

288 1023 627 1093 videntiam
672 1020 782 1088 hic
825 1020 1245 1096 admiremur,
1288 1023 1729 1104 permittentis
1776 1031 1850 1087 ut
1892 1023 2085 1106 impii
2121 1023 2215 1089 sic

289 1117 715 1185 excaecentur,
785 1117 865 1174 ut
923 1107 1161 1192 spiritu
1230 1108 1468 1174 furoris
1531 1108 1820 1191 impulsi,
1882 1109 2011 1192 ,ipsi
2066 1129 2214 1174 sese

284 1200 347 1263 in
424 1195 687 1278 laqueos
766 1194 955 1260 exitii
1033 1193 1138 1260 sni
1168 1192 1181 1208 ‘
1217 1193 1517 1260 induant.
1603 1193 1929 1277 Equidem
2006 1195 2214 1260 fateor

283 1282 592 1349 diabolum
653 1281 725 1344 in
770 1279 902 1345 illis
944 1300 1173 1364 agere,
1239 1288 1304 1345 et
1340 1279 1425 1344 ad
1473 1280 1639 1347 haee
1679 1279 1935 1363 flagitia
1974 1279 2211 1346 sollici-

284 1382 439 1434 tare:
492 1363 610 1432 sed
677 1375 897 1431 tamen
954 1366 1085 1432 ista
1143 1366 1365 1432 omnia
1418 1363 1630 1431 divini
1689 1366 1979 1434 numinis
2034 1367 2210 1432 iusto

278 1453 523 1526 iudicio,
576 1451 737 1517 licet
778 1451 969 1517 nobis
1012 1450 1674 1534 incomprehensibili,
1720 1459 1940 1518 tamen
1984 1454 2209 1520 certis·

276 1541 431 1607 simo
506 1538 650 1622 regi
730 1545 800 1603 et
877 1538 1322 1604 administrari
1387 1539 1572 1604 nobis
1637 1558 1782 1606 esse
1827 1559 2210 1622 persuasum

270 1633 528 1710 oportet.
602 1623 828 1705 Quare
872 1644 1075 1705 quum
1120 1623 1357 1706 impios
1400 1632 1468 1689 et
1510 1624 1869 1708 flagitiosos
1913 1624 2211 1694 homines

274 1711 557 1778 videmus
603 1709 764 1775 adeo
809 1709 1049 1785 efferri,
1095 1719 1172 1776 ut
1216 1708 1381 1776 nihil
1429 1710 1556 1776 nisi
1602 1710 1814 1778 minas
1857 1709 2208 1791 intentent,

271 1809 330 1864 et
372 1798 540 1862 ferro
587 1817 665 1861 ac
706 1796 990 1860 flammis
1036 1796 1255 1859 omnia
1301 1796 1625 1861 vastaturi
1672 1795 2035 1874 videantur,
2080 1797 2208 1864 sci-

270 1904 446 1948 amus
487 1903 606 1947 eos
643 1903 683 1946 a
718 1881 974 1947 diabolo
1010 1880 1257 1963 impelli
1299 1891 1365 1945 et
1400 1881 1695 1949 incitari:
1740 1881 1855 1950 sed
1892 1891 2208 1966 tanquam

264 1969 636 2034 divinorum
682 1968 1075 2032 indiciorum
1121 1966 1528 2047 administro,
1572 1967 1743 2050 quod
1790 1989 1830 2034 a
1871 1968 2017 2034 Deo
2065 1968 2208 2034 vin-

262 2058 465 2121 ciatur
509 2065 587 2119 ut
635 2053 797 2118 nihil
844 2054 990 2118 sine
1019 2073 1138 2118 suo
1185 2053 1507 2136 permissu
1549 2055 1759 2137 possit
1801 2075 2202 2137 promovere.

263 2141 432 2207 Hinc
509 2140 673 2205 illae
756 2140 824 2204 in
891 2139 1094 2204 sacris
1158 2139 1505 2221 seripturis
1571 2141 1850 2206 usitatae
1915 2138 2206 2223 phrases,

258 2228 459 2294 Deum
510 2225 727 2292 hostes
784 2224 1121 2304 inebriare,
1193 2225 1428 2305 spiritu
1489 2226 1817 2310 vertiyim’e
1863 2231 2202 2307 parentem,

256 2313 499 2381 calicem
539 2311 803 2394 furoris
838 2311 931 2376 eis
963 2311 1337 2391 propinare,
1396 2331 1579 2392 quem
1636 2312 1723 2378 ad
1761 2311 1964 2393 faeces
2007 2333 2207 2395 usqae

250 2398 509 2478 ebibant,
580 2397 747 2463 adeo
803 2407 879 2462 ut
934 2396 1326 2462 furiosorum
1388 2398 1598 2464 instar
1656 2406 1901 2464 temere
1943 2398 2205 2482 quidvis

251 2484 749 2570 aggrediantur,
823 2491 890 2548 et
961 2482 1260 2565 quemvis
1319 2481 1721 2548 adoriantur.
1809 2483 1947 2550 Nos
2002 2484 2205 2569 igitur

246 2570 403 2636 haec
490 2589 637 2634 non
722 2568 1107 2654 ignorantes
1186 2567 1515 2634 discamus
1599 2569 1818 2635 Deum
1892 2569 2205 2636 invocare

246 2669 425 2722 tanto
483 2656 747 2721 maiore
802 2652 1175 2721 constantia
1230 2663 1297 2719 et
1340 2652 1754 2734 confidentia,
1820 2676 1948 2739 quo
1991 2655 2204 2740 magis

242 2740 460 2809 hostes
523 2744 754 2807 furere
797 2739 1183 2818 videbimus,
1242 2749 1309 2805 et
1351 2739 1559 2806 instar
1598 2740 1888 2808 ferarum
1931 2743 2203 2826 quaevis

242 2829 534 2894 claustra
624 2836 695 2892 et
772 2826 1087 2911 repagula
1152 2825 1595 2910 confringere:
1684 2837 1878 2911 atque
1945 2840 2202 2912 tempus

238 2913 654 2980 confusionis
710 2920 779 2978 et
836 2912 1018 2978 exitii
1076 2912 1370 2995 ipsorum
1416 2932 1493 2977 eo
1533 2913 1804 2996 propius
1848 2935 1989 2982 esse
2033 2915 2201 2982 scia·

238 3021 384 3066 mus
429 3022 570 3084 quo
615 2998 868 3064 maiore
914 3000 1132 3063 furore
1171 2997 1584 3066 aestuabunt.
1675 3001 1892 3083 Atque
1928 2999 2199 3081 dignum

238 3097 339 3152 est
410 3084 608 3152 istud
682 3084 981 3169 diligenti
1053 3082 1530 3150 observatione.
1617 3085 1789 3150 Nam
1847 3085 2202 3154 incredulis

232 3193 421 3237 suam
484 3171 747 3237 rabiem
805 3169 1363 3253 despumantibus,
1420 3168 1582 3237 adeo
1625 3171 2008 3256 plerumque
2049 3194 2199 3256 per·

232 3258 542 3323 cellimur
579 3269 661 3322 ut
696 3255 777 3322 de
814 3256 1001 3322 nobie
1030 3266 1250 3320 actum
1278 3255 1601 3335 videatur,
1638 3267 1709 3323 et
1730 3266 1916 3324 tanta
1937 3279 2198 3342 praeoc-

228 3364 566 3427 cupemur
618 3343 1092 3425 desperatione,
1159 3349 1234 3405 ut
1276 3340 1651 3410 divinarum
1697 3345 2201 3427 promissionum

233 3445 504 3510 gustum
548 3428 817 3495 nullum
857 3428 1233 3502 habeamus,
1279 3427 1661 3511 nullamque
1693 3429 2202 3497 consolationem

228 3515 714 3582 admittamus:
793 3535 1048 3598 nempe,
1121 3510 1295 3595 quod
1352 3512 1658 3580 innatum
1717 3516 1955 3582 vitium
2010 3515 2202 3583 nobis

226 3603 611 3668 foveamus.
705 3600 843 3666 Sed
899 3609 1127 3665 contra
1182 3597 1517 3667 sciendum
1579 3607 1682 3666 est
1723 3600 2089 3667 furentibus
2131 3602 2201 3668 in

223 3686 401 3755 hunc
474 3686 765 3753 modum
825 3685 1161 3769 improbis,
1232 3703 1364 3749 non
1422 3686 1649 3769 procul
1708 3709 1850 3754 esse
1907 3685 2202 3754 divinam

220 3774 637 3851 vindictam,
685 3794 852 3855 quae
901 3772 1001 3838 vel
1045 3771 1291 3839 invitos
1332 3782 1658 3839 coerceat:
1706 3773 1815 3839 vel
1857 3774 1998 3857 ipso
2036 3781 2201 3840 teste

217 3857 620 3940 Salomone,
682 3880 882 3942 quum
942 3859 1034 3923 ait
1089 3876 1239 3922 eum
1281 3859 1394 3941 qui
1453 3858 1656 3925 altam
1715 3858 1875 3926 facit
1933 3858 2198 3925 domum

216 3967 405 4012 suam
458 3947 717 4011 ruinae
760 3967 917 4011 suae
953 3945 1327 4028 proximum
1362 3966 1526 4011 esse.
1587 3945 1737 4027 Qua
1770 3945 2199 4012 similitudine

211 4042 277 4097 et
314 4033 734 4117 loquutione
771 4030 1218 4113 metaphorica
1253 4030 1537 4097 ostendit
1570 4052 1683 4097 eos
1719 4030 1833 4115 qui
1860 4030 2197 4098 domorum

208 4141 495 4184 suarum
568 4118 749 4183 atria
805 4127 873 4182 et
932 4118 1220 4200 porticus
1275 4117 1612 4200 ampliant,
1670 4128 1749 4182 ut
1800 4117 1999 4202 regiis
2052 4117 2199 4184 illas

206 4205 488 4271 aedibus
560 4204 968 4286 adaequent,
1027 4211 1096 4268 et
1153 4206 1391 4270 mirum
1452 4206 1517 4268 in
1578 4201 1841 4268 modum
1889 4224 2198 4270 ranarum

202 4292 421 4357 instar
474 4291 841 4367 inflantur,
887 4287 1160 4373 perinde
1201 4292 1435 4370 facere,
1478 4310 1555 4355 ac
1589 4289 1645 4355 si
1680 4289 2001 4356 cuniculis
2035 4289 2199 4357 actis

200 4375 443 4443 domos
510 4395 685 4442 suas
745 4375 1188 4442 deturbarent.
1277 4376 1463 4442 Haec
1506 4396 1625 4441 nos
1670 4375 1907 4442 animis
1952 4377 2198 4444 nostris

196 4464 509 4545 penitius
572 4462 970 4544 infigamus,
1029 4469 1097 4526 et
1136 4461 1462 4528 Ezechiae
1507 4461 1806 4545 exemplo
1852 4461 2198 4540 discamus,

197 4549 515 4615 furentes
586 4558 667 4613 et
715 4547 1105 4614 ferocientes
1163 4548 1387 4613 hostes
1438 4568 1481 4612 a
1534 4546 1678 4613 Deo
1736 4548 1877 4631 ipso
1928 4547 2196 4631 impelli,

198 4647 271 4700 nt
318 4658 401 4703 se
450 4637 663 4719 ipsos
708 4634 777 4697 in
820 4633 1098 4699 exitium
1160 4634 1321 4705 dent
1376 4633 1786 4717 praecipites,
1855 4642 1921 4699 et
1988 4634 2199 4717 magis

194 4722 633 4788 accelerent.
726 4719 898 4784 Nam
973 4719 1326 4786 Ezechiam
1400 4718 1697 4786 videmus
1753 4740 1957 4802 quum
2021 4719 2199 4785 Rab-

192 4808 400 4876 sakes
476 4816 596 4874 tot
666 4805 1081 4871 contumeliis
1148 4817 1217 4871 et
1280 4805 1595 4872 conviciis
1653 4803 1949 4871 divinam
1997 4806 2199 4871 maie-

188 4905 445 4960 statem
536 4892 871 4968 laesisset,
947 4891 1103 4956 inde
1167 4892 1566 4958 occasionem
1627 4891 1921 4973 accipere
1978 4890 2197 4957 Deum

188 4999 345 5045 cum
394 4980 690 5045 maiore
736 4975 971 5043 fidncia
1016 4976 1395 5043 invocandi:
1460 4977 1561 5042 Tu
1602 4975 1899 5055 Domine,
1960 4977 2194 5060 inquit,

180 5066 311 5132 has
388 5083 641 5133 ornnes
713 5064 848 5145 ipse
912 5064 1144 5129 novisti
1197 5064 1627 5130 contumelias.
1717 5062 1940 5145 Quare
1999 5064 2192 5145 agite,

182 5155 753 5235 quotiescunque
837 5151 1189 5214 immanem
1279 5149 1569 5216 hostium
1651 5149 1998 5215 adversum
2079 5171 2195 5214 nos

174 5241 523 5308 ferociam
590 5235 835 5320 augeri
877 5235 1426 5318 conspexerimus,
1494 5237 1561 5300 in
1605 5235 1733 5302 Dei
1777 5242 2195 5318 conspectum

1598 317 1697 383 IN
1742 316 1799 382 Ι.
1843 317 2024 386 LIB.
2073 314 2478 388 SAMUEL.
2523 318 2724 388 OAP.
2767 319 2893 386 XI.

4140 322 4270 390 650

2316 506 2500 576 illam
2574 506 2806 576 venire
2869 506 3172 592 sciamus,
3238 529 3314 576 ac
3377 507 3654 584 iniurias
3709 517 3776 576 et
3830 509 4265 578 contumelias

2318 614 2566 673 omnes,
2608 603 2805 678 atque
2839 596 3001 662 adeo
3035 593 3438 664 crudelitatis
3472 615 3672 664 omne
3702 616 3913 680 genus
3945 597 4020 661 in
4055 597 4265 680 ipsius

2318 679 2526 746 veluti
2568 681 3070 750 commentarios
3111 680 3363 762 referri,
3407 702 3482 748 ac
3516 681 3909 750 sententiam
3935 681 4263 752 adversus

2316 764 2461 832 illes
2526 764 2764 848 parari,
2846 768 3162 850 quamdin
3222 788 3377 838 sues
3442 766 3807 850 triumphos
3857 775 4105 851 egunt:
4186 790 4263 840 ac

2312 851 2630 918 maiorem
2689 851 2820 918 illis
2878 853 3225 922 imminere
3281 853 3748 932 confusionem,
3829 874 3957 936 quo
4014 854 4263 924 maiore

2317 958 2462 1004 cum
2496 936 2787 1004 lieentia
2837 947 2905 1004 et
2955 939 3345 1006 crudelitate
3403 939 3755 1006 adversum
3811 960 3933 1005 nos
3975 941 4259 1024 grassati

2312 1019 2579 1090 fuerint.
2667 1022 2918 1092 Verum
2996 1025 3070 1091 in
3146 1047 3337 1096 usum
3402 1024 3780 1092 referendae
3843 1035 4004 1094 suut
4065 1047 4260 1125 prae·-

2313 1108 2528 1176 clarae
2570 1108 2643 1176 in
2687 1109 2891 1178 sacris
2937 1110 3283 1193 seripturis
3319 1109 3795 1180 admonitiones
3831 1109 3910 1177 de
3945 1112 4262 1194 pauentia

2316 1194 2382 1259 in
2424 1192 2725 1262 adversis
2769 1195 3111 1276 servanda,
3157 1206 3232 1262 ut
3265 1197 3524 1264 animas
3555 1206 3820 1264 nostras
3855 1217 3975 1280 per
4008 1199 4263 1281 patien-

2316 1280 2477 1346 tiam
2535 1288 2603 1347 et
2657 1279 2994 1350 silentium
3033 1282 3528 1366 possideamus:
3595 1283 3798 1354 donec
3851 1283 4259 1351 liberationis

2314 1378 2583 1434 nostrae
2638 1367 3070 1436 constitutum
3130 1391 3170 1435 a
3228 1368 3515 1436 Domino
3577 1376 3839 1452 tempus
3899 1371 4256 1438 advenerit.

2312 1451 2398 1521 In
2463 1450 2588 1520 hoc
2657 1450 2861 1533 igitur
2923 1454 3164 1522 intueri
3229 1476 3350 1524 nos
3413 1463 3695 1539 oportet,
3761 1464 3830 1524 et
3882 1465 4059 1522 certo
4113 1478 4259 1541 per-

2310 1557 2543 1605 suasos
2601 1536 2820 1604 Deum
2876 1559 3009 1605 non
3054 1561 3198 1610 esse
3241 1539 3448 1610 nostri
3491 1539 3788 1619 oblitum,
3849 1548 3916 1607 et
3961 1562 4045 1608 ne
4089 1543 4258 1612 ferre

2313 1621 2577 1707 quidem
2637 1623 2917 1692 inultam
2978 1645 3167 1709 posse
3225 1633 3477 1692 tantam
3523 1625 3808 1694 hostium
3852 1626 4122 1707 rabiem,
4189 1641 4256 1694 et

2310 1709 2793 1776 immanitatem
2865 1730 3016 1778 cum
3087 1732 3356 1780 suorum
3413 1733 3669 1778 summo
3728 1711 4039 1780 dedecore
4095 1734 4252 1780 con·

2308 1795 2622 1874 iunctam,
2665 1796 2883 1879 ipsum
2927 1795 3239 1864 invocas
3282 1797 3744 1876 indesinenter,
3801 1807 3872 1864 et
3914 1799 4072 1866 dum
4114 1798 4250 1885 cly-

2310 1901 2433 1965 peo
2490 1902 2613 1948 suo
2674 1889 2880 1948 tectos
2930 1881 3002 1948 in
3061 1883 3424 1952 libertatem
3483 1893 3733 1954 asserat
3774 1885 4100 1967 patienter
4143 1906 4251 1952 ex·

2309 1975 2624 2051 spectare.
2710 1967 2995 2035 Necesse
3072 1970 3246 2037 enim
3327 1979 3430 2036 est
3501 1969 3764 2053 impleri
3826 1969 3998 2053 quod
4064 1991 4252 2042 sacra

2307 2053 2437 2120 scri
2486 2061 2636 2122 tura
2679 2050 2884 2132 docet,
2940 2052 3153 2124 Deum
3197 2056 3403 2124 cados
3441 2056 3852 2138 amrbarum
3893 2055 4251 2141 humatam,

2306 2144 2366 2205 et
2405 2075 2600 2204 cautos
2642 2158 2717 2206 ac
2756 2138 3055 2222 superbos
3093 2140 3446 2225 deturbare,
3489 2147 3548 2207 et
3579 2143 3653 2208 in
3684 2162 3998 2210 summam
4027 2142 4247 2226 confu-

2304 2226 2542 2292 sionem
2572 2225 2952 2306 praecipites
2992 2226 3166 2294 dare.
3252 2227 3344 2294 Et
3385 2227 3466 2294 de
3504 2226 3651 2294 istis
3693 2227 4030 2295 hactenus.

2478 2309 2811 2394 Deinceps
2856 2313 3169 2395 sequitur,
3221 2312 3471 2382 incolas
3498 2312 3690 2380 Iabes
3713 2312 3970 2382 Galaad
4000 2321 4249 2398 septem

2308 2396 2564 2462 dierum
2621 2394 2915 2464 inducias
2958 2398 3256 2481 petiisse,
3321 2398 3528 2467 donec
3579 2400 3921 2468 mitterent
3979 2400 4249 2473 nuntios

2309 2482 2393 2549 ad
2452 2482 2796 2550 universos
2840 2484 3152 2552 terminos
3192 2481 3424 2567 Israel,
3483 2484 3808 2554 auxilium
3849 2505 3892 2549 a
3934 2486 4246 2556 fratribus

2307 2568 2609 2653 petituri:
2676 2576 2878 2651 atque
2931 2568 3064 2638 illis
3121 2582 3195 2635 ut
3251 2573 3582 2654 petierant
3634 2592 3675 2638 a
3719 2570 3787 2638 N
3789 2570 3988 2640 abaco
4047 2572 4248 2640 fuisse

2304 2673 2666 2722 concessas.
2755 2654 2935 2722 Hinc
2967 2664 3239 2739 apparet
3273 2657 3402 2724 Dei
3437 2656 3865 2741 providentia,
3901 2658 4017 2740 qui
4052 2657 4247 2728 corda

2305 2739 2747 2823 improborum
2807 2738 3151 2808 hominum
3209 2741 3304 2810 ita
3358 2742 3663 2826 possidet,
3723 2751 3798 2807 ιιι
3854 2742 4131 2820 inclinat
4171 2765 4248 2812 ea

2308 2846 2698 2910 quoeunque
2765 2825 3065 2911 voluerit,
3129 2828 3311 2894 sicut
3360 2828 3713 2895 divisiones
3771 2848 4107 2911 aquarum,
4174 2841 4250 2896 ιιι

2304 2911 2596 2996 loquitur
2633 2910 2944 2980 Salomon
2979 2913 3054 2978 in
3088 2912 3484 2986 Proverbiis.
3571 2915 3871 2998 Namque
3905 2915 3965 2979 N
3971 2914 4243 2983 abasum

2304 3007 2502 3065 antea
2547 2997 2833 3066 vidimus
2876 2999 3061 3065 miris
3101 3000 3313 3066 modis
3352 3001 3800 3070 ferocientem:
3847 3007 3916 3066 et
3957 3000 4109 3068 licet
4143 3001 4243 3066 in·

2303 3084 2484 3151 colae
2527 3082 2722 3152 labes
2763 3104 2907 3152 sese
2940 3083 3040 3150 illi
3079 3085 3321 3154 dedere
3365 3086 3572 3170 parati
3615 3095 3854 3162 essent,
3899 3086 4066 3152 nihil
4111 3085 4245 3154 nisi

2302 3169 2696 3254 sanguinem
2765 3168 2911 3236 sine
2966 3170 3329 3250 clementia,
3410 3173 3554 3242 sine
3608 3171 3745 3238 ulla
3797 3170 4247 3238 misericordia

2303 3255 2698 3340 spirantem:
2741 3256 2872 3322 iam
2921 3277 3078 3323 vere
3119 3260 3495 3341 permittere
3536 3257 3724 3324 illum
3763 3255 4062 3323 videmus
4098 3258 4247 3324 istis

2300 3341 2536 3410 incolis
2593 3350 2666 3408 ut
2721 3341 2793 3408 in
2856 3342 3199 3410 universos
3256 3343 3523 3414 Israelis
3568 3342 3883 3412 terminos
3927 3343 4247 3412 auxilium

2301 3448 2347 3493 a
2397 3425 2710 3494 fratribus
2766 3427 3039 3510 petituri
3097 3429 3364 3495 nuntios
3417 3428 3771 3498 dimittant.
3866 3428 4053 3510 Quae
4114 3428 4244 3495 duo

2302 3513 2517 3597 primo
2564 3512 2876 3598 adspectu
2918 3522 3077 3580 sunt
3119 3513 3402 3581 multum
3446 3515 3617 3582 inter
3660 3536 3732 3581 se
3771 3516 4119 3594 contraria,
4172 3527 4246 3584 ut

2300 3619 2572 3666 necesse
2645 3600 2733 3666 eit
2799 3598 2929 3666 Dei
2989 3619 3254 3666 manum
3313 3599 3421 3668 hie
3480 3609 3814 3683 operatam
3872 3622 4246 3686 agnoscere.

2299 3684 2472 3752 Nam
2539 3693 2795 3751 certum
2853 3693 2956 3752 est
3008 3685 3068 3752 si
3110 3685 3236 3753 iste
3281 3695 3415 3754 tam
3461 3685 3819 3769 impetuose
3860 3707 4056 3770 quam
4100 3708 4242 3754 coe-

2298 3779 2492 3854 perat
2534 3770 2952 3856 perrexisset,
2996 3770 3140 3837 fore
3183 3780 3256 3840 ut
3295 3770 3630 3842 obsidione
3672 3793 3950 3856 pressos,
4010 3774 4243 3841 castris

2288 3853 2384 3923 ,ad
2441 3875 2670 3924 muros
2727 3856 2980 3940 positis,
3046 3866 3113 3923 et
3163 3855 3340 3926 fame
3398 3867 3680 3937 enectos,
3740 3858 3850 3924 vel
3907 3858 4034 3928 sibi
4078 3859 4241 3942 ipsis

2300 3942 2626 4010 violentas
2660 3963 2896 4012 manus
2929 3942 3191 4021 inferre,
3227 3943 3332 4010 vel
3369 3942 3544 4010 ultro
3571 3963 3719 4012 sese
3747 3944 3820 4009 in
3850 3952 4241 4028 potestatem

2299 4029 2559 4096 cruenti
2631 4028 2836 4096 hostis
2898 4028 3110 4096 instar
3188 4027 3510 4112 pecudum
3569 4029 3911 4098 laniandos
3984 4030 4240 4098 tradere

2298 4124 2578 4198 cogeret.
2645 4113 2879 4199 Itaque
2917 4113 3259 4183 videbatur
3291 4115 3480 4182 facile
3513 4115 3659 4183 illos
3698 4117 3764 4181 iu
3799 4137 3985 4183 suam
4025 4125 4240 4197 potes·

2300 4209 2504 4268 tatem
2581 4198 2999 4284 redacturus:
3097 4201 3212 4270 sed
3287 4210 3507 4268 tamen
3572 4202 3893 4284 permittit
3955 4201 4087 4266 illis
4161 4213 4239 4266 ut

2300 4287 2567 4353 nuntios
2640 4285 2982 4352 dimittant
3039 4286 3122 4354 ad
3178 4286 3413 4354 fratres
3468 4286 3827 4354 subsidium
3884 4287 4235 4369 petituros:

2300 4393 2503 4455 quare
2566 4371 2754 4438 facile
2819 4372 3188 4456 colligimus
3248 4395 3331 4439 ex
3400 4383 3586 4440 tanta
3647 4374 3960 4439 varietate
4017 4371 4239 4440 Deum

2296 4457 2477 4524 illius
2520 4457 2810 4524 animum
2850 4458 3201 4536 inflexisse,
3246 4459 3407 4524 adeo
3455 4470 3528 4526 ut
3557 4468 3790 4541 sponte
3825 4458 4236 4535 concesserit,

2299 4542 2471 4627 quod
2515 4565 2850 4627 nunquam
2886 4544 3117 4612 fuisset
3144 4544 3304 4614 alias
3334 4543 3648 4611 facturus.
3693 4543 3871 4610 Hinc
3897 4543 4237 4611 utilissima

2298 4631 2486 4697 nobis
2545 4629 2835 4696 eruenda
2891 4630 3191 4698 doctrina
3233 4640 3351 4708 est,
3418 4651 3651 4711 nempe
3696 4631 3912 4698 Deum
3957 4629 4113 4694 licet
4154 4628 4235 4696 ad

2301 4727 2562 4799 tempus
2618 4715 2916 4784 hostibus
2961 4716 3203 4783 nostris
3246 4715 3531 4782 habenas
3574 4715 3772 4793 laxet,
3833 4730 3906 4780 ut
3949 4715 4235 4780 ferarum

2299 4803 2510 4870 instar
2565 4801 2896 4882 ferociant,
2953 4811 3019 4870 et
3073 4802 3238 4868 nihil
3297 4801 3427 4868 nisi
3465 4800 3694 4868 caedes
3738 4807 3804 4865 et
3847 4801 4238 4883 sanguinem

2300 4890 2569 4973 spirent,
2645 4899 2865 4954 tamen
2914 4897 3243 4956 momento
3286 4887 3547 4952 illorum
3595 4887 3847 4952 animos
3890 4887 4241 4954 immutare

2301 4996 2510 5059 posse.
2599 4973 2908 5057 Exempli
2951 4974 3183 5060 gratia,
3240 4970 3729 5040 consideremus
3776 4991 3936 5054 quae
3982 4971 4062 5036 de
4108 4973 4238 5040 Ae-

2301 5059 2543 5145 gyptiis
2587 5081 2768 5129 sacra
2811 5067 3244 5128 monumenta
3287 5065 3633 5124 testantur.
3722 5057 3896 5123 Nam
3939 5059 4087 5140 quis
4127 5079 4241 5124 eos

2302 5147 2571 5231 impulit
2641 5155 2715 5215 ut
2782 5169 2942 5214 vasa
2997 5165 3198 5212 aurea
3256 5152 3322 5209 et
3381 5153 3694 5226 argentea
3750 5142 4071 5211 Israelitis
4130 5166 4243 5227 pe-

2303 5234 2592 5302 tentibus
2634 5232 3085 5311 concederent,
3131 5250 3294 5313 quos
3337 5240 3532 5296 antea
3567 5229 3840 5297 laniatos
3879 5229 4245 5308 voluerant,
