5059 6059
810 275 893 345 87
2263 345 2268 354 θ
2496 271 2911 340 HOMILIA
2950 271 3106 339 LII.
4656 274 4714 340 88

813 465 1140 534 letantes:
1200 463 1315 530 sed
1350 462 1585 530 iisdem
1630 462 1828 529 etiam
1871 463 2273 534 occasionem
2318 470 2633 547 quantum
2678 461 2752 528 in

819 551 982 636 ipsis
1026 558 1124 617 est
1182 549 1588 634 praebentes.
1674 547 1900 631 Quare
1956 569 2157 632 quum
2215 548 2613 615 Amalecitas
2672 548 2753 614 ab

821 635 1144 704 Israelitis
1199 647 1329 700 tam
1391 654 1616 702 severe
1672 635 1987 702 coercitos
2046 634 2345 720 legimus,
2402 633 2534 700 Dei
2572 634 2753 701 iussu

822 735 892 787 et
947 719 1250 787 mandato
1309 720 1549 786 factum
1610 719 2046 788 recordemur.
2132 719 2335 786 Nobis
2398 739 2554 786 vero
2621 740 2751 786 non

822 806 1066 873 dantur
1124 805 1316 872 hodie
1376 807 1539 872 talia
1593 804 1896 890 specialia
1954 806 2292 871 mandata:
2358 804 2472 870 sed
2530 815 2756 870 tamen

819 894 1094 1041 qgisque
1136 890 1399 957 iubetur
1440 913 1558 977 pro
1602 912 1722 957 sua
1764 890 2133 958 conditione
2169 900 2235 957 et
2268 890 2473 976 gradu
2512 889 2750 956 malum

815 997 860 1043 o
905 998 1056 1044 isse.

994 1064 1340 1129 Caeterum
1406 1061 1869 1146 expendendae
1950 1063 2248 1146 deinceps
2329 1063 2521 1132 etiam
2605 1060 2754 1127 illae

809 1145 1154 1216 Samuelis
1199 1147 1279 1212 ad
1326 1146 1593 1213 Saulem
1640 1168 1865 1214 voces:
1926 1147 2035 1214 Me
2092 1149 2354 1215 miserat
2397 1146 2627 1213 Iehova
2669 1147 2757 1213 ad

811 1235 1182 1322 unqendwm
1224 1239 1278 1298 te
1321 1233 1391 1299 in
1432 1253 1636 1319 regem
1676 1253 1867 1315 super
1897 1233 2208 1316 populum
2261 1254 2468 1316 suum,
2526 1231 2755 1300 idcirco

824 1339 989 1386 nunc
1031 1318 1314 1386 ausculta
1352 1321 1485 1385 voci
1525 1318 1846 1401 verbisque
1904 1319 2192 1385 Iekovae.
2284 1318 2550 1384 Samuel
2598 1338 2755 1383 sane

835 1405 1100 1473 Saulem
1160 1415 1466 1489 tanquam
1529 1406 1878 1482 autoritate
1943 1406 2162 1487 aliqua
2218 1404 2552 1488 praeditus
2595 1404 2755 1468 allo·

875 1493 1072 1568 uitur,
1133 1511 1333 1572 quum
1388 1492 1513 1555 ait:
1575 1491 1718 1591 Ego
1778 1499 1846 1556 te
1901 1512 2120 1576 regem
2167 1487 2516 1555 constitui:
2573 1489 2759 1573 quasi

832 1512 1107 1642 diceret:
1154 1574 1375 1655 Quum
1423 1574 1561 1640 Deo
1607 1596 1823 1640 visum
1868 1587 1966 1641 est
2010 1588 2074 1642 te
2116 1576 2187 1640 in
2233 1596 2452 1661 regem
2499 1575 2756 1660 eligere,

836 1673 902 1727 et
940 1661 1012 1726 in
1055 1661 1241 1745 regni
1286 1661 1757 1744 possessionem
1803 1663 2078 1741 mit-tere,
2124 1682 2268 1727 meo
2312 1682 2472 1728 usus
2505 1670 2606 1725 est
2640 1661 2759 1724 mi-

835 1747 1138 1816 nisterio:
1182 1765 1383 1829 quare
1427 1745 1572 1811 vide
1618 1757 1688 1811 ut
1732 1746 1904 1830 quod
1945 1747 2210 1812 Domini
2253 1747 2510 1812 nomine
2555 1745 2758 1822 iubeo,

829 1844 908 1897 tu
963 1819 1309 1916 diligenter
1367 1833 1659 1915 impleas,
1725 1840 1790 1896 et
1847 1833 1988 1897 sine
2038 1832 2565 1900 contradictione.
2654 1830 2760 1895 Ex

831 1917 1062 2001 quibus
1107 1916 1450 1994 discamus,
1507 1915 1652 1982 Deo
1697 1938 1828 1981 non
1878 1917 2137 1984 vocanti
2182 1940 2302 1983 nos
2347 1916 2428 1981 ad
2474 1915 2789 1982 hostium·

829 2004 1149 2067 ultionem
1192 2001 1570 2077 faciendam,
1633 2002 1985 2068 vindictam
2048 2022 2305 2068 omnem
2350 2001 2760 2085 permittere:

833 2106 909 2153 ac
953 2107 1037 2152 ne
1081 2086 1473 2170 dubitemus,
1517 2088 1674 2170 quin
1719 2097 1794 2152 ut
1836 2089 1993 2153 olim
2036 2090 2127 2154 sie
2173 2088 2368 2154 etiam
2407 2087 2594 2153 hodie
2634 2088 2760 2151 sin·

835 2173 1133 2258 gularem
1198 2173 1504 2238 ecclesiae
1577 2194 1734 2237 suae
1792 2193 2013 2239 curam
2073 2174 2346 2256 habeat,
2412 2181 2764 2253 nostraque

836 2259 1012 2324 salus
1056 2255 1137 2320 ab
1179 2258 1317 2323 eius
1360 2257 1589 2342 gloria,
1636 2279 1829 2342 quam
1875 2259 2169 2324 veritatis
2212 2258 2458 2326 inimici
2499 2256 2761 2334 violant,

837 2354 973 2407 tota
1013 2341 1391 2425 dependeat.
1478 2341 1655 2424 Quid
1700 2364 1852 2409 vero
1897 2343 2069 2409 aliud
2116 2344 2406 2428 papistae
2450 2343 2766 2408 adversus

839 2427 1062 2493 fideles
1126 2431 1574 2511 conspirantes
1640 2429 1906 2512 faciunt,
1973 2451 2166 2513 quam
2227 2429 2395 2513 quod
2451 2428 2765 2498 adversus

843 2514 1055 2578 Deum
1099 2513 1470 2597 insurgunt,
1537 2525 1604 2578 et
1662 2516 2063 2579 maiestatem
2121 2515 2326 2599 ipsius
2370 2515 2438 2580 in
2485 2512 2765 2578 nibilum

840 2597 1135 2681 redigere
1200 2598 1561 2663 conantur?
1663 2600 1771 2663 An
1831 2619 1985 2665 vero
2038 2598 2300 2666 tandem
2368 2598 2449 2666 ad
2515 2599 2766 2664 exitum

843 2704 961 2749 sua
1005 2683 1273 2748 consilia
1315 2693 1469 2748 sunt
1514 2683 1929 2767 perducturi?
1981 2683 2201 2766 Quare
2247 2682 2766 2769 quandoquidem

844 2769 1157 2834 adversus
1180 2769 1394 2834 Deum
1432 2771 1641 2852 ipsum
1682 2770 2059 2848 efferuntur,
2097 2772 2419 2854 patienter
2443 2769 2767 2834 vindictae

845 2854 1107 2919 divinae
1152 2865 1408 2938 tempus
1453 2857 1956 2939 praestolemur:
1991 2865 2167 2921 certo
2212 2856 2503 2940 persuasi
2549 2853 2763 2919 Deum

844 2940 1089 3022 gloriae
1133 2959 1291 3004 suae
1333 2939 1657 3006 vindicem
1706 2942 1861 3018 fore,
1908 2955 1973 3006 et
2016 2962 2146 3007 non
2194 2941 2476 3005 inultum
2516 2940 2767 3005 relictu-

843 3044 993 3089 rum
1031 3025 1309 3090 nominis
1345 3027 1441 3090 sni
1483 3035 1950 3109 contemptum,
1985 3028 2141 3110 quin
2178 3028 2471 3111 graviter
2505 3025 2770 3090 tandem

843 3110 1036 3174 illum
1078 3110 1446 3176 ulciscatur.
1543 3113 1633 3176 Et
1675 3133 1875 3195 quum
1920 3111 2104 3178 Deus
2159 3114 2304 3195 ipsa
2361 3111 2448 3177 sit
2505 3112 2770 3190 veritas,

848 3214 1107 3260 necesse
1151 3207 1249 3260 est
1293 3207 1369 3259 ut
1412 3197 1737 3280 seipsum,
1774 3218 2097 3282 suumque
2141 3198 2411 3263 verbum
2458 3196 2774 3262 adversus

850 3280 1169 3363 quoslibet
1222 3281 1520 3347 inimicos
1574 3303 1723 3347 suos
1782 3291 2066 3347 tueatur:
2115 3293 2309 3367 atque
2371 3304 2557 3349 suam
2618 3302 2775 3364 erga

851 3386 989 3442 nos,
1053 3365 1203 3431 licet
1259 3367 1579 3450 indignos,
1648 3367 2152 3435 misericordiam
2222 3367 2551 3435 extendat.
2641 3366 2774 3432 Sed

854 3451 1157 3532 quoniam
1204 3472 1284 3514 ex
1329 3471 1510 3516 mera
1553 3471 1670 3518 sua
1722 3453 2161 3522 misericordia
2205 3465 2270 3519 et
2324 3455 2614 3521 bonitate
2658 3473 2777 3520 nos

854 3536 923 3600 in
989 3535 1159 3600 filios
1224 3535 1593 3619 adoptavit,
1658 3548 1834 3606 certo
1901 3540 2180 3605 sciamus
2242 3542 2455 3623 ipsum
2523 3559 2642 3603 nos
2705 3539 2777 3602 in

855 3620 1307 3686 afflictionibus
1349 3622 1861 3700 sublevaturum,
1929 3633 1996 3690 et
2038 3633 2411 3710 promptum
2458 3625 2776 3690 auxilium

857 3704 1226 3770 allaturum.
1292 3705 1477 3786 Quae
1512 3728 1711 3791 quum
1758 3711 1849 3775 ita
1885 3730 1954 3775 se
1992 3709 2288 3790 habeant,
2325 3731 2515 3776 curas
2555 3728 2780 3774 omnes

860 3803 1119 3854 nostras
1164 3792 1232 3854 in
1274 3792 1488 3875 ipsum
1530 3796 1972 3861 coniiciamus:
2036 3797 2301 3881 eiusque
2346 3796 2617 3877 gloriam
2663 3814 2781 3877 pro

856 3875 1031 3938 virili
1077 3895 1586 3961 promoveamus,
1645 3881 2096 3965 patienterque
2149 3883 2420 3947 iniurias
2464 3880 2785 3964 quaslibet

857 3960 1179 4040 feramus,
1257 3980 1323 4025 et
1386 3964 1658 4046 quaevis
1726 3966 2102 4050 opprobria,
2175 3969 2372 4032 immo
2444 3979 2508 4032 et
2573 3967 2783 4050 ipsam

857 4058 1134 4110 mortem
1197 4047 1448 4112 fortiter
1502 4050 1824 4129 obeamus,
1883 4054 2172 4135 persuasi
2225 4073 2561 4137 nunquam
2609 4051 2786 4117 defu·

867 4144 1087 4195 turum
1133 4130 1316 4197 nobis
1359 4133 1561 4216 ipsius
1605 4138 1917 4203 virtutem
1962 4149 2026 4203 et
2071 4141 2449 4223 potentiam,
2514 4137 2625 4204 sed
2674 4158 2787 4220 op-

849 4228 1145 4299 portuno
1190 4227 1481 4301 tempore
1525 4222 1839 4287 auxilium
1889 4224 2267 4290 allaturam:
2331 4223 2522 4289 modo
2568 4235 2782 4288 tamen

914 4304 1190 4367 atienter
1232 4301 1411 4368 illam
1456 4307 1935 4387 praestolemur.
2025 4309 2246 4390 Quare
2305 4310 2455 4376 licet
2511 4308 2788 4393 improbi

912 4388 1272 4454 ominatum
1316 4388 1668 4468 obtineant,
1715 4404 1780 4455 et
1823 4394 1999 4459 mille
2021 4395 2227 4462 modis
2251 4395 2434 4461 nobis
2469 4395 2788 4460 insultent

829 4489 933 4538 ·et
976 4472 1256 4538 ludibrio
1301 4473 1603 4555 habeant,
1663 4477 1872 4542 Deum
1935 4491 2147 4545 tamen
2193 4503 2267 4547 eo
2312 4479 2785 4546 ardentioribus

841 4561 1040 4625 ‘votis
1104 4561 1499 4642 invocemus,
1558 4562 1746 4644 eique
1806 4573 2178 4647 temporum
2237 4567 2788 4652 opportunitatem

861 4646 1353 4730 permittamus:
1418 4645 1933 4730 quandoquidem
1980 4672 2109 4716 non
2156 4661 2250 4716 est
2296 4653 2623 4718 humanae
2666 4652 2788 4715 im-

869 4731 1243 4797 becillitatis
1299 4731 1393 4795 illi
1460 4733 1773 4798 terminos
1826 4755 2084 4819 ponere.
2175 4735 2306 4804 Sed
2366 4738 2422 4803 si
2467 4738 2793 4821 patienter

863 4829 936 4882 et
980 4818 1265 4882 modeste
1314 4818 1428 4882 toti
1473 4817 1551 4882 ab
1597 4818 1707 4884 illo
1751 4820 2164 4903 pendeamus,
2222 4831 2470 4890 certum
2528 4833 2628 4889 est
2671 4842 2790 4887 nos

873 4921 948 4966 re
995 4905 1137 4987 ipsa
1195 4903 1606 4969 liberatorem
1653 4915 1717 4971 et
1782 4916 2030 4989 patrem
2096 4909 2308 4990 ipsum
2375 4919 2791 4993 experturos:

871 4986 1409 5071 Quandoquidem
1469 4995 1640 5056 enim
1700 4992 1780 5058 ab
1839 4995 2015 5058 omni
2072 5014 2232 5061 aevo
2289 5015 2442 5062 suae
2486 4993 2793 5060 ecclesiae

869 5073 1180 5139 misertus
1225 5086 1339 5152 est,
1397 5077 1664 5160 eiusque
1723 5099 1793 5144 se
1850 5079 2175 5145 vindicem
2235 5079 2536 5160 ostendit,
2581 5100 2792 5162 neque

863 5157 1001 5227 ‘hoc
1044 5161 1235 5227 etiam
1283 5170 1572 5244 tempore
1614 5162 2003 5231 iniuriarum
2071 5167 2208 5234 suis
2264 5167 2418 5233 filiis
2459 5167 2790 5231 illatarum

2858 460 3304 528 obliviscetur:
3373 460 3483 530 sed
3541 481 3807 530 causam
3872 458 4179 528 ecclesiae
4245 480 4400 530 suae
4460 461 4725 546 suscipiet,

2858 567 3113 613 summo
3177 565 3325 612 cum
3393 547 3683 636 hostium
3757 537 4069 614 dedecore
4128 556 4194 614 et
4258 545 4488 614 ultimo
4557 548 4728 615 exitio.

2857 632 3081 715 Quare
3116 652 3323 716 quum
3345 631 3562 699 Deum
3599 632 3810 699 nostri
3846 653 4072 704 curam
4111 631 4351 699 habere
4386 634 4482 698 sin

2855 719 3157 798 sciamus,
3216 740 3299 785 ne
3358 739 3477 785 nos
3530 716 3809 785 iniurias
3862 719 4005 803 pati
4065 715 4322 786 taedeat
4367 718 4447 783 ab
4533 717 4730 784 ostibus

2852 803 3085 885 illatas,
3122 804 3445 892 tantisper
3467 803 3625 872 dnm
3648 803 3832 872 Deus
3872 803 4115 872 vindex
4151 815 4477 890 appareat,
4510 815 4572 868 et
4602 803 4737 870 velut

2853 887 2977 955 ἀπὸ
3023 891 3284 970 μηχανῆς
3328 889 3644 955 auxilinm
3689 910 3728 954 o
3778 889 4016 973 pressis
4061 888 4335 972 adferat,
4379 901 4445 956 et
4496 889 4738 954 miserias

2856 983 2921 1041 et
2966 973 3353 1041 afflictiones
3397 994 3435 1039 a
3477 973 3667 1040 nobis
3755 974 4011 1059 spellat.

3023 1059 3167 1124 Iam
3215 1080 3365 1126 vero
3409 1061 3604 1146 agite,
3648 1065 3750 1126 etc.

3458 1399 3954 1486 HOMILIA
4002 1401 4184 1484 LII.

3028 1576 3089 1642 8.
3148 1573 3239 1640 Et
3278 1571 3682 1657 apprehendit
3737 1573 3802 1640 A
3842 1593 3925 1657 ay
3977 1591 4186 1656 reqem
4239 1569 4499 1638 Amalec
4557 1572 4747 1653 vivam,

2858 1681 3032 1729 omne
3086 1664 3291 1725 autem
3345 1658 3570 1742 vulqus
3624 1657 3650 1722 i
3814 1658 3931 1723 ecit
3982 1657 4053 1722 in
4106 1676 4214 1723 ore
4266 1656 4489 1742 aladii.
4574 1657 4629 1722 9.
4679 1656 4747 1722 Β

2850 1748 3124 1831 pepercit
3180 1743 3342 1811 Saul
3398 1748 3453 1810 et
3500 1743 3771 1825 populus
3824 1740 4058 1842 Ayay&
4090 1748 4145 1807 et
4199 1744 4462 1842 optimis·
4505 1741 4753 1842 greqibus

2862 1834 3091 1914 ovium,
3151 1836 3209 1896 et
3272 1833 3714 1908 armentorum,
3781 1834 3840 1895 et
3901 1826 4189 1908 vestibus,
4245 1834 4302 1895 et
4358 1828 4667 1906 arietibus,
4711 1834 4755 1891 et

2862 1917 3177 1985 universis
3220 1935 3378 1998 quae
3410 1911 3690 2014 pulchra
3747 1919 3969 2014 erant:-
4007 1934 4116 1980 πω
4173 1914 4500 1980 voluerunt
4554 1935 4625 1982 ea
4661 1913 4758 1978 dis-

2854 2024 2972 2088 per
2964 2005 3082 2154 1⁶32*
3083 1999 3484 2153 8ὲὲἔᾶἳῖὃᾶ
3525 2000 3828 2152 &⁶5:23⁸
3842 1999 4495 2152 ss‘ffiessffffmm’
4538 1998 4760 2152 2⁰⁰0..ss

2863 2109 3535 2251 aeSamuelsdiceris:
3593 2172 3695 2237 11.
3724 2167 4005 2238 Poenum
4043 2190 4140 2235 me
4182 2171 4346 2254 quod
4386 2171 4764 2238 cmisttt‘uoeioe

2869 2258 3027 2326 Saul
3070 2278 3290 2343 reqm,
3336 2256 3485 2340 quia
3532 2256 3856 2337 dereliquit
3898 2277 4014 2339 me,
4072 2261 4128 2320 et
4182 2255 4367 2322 verba
4420 2276 4563 2322 mea
4618 2275 4762 2352 oper}

2866 2342 3339 2496 Ζὲηυὶᾜξῖιίᾥ
3381 2341 3644 2495 gon-trien
3551 2342 3929 2496 n'OdtZtusque
3971 2347 4063 2407 est
4099 2339 4377 2420 Samuel,
4422 2347 4482 2410 et
4515 2341 4763 2408 άαηοοά

3041 2597 3390 2683 Superiora
3456 2599 3766 2665 concione
3828 2618 4058 2665 causas
4123 2596 4505 2682 docuimus,
4571 2597 4762 2681 quibus

2871 2684 3190 2752 adductus
3256 2684 3578 2749 Dominus
3637 2691 3769 2749 tam
3830 2703 4058 2750 severe
4114 2682 4335 2767 puniri
4398 2683 4768 2752 Amalecitas

2873 2773 3203 2837 voluerat:
3247 2779 3314 2835 et
3355 2778 3690 2854 praeterea
3735 2777 3976 2852 quanto
4001 2768 4183 2834 Deus
4222 2789 4454 2836 amore
4499 2790 4618 2836 nos
4649 2787 4769 2853 pro·

2870 2865 3176 2940 sequatur
3218 2853 3640 2932 ostendimus,
3700 2866 4023 2938 quamque
4076 2854 4173 2919 illi
4214 2857 4389 2940 grati
4436 2866 4508 2922 et
4562 2851 4769 2938 accepti

2873 2943 3100 3025 simus,
3157 2962 3317 3025 quos
3359 2940 3430 3004 in
3479 2940 3804 3023 peculium
3866 2961 4061 3008 suum
4118 2939 4481 3025 adoptavit,
4539 2950 4601 3007 et
4655 2960 4769 3026 pre·

2873 3029 3071 3094 tiosos
3118 3027 3313 3092 babet
3357 3046 3510 3110 prae
3554 3025 3802 3110 reliquo
3846 3023 4124 3093 mundo:
4168 3027 4298 3092 iam
4344 3049 4425 3092 su
4515 3034 4645 3094 rest
4680 3045 4767 3088 ex·

2872 3111 3235 3197 pendamus
3278 3131 3406 3195 qua
3449 3110 3698 3177 ratione
3740 3110 4119 3177 mandatnm
4182 3111 4355 3180 istud
4464 3112 4572 3178 aul
4626 3129 4766 3176 acce·

2877 3199 3058 3282 perit,
3118 3207 3182 3263 et
3238 3218 3365 3283 qua
3422 3196 3490 3261 in
3549 3218 3622 3261 re
3679 3198 3759 3264 ab
3819 3198 3962 3282 ipso
4022 3196 4175 3263 dum
4220 3196 4385 3264 illud
4432 3198 4770 3281 exsequitur

2876 3291 3209 3368 peccatum
3256 3283 3358 3349 sit.
3440 3277 3709 3348 Samuel
3752 3283 3956 3369 igit-ur
3999 3281 4078 3348 ad
4126 3280 4396 3349 Saulem
4438 3306 4485 3349 a
4528 3282 4773 3350 Domino

2875 3371 3135 3447 missus,
3180 3377 3253 3434 ut
3295 3367 3849 3451 obsequentiorem
3895 3365 4083 3433 illum
4127 3368 4375 3449 reddat,
4415 3377 4677 3434 revocat
4702 3364 4772 3429 illi

2875 3455 2941 3518 in
2989 3457 3368 3520 memoriam
3413 3453 3785 3520 electionem
3825 3474 4007 3519 suam
4032 3453 4099 3518 in
4137 3454 4385 3537 regiam
4425 3453 4772 3540 dignitatem

2878 3541 3084 3624 ipsius
3131 3539 3454 3607 Samuelis
3503 3540 3886 3608 ministerio.
3974 3538 4153 3608 Sane
4209 3539 4323 3624 qui
4366 3538 4507 3607 Dei
4553 3538 4771 3605 nomine

2879 3626 3175 3709 loquitur
3217 3625 3402 3690 debet
3447 3625 3848 3691 vocationem
3896 3646 4079 3692 suam
4116 3625 4501 3711 approbare,
4540 3636 4611 3691 ut
4642 3643 4777 3690 mor·

2884 3711 3034 3776 talis
3100 3710 3286 3776 dictis
3342 3708 3501 3775 fides
3555 3709 3961 3793 adhibeatur,
4026 3731 4218 3796 quem
4276 3711 4527 3797 alioqui
4585 3709 4777 3775 merito

2885 3816 2995 3862 sus
3042 3803 3253 3861 ectum
3313 3806 3378 3860 et
3433 3795 3893 3862 inhonoratum
3936 3817 4078 3862 esse
4121 3818 4389 3864 necesse
4435 3811 4561 3866 est.
4644 3795 4777 3861 Nam

2886 3902 3000 3966 pro
3027 3892 3166 3946 ecto
3232 3881 3605 3946 audaciores
3663 3891 3817 3948 sunt
3871 3881 4171 3949 homines
4223 3883 4293 3948 in
4355 3884 4488 3950 Dei
4560 3882 4777 3949 nomine

2887 3965 3274 4045 mentiendo,
3322 3977 3394 4031 ut
3429 3966 3561 4031 suis
3597 3970 3979 4036 commentis
4003 3969 4423 4035 autoritatem
4446 3966 4773 4036 concilient.

2885 4052 2965 4117 In
3013 4052 3240 4135 primis
3280 4051 3875 4151 pseudoprophetas
3912 4061 3978 4120 et
3999 4053 4386 4138 impostores
4410 4055 4544 4124 Dei
4584 4072 4777 4119 nomen

2889 4139 3022 4204 suis
3067 4136 3339 4206 fallaciis
3383 4145 3450 4203 et
3491 4138 3864 4220 imposturis
3908 4139 4204 4223 tegendis
4247 4161 4609 4225 usurpasse
4642 4135 4775 4202 vide»

2888 4244 3054 4302 mus,
3115 4230 3182 4287 et
3238 4223 3357 4289 sub
3411 4220 3524 4288 illo
3583 4231 3893 4307 tanquam
3947 4225 4197 4309 ingenti
4257 4225 4492 4312 clypeo
4558 4224 4777 4292 fi-audes

2889 4330 3038 4375 suas
3103 4308 3460 4375 occultasse
3486 4359 3501 4386 ,
3580 4310 3763 4391 quasi
3829 4308 4046 4376 Deum
4112 4319 4402 4378 autorem
4470 4311 4768 4379 haberent

2890 4395 2980 4459 Et
3037 4393 3209 4459 istud
3266 4394 3459 4459 hodie
3516 4395 3743 4459 vitium
3803 4395 4088 4462 maxime
4154 4395 4455 4463 videmus
4524 4415 4775 4480 regnare·

2890 4480 3056 4544 Nam
3103 4478 3360 4562 quando
3405 4479 3620 4545 uidem
3664 4480 4263 4566 pseudoprophetae
4323 4504 4455 4547 non
4518 4493 4671 4549 sunt
4704 4478 4773 4543 di·

2888 4567 3172 4651 ligenter
3229 4565 3308 4630 ad
3418 4583 3540 4631 anc
3598 4586 3891 4633 normam
3941 4568 4316 4647 examinati,
4374 4568 4537 4635 inde
4579 4569 4773 4634 factum

2892 4663 2968 4716 ut
3012 4660 3196 4717 tanta
3241 4661 3505 4735 tamque
3552 4648 3878 4718 horrenda
3941 4651 4280 4720 ecclesiam
4335 4655 4628 4721 confusio
4665 4671 4774 4736 per·

2889 4737 3154 4820 vaserit,
3198 4747 3271 4801 ut
3312 4738 3533 4802 omnia
3566 4756 3679 4802 sus
3703 4738 3905 4822 deque
3943 4739 4012 4804 in
4047 4738 4160 4805 illa
4194 4739 4518 4823 ferantur,
4554 4750 4621 4804 et
4650 4729 4773 4804 nihil

2892 4822 3018 4888 nisi
3079 4843 3331 4888 summa
3388 4823 3661 4888 vastitas
3721 4832 3786 4889 et
3831 4826 4056 4892 ruinae
4100 4825 4389 4910 undique
4437 4831 4771 4910 appareant-

2894 4907 3071 4976 Satis
3129 4908 3299 4973 enim
3360 4909 3484 4974 fuit
3541 4908 3712 4991 quod
3770 4930 3937 4994 papa
3991 4932 4135 4977 cum
4195 4919 4331 4977 toto
4387 4912 4688 4978 comitatu
4724 4922 4773 4969 ιθ

2892 4992 3328 5076 apostolorum
3363 5014 3761 5062 successores
3783 5016 3924 5064 esse
3943 4997 4263 5077 iactarint‚
4292 5005 4357 5063 et
4378 4994 4772 5064 hierarchiam

2893 5100 3083 5163 quam
3136 5089 3365 5145 vocant
3410 5080 3491 5146 ab
3534 5077 3764 5146 iisdem
3808 5084 4144 5165 accepisse.
4234 5083 4544 5167 Denique
4590 5079 4771 5147 seduc·

2895 5175 3083 5246 tores,
3104 5175 3168 5229 et
3213 5166 3617 5250 impostores,
3652 5167 3763 5250 qui
3808 5168 3877 5233 in
3924 5167 4257 5236 ecclesiam
4304 5170 4471 5234 falsa
4516 5168 4773 5254 dogmat·
