5059 6059
794 334 918 404 391

790 534 1045 595 cretum
1088 520 1394 589 ostendit.
1481 519 1577 584 At
1619 520 1763 587 Deo
1807 520 1966 585 satis
2010 541 2130 587 sua
2173 520 2316 586 sine
2356 520 2734 586 iuramento

792 618 1051 682 constat
1093 611 1163 674 in
1207 608 1404 674 verbo
1446 605 1712 686 veritas,
1756 613 1832 671 ut
1874 628 2010 672 non
2057 626 2225 690 opus
2268 607 2354 672 sit
2401 607 2627 673 testari
2665 627 2737 672 se

790 720 926 768 non
984 693 1390 762 variabilem.
1494 693 1727 776 Longe
1785 692 1962 758 enim
2015 692 2354 758 hominum
2401 703 2501 758 est
2547 691 2736 758 dissi-

793 785 988 859 milis,
1025 782 1137 865 qui
1160 791 1406 846 temere
1440 777 1758 862 quidlibet
1801 781 2277 861 promittentes,
2320 778 2556 844 deinde
2587 799 2738 861 poe-

709 861 716 868 ’
792 868 1075 937 nitentia
1139 865 1317 931 ducti
1381 865 1660 930 sentiam
1725 875 2006 930 mutant.
2094 863 2261 929 Inde
2324 865 2406 928 fit
2470 873 2546 928 ut
2604 884 2736 929 non

791 975 1048 1038 semper
1104 951 1477 1018 hominibus
1533 950 1696 1016 fides
1761 949 2133 1015 adhibenda
2198 950 2303 1029 sit,
2371 949 2505 1016 nisi
2561 951 2737 1015 iura-

792 1053 1015 1109 mento
1070 1037 1269 1104 fidem
1322 1036 1537 1102 verbis
1594 1038 1730 1102 suis
1772 1036 2065 1102 fecerint.
2155 1035 2325 1100 Nam
2373 1038 2573 1101 etiam
2616 1036 2736 1101 vix

792 1148 986 1211 saepe
1030 1124 1230 1190 iurati
1267 1123 1483 1188 Deum
1527 1123 1902 1186 intuentur:
1948 1132 2063 1187 aut
2104 1122 2312 1187 multa
2357 1129 2604 1187 temere
2649 1123 2741 1186 ef-

791 1216 1040 1280 futiunt
1083 1219 1198 1276 aut
1237 1209 1643 1294 pollicentur,
1700 1228 1975 1291 quorum
2020 1208 2078 1273 si
2120 1208 2555 1291 postulaveris
2613 1208 2736 1271 im·

792 1299 1166 1385 pletionem,
1211 1305 1545 1378 praestare
1578 1303 1925 1377 nequeant.
1969 1293 2063 1359 At
2096 1293 2288 1379 longe
2323 1294 2512 1359 aliter
2531 1293 2737 1373 Deus,

795 1386 983 1451 cuius
1018 1391 1164 1449 rata
1198 1391 1262 1447 et
1306 1379 1754 1445 irrevocabilia
1797 1379 2058 1445 decreta
2100 1380 2322 1445 omnia
2364 1391 2538 1455 sunt,
2583 1399 2737 1461 quo-

796 1491 948 1538 rum
1012 1467 1196 1534 nulla
1257 1467 1359 1532 vis
1424 1466 1727 1532 effectum
1795 1474 1860 1530 et
1917 1465 2362 1549 impletionem
2422 1464 2738 1548 impediat

795 1556 906 1623 vel
947 1562 1328 1621 remoretur.
1397 1552 1649 1617 Verum
1694 1551 1870 1617 enim
1913 1572 2069 1618 vero
2107 1552 2415 1635 quoniam
2451 1551 2738 1635 plerum·

794 1664 921 1728 que
965 1642 1182 1706 Deum
1228 1646 1454 1704 nostro
1496 1635 1761 1702 modulo
1805 1638 2131 1713 metimur,
2177 1646 2245 1701 et
2288 1649 2592 1702 naturam
2636 1638 2734 1720 ip·

796 1730 938 1795 sius
980 1739 1242 1792 nostrae
1308 1723 1697 1807 plerumque
1762 1722 2047 1788 similem
2111 1722 2425 1801 facimus,
2491 1722 2735 1789 idcirco

796 1826 973 1881 ratas
1020 1813 1230 1878 facere
1272 1810 1459 1876 illum
1506 1808 1926 1874 iureiurando
1969 1809 2431 1891 promissiones
2464 1818 2583 1873 aut
2616 1809 2736 1872 mi-

795 1922 917 1967 nas
962 1907 1234 1983 oportet.
1297 1894 1413 1962 Sic
1456 1894 1683 1960 videas
1719 1893 1935 1958 Deum
1980 1915 2112 1959 non
2156 1904 2537 1959 contentum
2581 1895 2735 1959 sim·

792 1987 947 2070 plici
992 1984 1417 2069 promissione
1461 1981 1632 2045 facta
1675 1978 1974 2045 fidelibus
2019 2001 2089 2046 se
2133 1990 2386 2062 patrem
2441 1980 2733 2063 ipsorum

796 2073 935 2138 fore
990 2079 1057 2136 et
1114 2076 1533 2143 servatorem,
1593 2064 1866 2130 eandem
1922 2066 2292 2130 iuramento
2335 2086 2452 2147 per
2496 2085 2734 2130 nomen

791 2178 1006 2236 suum,
1042 2177 1162 2241 per
1181 2153 1566 2219 fidelitatem
1591 2171 1798 2230 suam,
1822 2172 1938 2234 per
1961 2153 2306 2216 essentiam
2334 2151 2615 2235 denique
2636 2172 2736 2215 ra·

790 2251 927 2310 tam
942 2243 1177 2322 facere,
1206 2260 1281 2306 ac
1296 2239 1461 2303 nihil
1484 2257 1706 2302 eorum
1732 2257 1893 2320 quae
1916 2237 2255 2320 pollicetur
2277 2257 2565 2319 unquam
2587 2236 2735 2300 irri-

797 2338 942 2394 tum
985 2327 1126 2393 fore
1168 2324 1538 2402 testificari,
1595 2322 1790 2387 modo
1849 2332 2065 2387 tamen
2111 2323 2180 2388 id
2219 2342 2378 2387 vera
2421 2322 2551 2387 fide
2596 2344 2733 2388 am·

795 2415 1177 2498 plectamur.
1268 2409 1550 2492 Quanta,
1595 2429 1855 2491 quaeso,
1910 2417 2173 2490 quanta,
2239 2408 2526 2489 inquam,
2572 2408 2735 2473 haec

798 2508 897 2565 est
937 2498 1065 2562 Dei
1110 2493 1558 2574 mansuetudO,
1601 2501 1677 2558 ut
1720 2515 1997 2577 quorum
2041 2493 2568 2560 incredulitatem
2613 2516 2731 2577 pu-

794 2584 943 2651 nire
987 2581 1323 2662 debuerat,
1368 2582 1461 2646 ita
1505 2580 1756 2656 toleret,
1816 2588 1890 2644 ut
1945 2580 2221 2664 simplici
2280 2579 2485 2663 ipsius
2528 2581 2730 2645 verbo

794 2671 995 2736 fidem
1040 2689 1174 2733 non
1215 2665 1616 2740 adhibentes,
1676 2666 1870 2729 etiam
1928 2664 2349 2731 iureiurando
2391 2666 2734 2731 confirmet

795 2764 864 2822 et
906 2753 1158 2838 erigat?
1205 2752 1393 2836 quasi
1435 2751 1597 2817 fides
1640 2751 1766 2834 ipsi
1807 2751 1934 2815 nisi
1975 2752 2189 2817 iurato
2235 2771 2367 2815 non
2413 2761 2587 2816 esset
2620 2750 2730 2815 ad·

796 2840 1101 2921 hibenda,
1159 2860 1353 2923 quam
1399 2837 1868 2920 blasphemiam
1911 2838 2234 2903 exsecrari
2280 2858 2398 2902 nos
2456 2847 2729 2920 oportet.

795 2927 1042 3010 Ecquis
1093 2926 1272 2991 enim
1308 2924 1431 2989 Dei
1487 2924 1855 3002 veritatem,
1915 2923 2042 2987 nisi
2102 2922 2420 2988 diabolica
2476 2922 2732 2987 malitia

793 3013 1151 3079 fascinatus
1214 3011 1285 3076 in
1349 3008 1620 3075 dubium
1685 3007 2063 3074 vocaverit?
2153 3008 2333 3090 Quid
2389 3009 2567 3074 enim
2612 3018 2730 3089 est,

795 3100 1080 3175 obsecro,
1125 3096 1253 3162 Dei
1276 3096 1475 3164 verbo
1520 3093 1741 3160 verius
1784 3102 1899 3159 aut
1940 3097 2366 3175 constantius,
2411 3095 2585 3177 quod
2633 3105 2733 3160 est

791 3185 1124 3268 ipsissima
1171 3180 1456 3248 veritas?
1546 3179 1996 3246 Nihilominus
2052 3188 2293 3258 tamen,
2352 3181 2475 3244 etsi
2519 3182 2730 3245 incre-

795 3270 1092 3336 dulitat-is
1156 3268 1317 3335 vitio
1375 3267 1522 3349 plus
1581 3287 1785 3348 aequo
1831 3266 2220 3346 laboremus,
2285 3274 2355 3331 et
2417 3265 2732 3332 adversus

794 3356 1013 3422 Deum
1056 3362 1126 3420 et
1168 3374 1409 3419 nomen
1452 3353 1593 3418 eius
1635 3349 2002 3434 blasphemi
2043 3351 2250 3417 simus
2293 3359 2361 3416 et
2402 3361 2733 3417 contume-

793 3441 960 3518 liosi,
1006 3439 1262 3524 quoties
1304 3437 1725 3504 iureiurando
1769 3440 2114 3504 veritatem
2152 3457 2336 3502 suam
2371 3439 2730 3514 confirmat,

792 3526 1295 3592 mansuetudine
1330 3535 1395 3590 et
1430 3523 1776 3589 clementia
1809 3522 2126 3608 singulari
2161 3544 2318 3608 erga
2348 3545 2472 3587 nos
2507 3524 2733 3588 utitur.

797 3611 910 3679 Sic
954 3622 1199 3691 contra,
1258 3611 1566 3694 quoniam
1626 3609 1873 3694 stupidi
1931 3629 2161 3675 sumus
2218 3617 2284 3673 et
2337 3607 2603 3674 hebetes
2649 3610 2732 3674 ad

772 3699 999 3781 ,ipsius
1034 3697 1587 3776 comminationes,
1631 3705 1709 3760 ut
1744 3705 1919 3761 metu
1955 3693 2288 3779 perculsos
2323 3694 2403 3759 ad
2442 3695 2731 3760 officium

795 3782 1089 3861 adducat,
1146 3781 1564 3847 iureiurando
1620 3782 1908 3846 minatur
1965 3782 2103 3845 fore
2159 3789 2235 3845 ut
2293 3779 2460 3844 nihil
2505 3801 2730 3846 eorum

793 3889 962 3953 quae
1024 3867 1266 3932 dixerit
1330 3868 1704 3932 minatusve
1770 3866 1996 3946 fuerit,
2075 3867 2144 3930 in
2209 3886 2406 3931 auras
2469 3866 2730 3931 irritum

793 3954 974 4020 abire
1018 3954 1207 4018 sinat.
1295 3953 1549 4019 Idcirco
1607 3954 1803 4017 etiam
1867 3953 1972 4018 hic
2028 3951 2482 4016 iusiurandum
2527 3951 2731 4017 inter-

793 4042 1077 4126 positum
1123 4048 1240 4118 est,
1299 4059 1383 4103 ne
1440 4038 1667 4102 inanes
1724 4038 2038 4103 adversus
2081 4037 2238 4102 Heli
2283 4036 2550 4103 domum
2595 4037 2730 4102 Do-

793 4127 960 4192 mini
1004 4125 1543 4191 comminationes
1587 4123 1929 4206 quisquam
1976 4123 2347 4188 arbitretur.
2436 4123 2573 4189 Nos
2607 4126 2730 4189 ita-

795 4234 923 4297 que
988 4211 1339 4294 diligenter
1398 4229 1590 4274 voces
1646 4211 1805 4274 istas
1865 4207 2299 4285 attendamus,
2367 4209 2732 4292 animisque

795 4297 1082 4382 penitius
1138 4297 1525 4380 infigamus,
1596 4303 1671 4359 ut
1723 4295 1978 4377 quoties
2035 4294 2105 4358 in
2162 4295 2365 4360 sacris
2428 4294 2732 4361 audimus

795 4385 924 4449 Dei
993 4382 1455 4468 promissiones
1510 4399 1844 4463 nunquam
1913 4379 2099 4444 nobis
2179 4379 2549 4457 defuturas,
2618 4391 2732 4446 aut

796 4472 989 4535 etiam
1035 4468 1570 4535 comminationes
1616 4486 1951 4549 nunquam
1995 4466 2216 4531 irritas
2259 4467 2417 4550 fore,
2465 4465 2548 4531 ad
2592 4487 2730 4533 ma·

794 4558 1001 4621 iorem
1045 4554 1255 4619 nostri
1297 4553 1860 4618 confirmationem
1903 4550 2357 4616 iusiurandum
2394 4551 2586 4618 adiici
2621 4574 2733 4618 no·

797 4643 1107 4718 verimus,
1174 4648 1246 4705 ut
1310 4647 1540 4705 contra
1602 4658 1827 4702 omnes
1885 4638 2268 4702 afflictiones
2324 4646 2389 4701 et
2442 4638 2730 4705 insultus

795 4726 974 4792 hunc
1014 4726 1317 4810 clypeum
1354 4744 1773 4807 opponamus,
1817 4742 1902 4787 ne
1952 4744 2239 4804 unquam
2279 4724 2572 4788 animum
2622 4724 2732 4790 de·

796 4813 1267 4897 spondeamus:
1313 4811 1426 4875 sed
1472 4810 1691 4893 potius
1728 4808 2145 4873 audentiores
2169 4807 2376 4874 veluti
2402 4812 2732 4877 renovatis

795 4899 1049 4964 viribus
1092 4899 1265 4977 facti,
1312 4896 1625 4961 adversus
1670 4915 2086 4978 quoscunque
2129 4914 2319 4958 casus
2362 4895 2620 4960 fortiter
2661 4897 2733 4961 in
2781 4937 2786 4952 ι

2454 329 2872 398 HOMILIA
2913 330 3108 399 XIV.

4633 333 4734 399 392

2842 519 3011 602 Quis
3056 541 3133 587 eo
3177 522 3553 605 proterviae
3597 519 3906 585 deveniet
3963 520 4077 603 qui
4131 539 4263 585 non
4311 519 4517 602 potius
4555 541 4739 587 mons·

2843 616 3016 671 trum
3064 628 3262 691 quam
3309 608 3506 673 homo
3551 606 3866 672 dicendus
3909 605 4038 671 sit?
4129 606 4310 687 Quin
4366 607 4578 689 potius
4627 628 4739 672 om·

2840 713 2995 758 nem
3037 714 3222 776 spem
3273 693 3340 759 in
3385 694 3592 778 ipsius
3634 692 3835 759 verbo
3879 691 4019 758 solo
4059 691 4464 772 collocemus,
4515 700 4578 758 et
4626 694 4742 777 ipso

2842 778 2990 843 freti
3012 800 3434 863 quascunque
3475 779 3876 844 tentationes
3898 778 4236 843 vincamus
4271 797 4347 843 ac
4380 798 4740 860 superemus.

2843 865 3101 929 Deinde
3165 867 3223 930 si
3290 865 3577 948 peccatis
3641 864 4036 947 stupidiores
4102 864 4257 930 facti
4305 873 4639 947 torpemus,
4690 877 4744 931 et

2841 952 3240 1016 conscientia
3308 950 3734 1034 semisepulta
3797 948 4096 1033 languet,
4157 950 4286 1015 Dei
4362 950 4742 1015 iureiurando

2842 1037 3222 1117 excitemur,
3257 1059 3343 1102 ne
3376 1046 3556 1101 metu
3592 1055 3668 1102 ac
3708 1045 3973 1114 terrore,
4019 1034 4163 1099 Deo
4186 1036 4402 1100 minas
4422 1047 4743 1116 exserente,

2843 1121 3238 1188 deficiamus.
3306 1121 3436 1188 Hic
3480 1141 3675 1206 porro
3714 1128 3985 1205 quaerat
4027 1121 4281 1204 aliquis,
4326 1122 4630 1205 quomodo
4666 1123 4744 1187 di·

2842 1217 2948 1272 cat
2991 1207 3175 1273 Deus
3220 1208 3380 1275 Heli
3424 1207 3685 1273 domum
3736 1228 4070 1290 nunquam
4116 1209 4526 1290 expiandam,
4567 1228 4745 1291 neque

2843 1294 3156 1372 victimis,
3247 1315 3459 1377 neque
3522 1293 3937 1372 muneribus,
4021 1314 4224 1375 usque
4284 1294 4356 1356 in
4421 1303 4743 1360 aeternum.

2841 1379 3145 1444 Primum
3186 1381 3384 1459 enim,
3430 1400 3630 1464 quum
3654 1378 3839 1444 Deus
3882 1379 3954 1442 in
3990 1379 4134 1462 lege
4169 1379 4595 1463 promissione
4624 1401 4745 1445 san-

2841 1464 3089 1542 civerit,
3148 1466 3305 1545 fore,
3365 1476 3441 1531 ut
3492 1465 3548 1529 si
3606 1474 3906 1546 peccator
3948 1484 4218 1529 manum
4263 1464 4345 1529 ad
4389 1465 4744 1531 sacrificium

2840 1551 3078 1626 mittat,
3147 1558 3217 1616 et
3278 1552 3564 1635 aspersio
3618 1550 3964 1634 sanguinis
4022 1550 4192 1616 facta
4249 1550 4354 1628 sit,
4421 1553 4745 1634 peccatoris

2840 1637 3158 1718 iniquitas
3181 1636 3549 1702 aboleatur:
3594 1637 3830 1702 merito
3864 1636 3987 1703 sibi
4032 1637 4406 1702 contrarius
4448 1636 4554 1704 hic
4593 1638 4746 1703 vide-

2841 1721 3038 1807 bitur,
3098 1731 3217 1788 aut
3273 1723 3666 1788 sententiam
3710 1742 3898 1788 suam
3941 1743 4267 1790 revocare.
4357 1722 4609 1788 Deinde
4646 1725 4746 1788 sci-

2840 1827 2988 1872 mus
3009 1809 3326 1875 sacrificia
3347 1828 3515 1891 qnae
3539 1809 3696 1873 olim
3731 1807 3991 1884 fiebant,
4037 1809 4236 1873 fuisse
4271 1809 4315 1873 fi
4365 1830 4520 1875 uras
4556 1829 4747 1875 recon-

2839 1893 3186 1960 ciliationis
3249 1906 3511 1960 nostrae
3572 1916 3611 1959 a
3670 1893 3958 1959 Domino
4021 1905 4246 1959 nostro
4348 1917 4466 1961 esu
4512 1895 4747 1961 Christo

2841 1980 3065 2062 factae,
3122 2001 3325 2063 quum
3381 1982 3766 2064 sanguinem
3826 2000 4018 2045 suum
4057 1980 4126 2044 in
4173 1990 4583 2062 peccatorum
4622 2001 4750 2047 nos-

2839 2073 3093 2130 trorum
3152 2066 3487 2132 lavacrum
3546 2066 3748 2131 semel
3793 2064 4057 2129 effudit:
4112 2086 4189 2132 ac
4248 2075 4529 2132 mortem
4570 2068 4750 2151 ipsius

2840 2150 3040 2216 fuisse
3123 2151 3631 2216 satisfactionem
3699 2155 3828 2234 'pro
3905 2152 4148 2216 nostris
4238 2153 4548 2218 omnibus
4624 2172 4750 2237 pec-

2841 2239 3005 2301 catis
3070 2244 3138 2300 et
3194 2236 3463 2302 debitis:
3532 2236 3702 2319 quod
3762 2236 3820 2302 si
3872 2236 3966 2301 ita
4024 2245 4144 2317 est,
4211 2237 4537 2321 quomodo
4578 2239 4753 2323 igitur

2838 2322 3145 2404 iniquitas
3189 2323 3418 2388 domus
3438 2323 3597 2388 Heli
3642 2323 3879 2388 dicitur
3924 2343 4257 2406 nunquam
4301 2324 4636 2391 sacrificiis
4664 2346 4752 2389 ex-

2840 2407 3124 2490 pianda?
3215 2406 3504 2489 Quidam
3563 2409 3656 2475 sic
3713 2409 3958 2474 nodum
4001 2408 4179 2474 hunc
4221 2408 4511 2490 solvunt,
4569 2419 4639 2476 ut
4687 2410 4753 2474 de

2838 2493 3179 2577 temporali
3232 2494 3662 2578 castigatione
3721 2495 4115 2560 mentionem
4175 2495 4283 2562 hic
4335 2497 4481 2562 fieri
4541 2496 4750 2564 dicant.

2838 2580 2930 2644 At
2985 2579 3138 2645 licet
3192 2581 3398 2646 nostri
3454 2580 3639 2647 Deus
3694 2581 4112 2659 misereatur,
4178 2590 4254 2647 ut
4315 2590 4583 2665 peccam
4639 2603 4751 2647 non

2835 2665 3121 2748 imputet
3196 2664 3280 2730 ad
3356 2665 3821 2748 perditionem,
3912 2688 4044 2733 non
4122 2666 4268 2731 ideo
4347 2677 4569 2734 tamen
4643 2689 4751 2732 uon

2836 2752 3192 2834 corrigere:
3236 2759 3305 2817 et
3347 2753 3757 2835 experientia
3800 2760 4080 2818 testatur
4121 2752 4434 2835 expedire
4478 2764 4553 2820 ut
4592 2754 4753 2821 casti·

2837 2856 3098 2919 gemur:
3158 2836 3329 2919 quod
3375 2837 3911 2922 castigationibus
3957 2847 4270 2922 tanquam
4314 2840 4653 2907 medicinis
4697 2853 4754 2902 et

2837 2923 3341 3004 praeparatoriis
3383 2924 3689 2989 remediis
3734 2923 3815 2989 ad
3852 2925 4316 3007 poenitentiam
4354 2926 4750 2993 adducamur.

2839 3008 3087 3073 Verum
3127 3009 3648 3091 simplicissimus
3690 3031 3922 3076 sensus
3957 3020 4072 3084 est.
4120 3019 4196 3075 ut
4233 3012 4452 3076 Deum
4489 3014 4753 3079 dicamus

2838 3093 2943 3158 his
2989 3091 3206 3159 verbis
3248 3093 3628 3172 declarasse,
3675 3096 3801 3161 sibi
3843 3117 3977 3160 non
4022 3117 4210 3179 posse
4243 3096 4470 3164 fucum
4507 3109 4752 3163 externa

2838 3179 2973 3244 ulla
3014 3181 3226 3262 specie
3270 3182 3431 3260 fieri,
3475 3203 3561 3246 ne
3595 3182 3721 3247 sibi
3755 3183 3880 3264 ipsi
3902 3182 4058 3247 Heli
4104 3191 4218 3247 aut
4259 3183 4383 3248 filii
4419 3186 4751 3269 imponant,

2840 3266 3047 3348 quasi,
3106 3266 3276 3349 quod
3335 3266 3509 3350 apud
3557 3267 3774 3332 Deum
3819 3288 3939 3352 pro
3983 3269 4227 3351 populo
4271 3270 4750 3352 intercederent,

2837 3358 2905 3414 et
2947 3371 3096 3415 eum
3136 3352 3264 3435 ipsi
3310 3353 3822 3430 reconciliarent,
3882 3354 4090 3419 multo
4135 3357 4350 3438 magis
4394 3357 4522 3422 sibi
4564 3367 4754 3422 essent

2837 3436 3052 3519 ipsum
3096 3439 3593 3505 reconciliaturi.
3683 3438 3853 3504 Nam
3914 3441 4026 3522 qui
4078 3440 4368 3506 universi
4415 3442 4633 3526 populi
4670 3451 4754 3506 est

2837 3523 3246 3599 intercessor,
3292 3524 3611 3606 quomodo
3654 3526 3755 3590 sui
3798 3527 4004 3608 ipsius
4050 3547 4179 3591 non
4225 3527 4449 3592 esset?
4519 3528 4618 3594 Ita
4647 3528 4754 3594 sibi

2836 3617 3134 3691 poterant
3189 3610 3347 3675 Heli
3414 3619 3480 3676 et
3543 3610 3661 3675 filii
3727 3610 3867 3677 eius
3930 3611 4286 3694 imponere,
4356 3615 4750 3699 privilegium

2837 3695 3055 3759 nescio
3099 3696 3270 3779 quod
3305 3695 3426 3761 sibi
3464 3717 3623 3780 prae
3657 3698 3928 3763 caeteris
3962 3697 4363 3780 pollicentes.
4429 3701 4528 3765 At
4547 3697 4755 3766 inutile

2833 3781 2972 3846 sore
3015 3781 3199 3846 Deus
3242 3784 3630 3865 pronuntiat
3674 3783 3989 3867 quidquid
4047 3786 4506 3867 praetendant,
4566 3805 4753 3868 neque

2836 3886 3078 3948 poenas
3143 3888 3486 3933 evasuros:
3556 3869 3669 3934 sed
3737 3879 3948 3934 ratam
4012 3868 4332 3936 adversus
4398 3874 4576 3955 ipsos
4637 3871 4754 3936 tore

2835 3950 3461 4032 condemnationem,
3530 3955 3702 4036 quod
3768 3955 3950 4020 nullo
4015 3976 4376 4039 poenarum
4446 3967 4626 4024 metu
4685 3954 4754 4021 ad

2836 4039 3391 4119 praeveniendum
3459 4040 3588 4105 Dei
3647 4040 3966 4107 iudicium
4023 4043 4184 4107 moti
4243 4042 4515 4108 fuerint.
4609 4042 4757 4107 Nam

2836 4125 2955 4188 etsi
3016 4122 3172 4188 Heli
3232 4126 3452 4208 procul
3514 4127 3593 4191 ab
3638 4126 3983 4210 iniquitate
4025 4127 4310 4194 filiorum
4356 4151 4629 4196 suorum
4671 4129 4761 4193 ab·

2835 4209 2979 4288 fuit,
3025 4231 3143 4274 nec
3182 4209 3407 4275 eodem
3453 4211 3590 4276 loco
3637 4221 3738 4277 est
3780 4233 3909 4296 quo
3944 4213 4043 4278 illi
4079 4214 4443 4290 habendus,
4491 4214 4659 4298 quod
4691 4234 4760 4277 ex

2834 4294 2956 4360 hoc
3000 4294 3139 4360 loco
3183 4297 3343 4362 satis
3389 4299 3805 4382 perspicuum
3841 4307 3959 4379 est,
4005 4307 4072 4365 et
4106 4321 4188 4365 ex
4225 4301 4439 4384 ipsius
4476 4300 4759 4382 deinceps

2833 4390 3061 4464 morte,
3129 4403 3461 4465 nunquam
3532 4395 3751 4449 tamen
3807 4406 3883 4450 eo
3950 4385 4322 4450 divinorum
4387 4386 4756 4452 iudiciorum

2833 4474 3035 4549 metu,
3082 4487 3210 4549 quo
3254 4469 3581 4549 decuerat,
3627 4471 3964 4553 perculsus
4007 4481 4127 4536 est.
4214 4472 4354 4537 Nos
4395 4494 4556 4538 vero
4598 4493 4760 4537 men·

2835 4551 3009 4618 tibus
3054 4555 3297 4618 nostris
3342 4554 3536 4620 altius
3579 4557 3929 4634 infigamus
3972 4564 4106 4622 tam
4153 4557 4559 4623 horrendu‘m
4602 4561 4665 4622 in
4696 4558 4758 4619 fi-

2832 4638 2956 4702 lios
3000 4637 3154 4703 Heli
3201 4640 3568 4705 derivatum
3613 4641 3946 4721 iudicium,
4013 4644 4190 4727 quod
4234 4646 4533 4726 paternis
4575 4641 4759 4709 moni·

2836 4724 2920 4787 tis
2979 4745 3201 4789 aurem
3264 4727 3572 4808 praebere
3629 4728 3883 4793 facilem
3929 4732 4317 4796 recusarint.
4405 4730 4584 4796 Nam
4629 4729 4759 4794 hinc

2834 4810 3017 4875 facile
3054 4810 3426 4895 colligimus
3471 4815 3663 4895 ipsos,
3708 4815 3763 4879 si
3808 4815 4278 4896 poenitentiam
4323 4817 4566 4881 seriam
4610 4814 4760 4899 egis·

2834 4908 2997 4974 sent,
3055 4900 3317 4963 veniam
3376 4919 3416 4960 a
3458 4897 3742 4963 Domino
3800 4901 4000 4966 fnisse
4055 4901 4546 4985 impetraturos.
4649 4901 4759 4962 Ve-

798 4986 935 5050 acie
979 4993 1246 5060 stemus,
1306 4990 1371 5046 et
1414 4982 1699 5047 iuratum
1744 4980 1965 5044 Deum
2023 4999 2412 5063 quacunque
2470 4980 2732 5047 duxerit
2781 4961 2786 4992 ¹
2833 5002 2981 5046 rum
3016 4981 3186 5064 quod
3229 4983 3298 5047 in
3336 4983 3684 5066 reprobum
3720 5006 3983 5051 sensum
4023 4997 4211 5053 erant
4245 4988 4547 5066 coniecti,
4590 5005 4759 5069 opor-

795 5069 1216 5140 imperterriti
1261 5088 1627 5152 sequamur.
1696 5065 1865 5130 Nam
1909 5085 2073 5148 quae
2117 5064 2456 5148 qualisque
2490 5066 2733 5133 iniuria
2834 5068 2960 5131 tuit
3003 5077 3068 5132 et
3110 5068 3287 5150 ipsos
3329 5068 3400 5132 in
3447 5069 3582 5134 suis
3623 5070 3893 5153 flagitiis
3933 5071 4252 5153 indurari,
4295 5083 4363 5138 et
4407 5094 4486 5138 eo
4521 5071 4760 5157 quidem

797 5157 984 5219 ficret
1019 5176 1057 5218 a
1093 5157 1296 5231 nobis,
1342 5155 1399 5219 si
1445 5176 1577 5218 non
1622 5151 1814 5216 modo
1858 5152 2075 5217 verbis
2121 5152 2329 5234 ipsius
2374 5151 2571 5216 fidem
2597 5175 2730 5218 non
2834 5174 3056 5236 usque,
3103 5162 3178 5218 ut
3222 5176 3306 5218 ne
3341 5155 3632 5237 paternis
3668 5156 3929 5238 quidem
3965 5156 4529 5226 admonitionibus
4566 5158 4758 5222 locum

798 5239 1275 5317 adhiberemus,
1320 5240 1431 5307 sed
1477 5239 1534 5304 si
1578 5259 1660 5304 ne
1703 5239 1917 5304 iurato
1961 5236 2222 5321 quidem
2269 5236 2729 5306 crederemus?

2836 5239 3152 5305 facerent:
3212 5240 3387 5323 quod
3431 5239 3746 5307 nimirum
3800 5243 3983 5309 Deus
4023 5245 4173 5311 illos
4217 5254 4386 5311 esset
4430 5245 4760 5314 occisurus.
