5059 6059
409 351 534 417 425

402 549 694 625 tempore
729 540 1199 625 producendos.
1285 541 1509 624 Quum
1542 560 1700 610 vero
1735 540 2040 625 deinceps
2073 542 2331 607 attoniti

400 627 609 693 fuisse
668 626 972 693 dicuntur
1028 627 1385 708 Philietaei,
1445 627 1749 706 dicentes,
1808 627 1980 695 Deos
2011 627 2157 692 illos
2200 648 2332 693 esse

399 714 515 796 qui
577 714 914 798 Aegyptios
977 712 1125 779 olim
1178 713 1605 797 profliyarint,
1668 712 1823 778 inde
1883 723 2151 797 apparet
2194 722 2330 779 tam

400 799 828 865 admirandae
882 798 1064 864 illius
1118 799 1521 865 liberationis
1578 799 1959 865 memoriam
2005 801 2127 864 iam
2173 799 2329 863 olim

396 884 612 951 factae
656 884 829 968 apud
874 884 1174 951 ethnicos
1213 885 1358 951 illos
1400 886 1809 966 remansisse,
1867 894 1935 949 et
1976 886 2069 951 ita
2111 883 2328 949 Deum

394 970 468 1036 in
515 971 655 1037 suis
697 971 1002 1054 operibus
1045 971 1243 1037 fuisse
1286 969 1369 1037 ab
1412 972 1430 1035 i
1483 971 1660 1036 naris
1702 971 1832 1036 illis
1873 970 2149 1054 populis,
2206 971 2328 1036 etsi

392 1077 537 1122 non
579 1055 663 1122 ad
704 1058 995 1140 ipsorum
1038 1056 1336 1134 salutem,
1398 1078 1441 1140 g
1467 1057 1858 1123 orificatum:
1916 1054 2087 1138 quod
2132 1076 2329 1139 quam

390 1142 599 1208 inviti
685 1142 974 1208 retinent
1046 1143 1428 1207 memoriam
1495 1142 1739 1207 vellent
1803 1142 2128 1208 abolitam.
2214 1140 2328 1207 Sic

388 1226 704 1294 videmus
746 1229 826 1293 in
885 1237 1127 1311 papatu
1171 1227 1485 1294 miracula
1526 1227 1718 1294 valde
1762 1226 2152 1311 praedicari:
2211 1226 2326 1293 sed

386 1313 515 1464 {fla
529 1334 725 1464 ‘¹1:33³
737 1313 1589 1484 333?2.33⁵}⁰.2‘}31..¹{².·5
1624 1324 1906 1465 :iffi
1915 1312 2326 1464 ⁰⁸:030:'53123

388 1484 470 1550 in
514 1486 917 1551 contrarium
961 1506 1151 1551 usum
1197 1506 1387 1552 versa
1427 1483 1652 1566 fuisse,
1695 1493 1773 1550 ut
1814 1486 1882 1549 in
1925 1484 2327 1551 contumacia

389 1568 716 1637 adversus
778 1570 994 1636 Deum
1047 1571 1610 1637 confirmarentur.
1698 1569 1948 1636 Verum
1991 1569 2325 1635 enimvero

385 1655 589 1723 Deus
641 1656 748 1723 vel
802 1656 974 1739 apud
1031 1656 1272 1722 invitos
1328 1665 1428 1721 est
1471 1655 1895 1740 glorificatus:
1956 1653 2131 1720 unde
2173 1675 2326 1722 eon-

381 1742 695 1826 spicuum
759 1750 876 1819 est,
939 1741 1158 1807 Deum
1221 1741 1418 1809 etiam
1483 1741 1891 1807 inimicorum
1947 1761 2213 1807 suorum
2256 1740 2323 1805 in

388 1826 617 1893 medio
660 1848 744 1893 ex
786 1827 922 1893 suis
964 1828 1266 1911 operibus
1310 1827 1585 1913 gloriam
1627 1827 1965 1909 consequi:
2009 1827 2131 1893 etsi
2173 1845 2328 1891 con-

392 1913 549 1980 fusa
602 1913 720 1978 illa
768 1912 1049 1998 cognitio
1105 1914 1210 1994 sit,
1268 1924 1336 1978 et
1389 1914 1628 1978 mentis
1682 1913 1945 1979 illorum
2001 1932 2117 1995 per
2168 1911 2324 1978 cali-

391 1999 622 2083 ginem
675 1999 846 2065 acies
904 2000 1265 2082 perstricta,
1323 2009 1398 2064 ut
1438 1999 1571 2064 illis
1612 1998 1940 2064 miraculis
1982 1995 2063 2062 ad
2110 1998 2323 2062 Deum

385 2082 630 2150 adduci
682 2094 1027 2167 nequeant,
1091 2083 1176 2150 ad
1232 2084 1574 2150 veritatem
1619 2085 1825 2168 ipsius
1867 2104 1906 2149 a
1945 2083 2216 2148 fallaciis
2259 2091 2326 2148 et

386 2169 780 2253 imposturis
849 2168 1089 2235 diaboli
1161 2169 1672 2236 discernendam.
1760 2167 2324 2251 Quemadmodum

393 2254 529 2322 hoc
592 2256 730 2321 loco
794 2253 1086 2320 fatentur
1147 2255 1406 2339 quidem
1473 2255 1809 2320 Philistaei
1871 2255 2088 2321 Deum
2138 2253 2321 2318 illum

393 2361 545 2407 esse
607 2340 720 2425 qui
781 2339 1144 2425 Aegyptios
1205 2342 1360 2407 olim
1412 2342 1483 2406 in
1541 2340 1819 2426 gratiam
1876 2340 2323 2406 Israelitarum

388 2425 639 2491 afflixit
717 2433 784 2493 et
858 2427 1199 2511 postravit.
1244 2469 1251 2478 ·
1289 2426 1421 2493 Sed
1486 2437 1561 2491 ut
1620 2448 1805 2492 mens
1867 2425 1891 2490 i
1939 2446 2161 2492 sorum
2223 2433 2322 2490 est

386 2532 607 2590 caeca,
665 2511 889 2595 plures
942 2511 1096 2577 deos
1148 2512 1612 2595 imaginantur,
1667 2533 1743 2579 ae
1785 2512 1894 2594 qui
1940 2533 2016 2576 us
2061 2510 2320 2576 videtur

388 2597 706 2682 epithetis
749 2596 895 2663 illos
937 2596 1299 2682 designant.
1389 2598 1479 2663 Et
1520 2599 1615 2662 ita
1645 2597 1882 2663 misere
1917 2596 2320 2663 maiestatem

390 2683 691 2750 divinam
734 2681 1139 2766 discerpunt:
1185 2683 1354 2767 quod
1399 2704 1531 2749 non
1573 2682 1918 2766 loquantur
1959 2681 2039 2747 de
2071 2683 2213 2765 ipsa
2249 2689 2320 2746 ut

388 2768 613 2836 voluit
664 2790 784 2853 per
838 2769 1044 2834 filium
1103 2770 1172 2833 in
1229 2778 1454 2835 sancto
1497 2789 1616 2834 suo
1659 2768 1994 2853 evangelio
2035 2767 2319 2851 agnosci.

387 2854 653 2922 Plurali
697 2875 968 2921 numero
1013 2854 1237 2921 dicunt
1279 2855 1433 2921 deos
1474 2854 1875 2939 magnificos,
1920 2853 2072 2919 deos
2105 2851 2319 2919 excel·

388 2941 629 3019 lentes,
674 2939 826 3006 deos
869 2941 1186 3007 robustos.
1271 2939 1503 3024 Itaque
1543 2960 1629 3005 ex
1670 2949 1857 3023 parte
1897 2937 2156 3022 quidem
2200 2937 2321 3003 ali-

388 3047 596 3111 quem
640 3025 857 3091 Deum
896 3035 1328 3108 cognoscunt:
1372 3025 1487 3093 sed
1528 3025 1602 3090 in
1635 3045 1855 3090 errore
1945 3032 2317 3090 ermanent:

390 3111 571 3197 quod
641 3131 877 3178 verum
941 3109 1160 3177 Deum
1224 3132 1352 3177 non
1419 3120 1793 3195 agnoscunt.
1947 3111 2318 3177 uamobrem

389 3206 587 3264 tanto
650 3196 1030 3280 diligentius
1093 3217 1134 3261 a
1194 3196 1381 3264 nobis
1442 3195 1919 3263 observandum
1986 3204 2086 3262 est
2148 3195 2319 3280 quod

389 3282 699 3367 superius
731 3281 1038 3360 diximus,
1075 3303 1307 3366 nempe
1341 3292 1657 3366 oportere,
1691 3303 1892 3365 quum
1931 3280 2117 3347 Deus
2138 3282 2322 3348 nobis

389 3390 479 3436 ex
542 3390 663 3435 sua
722 3367 1183 3435 benevolentia
1247 3368 1602 3434 maiestatis
1666 3389 1821 3434 suae
1865 3366 2179 3450 quaedam
2223 3367 2323 3432 in·

390 3455 570 3522 dicia
626 3454 954 3538 patefacit,
1020 3474 1296 3537 quorum
1352 3453 1933 3538 apprehensionem
1991 3452 2325 3531 habemus,

390 3551 477 3607 ut
538 3540 775 3606 iisdem
837 3538 920 3604 ad
985 3539 1130 3606 eius
1192 3540 1571 3624 obsequium
1630 3538 2053 3604 deducamur:
2118 3548 2184 3603 et
2226 3538 2324 3603 lo-

387 3638 640 3712 quente
699 3626 839 3709 ipso
893 3625 962 3690 in
1011 3646 1127 3691 suo
1181 3625 1381 3691 verbo
1439 3625 1769 3691 silentium
1814 3624 2137 3707 praebere,
2195 3645 2320 3707 quo

386 3714 467 3779 in
530 3712 555 3778 i
641 3710 741 3776 'us
803 3710 1143 3777 voluntate
1208 3711 1598 3791 erudiamur,
1664 3731 1704 3776 a
1767 3731 1895 3794 qua
1956 3709 2151 3774 unica
2196 3709 2321 3774 toti

390 3732 819 3883 mnfflmus,
864 3796 1236 3880 cultumque
1276 3797 1394 3861 uni
1434 3796 1533 3861 illi
1577 3796 1864 3863 debitum
1909 3793 1990 3860 ab
2023 3794 2321 3861 omnibus

390 3886 923 3968 ἔθελοθρησκείαις
963 3881 1423 3962 discernamus,
1466 3883 1806 3965 Deumque
1831 3901 2058 3947 verum
2081 3900 2120 3944 a
2142 3881 2318 3946 falsis

391 3979 469 4036 et
508 3968 912 4053 imaginariis
953 3968 1257 4034 omnibus
1292 3966 1485 4033 idolis
1519 3967 2015 4052 distinguamus.
2098 3970 2319 4049 Atque

380 4055 593 4122 huius
647 4054 980 4120 doctrinae
1036 4053 1146 4120 hic
1202 4074 1363 4119 usus
1405 4061 1560 4131 esto,
1624 4062 1699 4118 ut
1738 4073 1871 4117 non
1915 4050 2107 4118 modo
2149 4074 2317 4117 nun-

385 4161 591 4225 quam
633 4141 945 4205 incertam
991 4159 1067 4206 ac
1107 4137 1408 4206 fallacem
1450 4137 1530 4203 de
1565 4139 1707 4204 Deo
1742 4138 2316 4221 apprehensionem

382 4227 770 4305 habeamus,
827 4224 939 4291 sed
995 4246 1140 4290 eum
1185 4225 1397 4308 qualis
1440 4231 1540 4291 est
1582 4242 2039 4309 agnoscamus:
2094 4233 2162 4289 et
2204 4243 2317 4287 vo·

382 4312 716 4378 luntatem
776 4311 917 4376 eius
970 4310 1427 4395 intelligamus,
1491 4329 1620 4393 qua
1679 4310 1937 4393 cognita
1993 4309 2318 4393 possimus

382 4399 619 4482 ipsum
682 4417 841 4462 vera
897 4396 1024 4462 fide
1076 4399 1400 4463 invocare.
1485 4395 1695 4461 Porro
1739 4405 1926 4460 extra
1966 4415 2158 4461 omne
2201 4393 2317 4460 du·

388 4483 583 4549 bium
626 4489 746 4564 est,
785 4502 904 4547 nos
946 4482 1240 4548 sensibus
1284 4481 1528 4548 nostris
1563 4490 1631 4546 et
1665 4480 2032 4546 intellectus
2067 4479 2319 4547 viribus

388 4589 735 4652 nunquam
803 4566 885 4632 ad
952 4568 1092 4633 eius
1155 4567 1592 4652 cognitionem
1654 4575 2101 4651 perventuros,
2191 4565 2318 4631 nisi

389 4676 541 4723 sese
585 4654 760 4738 prior
801 4652 827 4717 i
872 4673 943 4718 se
986 4654 1172 4720 nobis
1213 4654 1580 4738 patefaciat.
1664 4652 1760 4718 At
1800 4672 1942 4718 sese
1985 4651 2182 4717 verbo
2204 4672 2319 4718 suc

386 4741 722 4827 patefacit,
786 4675 871 4806 ag
934 4738 1106 4824 quod
1167 4739 1379 4805 sancti
1443 4738 1709 4821 spiritus
1772 4738 1995 4803 lumen
2052 4735 2317 4815 accedit,

387 4847 526 4912 quo
571 4833 825 4891 mentes
846 4823 1261 4905 irradiantur,
1304 4845 1468 4910 quae
1491 4824 1776 4906 alioquin
1799 4821 2319 4906 profundissimis

390 4915 409 4930 ⁶
512 4912 805 4979 orantiae
849 4911 1133 4978 tenebris
1174 4911 1517 4977 immersae
1538 4914 2013 4993 permanerent.
2074 4906 2321 4989 Quam-

391 5019 435 5065 ο
480 5018 622 5064 rem
702 5017 831 5080 quo
888 4997 1148 5064 densior
1204 5006 1305 5063 est
1366 5006 1737 5062 nostrarum
1794 4992 2112 5059 mentium
2177 5015 2319 5060 cae·

390 5085 580 5165 citas,
640 5082 770 5149 nisi
821 5083 1092 5150 coelitus
1142 5082 1610 5159 illuminentur,
1670 5101 1747 5146 eo
1791 5079 2128 5146 ardentius
2171 5100 2318 5146 nos-

391 5182 578 5237 trum
645 5188 786 5234 esse
849 5169 1143 5235 studium
1209 5167 1400 5234 debet
1462 5167 1632 5234 hanc
1689 5165 1974 5233 scholam
2017 5164 2318 5250 frequen-

390 5255 602 5335 tandi,
648 5252 997 5340 Deumque
1038 5254 1342 5342 precibus
1383 5253 1792 5333 sollicitandi,
1837 5260 1913 5319 ut
1953 5271 2077 5317 nos
2120 5250 2317 5320 verbo

1746 353 1848 420 IN
1890 353 1945 420 1.
1988 353 2171 420 LIB.
2215 351 2617 423 SAMUEL.
2664 356 2863 424 CAP.
2907 354 3028 420 IV.

4229 359 4357 426 426

2428 567 2549 612 suo
2615 544 2840 612 doceat
2903 552 2970 611 et
3023 551 3224 629 regat,
3288 565 3415 629 quo
3472 543 3706 628 dignos
3759 545 3833 610 in
3877 546 4064 614 nobis
4106 547 4358 615 fructus

2431 638 2614 697 tanto
2656 631 2914 697 doctore
2956 632 3256 713 proferat.

2602 721 2818 800 Atque
2891 716 3204 781 hactenus
3269 716 3348 782 de
3403 716 3565 783 istis.
3655 715 3968 800 Sequitur
4021 716 4352 803 deinceps:

2430 802 2807 868 Phili-§taces
2857 802 3108 883 praelio
3169 803 3508 868 decer-tasse
3566 822 3709 868 eum
3750 803 4087 881 Israelita,
4154 814 4221 868 et
4274 803 4355 870 de

2429 890 2764 966 Israelitis,
2820 907 3002 953 caesa
3053 887 3315 970 triginta
3368 888 3688 953 hominum
3728 888 3935 953 mazia
3976 889 4357 956 occubuisse.-

2427 994 2502 1039 ac
2555 993 3051 1055 unumquemque
3101 993 3179 1038 ex
3234 973 3496 1055 reliquis
3535 974 3608 1039 in
3640 994 3829 1039 suum
3885 974 4353 1041 tabernaculum

2426 1060 2607 1126 valde
2649 1058 3084 1144 perturbatum
3140 1063 3222 1122 et.
3250 1059 3322 1124 in
3362 1060 3633 1124 maxirno
3677 1059 3842 1125 luctu
3880 1060 4136 1143 fuyisse.
4224 1061 4353 1125 Mi-

2429 1144 2635 1211 randa
2696 1165 2852 1210 sane
2915 1155 3186 1228 strages,
3252 1154 3317 1208 et
3380 1165 3547 1227 quae
3605 1145 3814 1228 primo
3867 1146 4112 1210 intuitu
4155 1145 4351 1210 fidem

2429 1252 2689 1296 omnem
2744 1250 3053 1314 superare
3096 1229 3371 1295 fortasse
3417 1228 3733 1296 videatur.
3820 1230 4013 1313 Nam,
4069 1229 4350 1311 obsecro,

2428 1337 2705 1399 quorum
2768 1336 2809 1379 a
2863 1315 3157 1399 partibus
3213 1315 3523 1382 inclinata
3565 1325 3664 1381 est
3707 1315 4031 1381 victoria?
4098 1316 4350 1400 Nempe

2428 1403 2507 1467 ab
2584 1422 2807 1467 eorum
2893 1401 3001 1484 qui
3078 1401 3517 1467 recentissime
3579 1399 3662 1466 ad
3728 1401 3856 1466 Dei
3917 1403 4350 1484 praesentiam

2427 1488 2751 1567 commoti,
2811 1485 3112 1569 deinceps
3155 1484 3471 1551 adversus
3514 1487 3655 1553 eius
3701 1487 4102 1553 maiestatem
4150 1487 4345 1552 obfir-

2426 1571 2604 1650 mati,
2641 1593 2830 1654 quam
2870 1573 3051 1656 prius
3084 1580 3476 1653 metuerant,
3511 1574 3708 1638 etiam
3742 1573 4057 1638 lacessere
4081 1571 4344 1654 audent,

2424 1667 2493 1725 et
2550 1659 2790 1742 praelio
2847 1677 3151 1740 superare
3207 1658 3530 1723 nituntur.
3618 1657 3679 1723 Ο
3737 1656 3992 1724 facinus
4035 1657 4344 1740 impium!

2427 1744 2488 1810 Ο
2568 1743 2921 1809 satanicam
2999 1743 3471 1826 arrogantiam!
3574 1742 3746 1809 Nam
3811 1744 3935 1827 ipsi
4001 1742 4349 1810 daemones

2425 1850 2642 1896 coram
2709 1829 2835 1894 Dei
2897 1829 3231 1894 maiestate
3295 1828 3585 1893 fremunt
3627 1838 3696 1893 et
3735 1829 4215 1906 cohorrescunt,
4280 1837 4348 1895 et

2426 1915 2761 1981 horrorem
2798 1913 2985 1979 illum
3023 1933 3353 1995 nunquam
3389 1914 3743 1996 deponunt.
3829 1913 3925 1979 At
3955 1914 4347 1982 Philistaeos

2422 2001 2584 2067 istos
2649 2000 3077 2083 conspicimus
3133 1999 3319 2063 initio
3377 1999 3634 2082 quidem
3693 1999 4038 2065 formidine
4092 2000 4348 2085 ingenti

2424 2098 2664 2169 captos,
2719 2107 2796 2151 eo
2854 2106 3061 2169 usque
3118 2083 3475 2162 devenisse,
3531 2096 3607 2150 ut
3662 2082 3877 2150 Deum
3919 2085 4186 2151 Israelis
4233 2085 4346 2151 ad-

2422 2171 2785 2239 versarium
2829 2193 2969 2237 esse
3011 2170 3132 2236 sibi
3173 2171 3657 2236 constituerint:
3704 2169 3817 2236 sed
3855 2171 4117 2237 tandem
4152 2170 4345 2237 obfir-

2422 2257 2619 2323 matis
2683 2257 2935 2330 animis‚
2999 2258 3194 2321 etiam
3256 2277 3448 2322 ausos
3512 2276 3656 2321 cum
3722 2257 3838 2321 illo
3900 2257 3971 2321 in
4016 2265 4346 2323 certamen

2423 2342 2830 2421 descendere,
2887 2351 2953 2407 et
2993 2342 3166 2407 ultro
3207 2361 3591 2424 provocare,
3636 2349 4019 2425 experturos
4061 2344 4191 2408 utri
4234 2363 4345 2408 su-

2422 2428 2707 2512 periores
2771 2435 3004 2505 essent,
3082 2435 3305 2492 tamen
3369 2427 3704 2492 victoriam
3771 2436 4121 2511 reportare.
4209 2426 4346 2493 Sed

2422 2514 2502 2580 de
2561 2513 2811 2597 quibus,
2866 2512 3147 2590 obsecro,
3192 2521 3519 2596 reportata
3562 2513 3843 2579 victoria
3886 2511 4341 2597 triumphant?

2422 2600 2675 2682 Nempe
2731 2598 2811 2664 de
2864 2598 3203 2678 Israelitis,
3262 2598 3388 2663 Dei
3447 2599 3722 2684 gloriam
3781 2619 4164 2682 promovere
4205 2605 4345 2664 stu-

2423 2684 2744 2763 dentibus,
2790 2684 2871 2750 de
2912 2685 3063 2750 filiis
3106 2683 3230 2749 Dei
3275 2683 3616 2767 adoptivis,
3663 2684 3745 2748 de
3786 2685 3993 2750 electa
4028 2683 4152 2749 Dei
4189 2683 4345 2748 hae·

2421 2771 2716 2836 reditate.
2802 2771 2895 2835 At
2949 2772 3097 2853 quis
3155 2790 3284 2834 non
3342 2769 3594 2834 coelum
3654 2779 3865 2835 terrae
3921 2768 4142 2852 potius
4189 2769 4344 2834 mis-

2422 2856 2717 2935 cendum,
2794 2876 2991 2939 quam
3054 2854 3293 2920 factum
3360 2861 3493 2918 tam
3551 2853 3947 2919 horrendum
4012 2854 4344 2919 existimet

2423 2941 2848 3008 eventurum?
2920 2940 3135 3006 Verae
3205 2939 3536 3024 religionis
3605 2939 3823 3005 hostes
3879 2938 4341 3023 capitalissimi,

2422 3029 2604 3095 verbi
2669 3027 2797 3093 Dei
2862 3034 3361 3109 contemptores,
3430 3026 3560 3090 imo
3615 3025 3741 3089 Dei
3782 3025 3988 3107 ipsius
4047 3023 4228 3090 velut
4269 3024 4340 3088 in

2421 3114 2653 3179 faciem
2710 3121 3161 3196 conspuentes,
3220 3111 3494 3178 victoria
3550 3110 3744 3194 potiri
3787 3130 4069 3192 suosque
4111 3108 4341 3173 trium-

2423 3200 2591 3283 phos
2647 3219 2870 3284 agere:
2930 3197 3208 3264 electum
3253 3217 3406 3262 vero
3451 3197 3775 3279 populum.
3821 3194 3949 3261 Dei
3993 3193 4339 3278 peculium,

2423 3286 2662 3350 amicos
2730 3283 2875 3362 Dei,
2960 3283 3093 3348 imo
3170 3290 3238 3347 et
3307 3282 3651 3364 adoptivos
3708 3281 3891 3362 filios,
3954 3301 4226 3364 quorum
4267 3279 4338 3344 in

2423 3370 2703 3455 gratiam
2745 3370 3028 3451 reliquae
3070 3379 3300 3453 gentes
3334 3368 3619 3434 abiectae
3651 3367 3929 3444 fuerant,
3973 3368 4044 3431 in
4079 3374 4338 3430 tantum

2423 3454 2702 3522 dedecus
2743 3455 2987 3531 venire,
3033 3463 3282 3519 tantam
3327 3452 3810 3518 multitudinem
3854 3472 4102 3518 caesam
4148 3470 4337 3517 occu-

2422 3540 2658 3620 buisse,
2727 3541 3007 3623 reliquos
3063 3539 3359 3623 palantes
3412 3540 3619 3603 instar
3673 3537 4061 3623 pavidarum
4116 3537 4339 3603 ovium

2421 3627 2587 3693 nihil
2631 3626 2758 3692 nisi
2815 3625 3065 3711 gladios
3129 3623 3490 3690 cervicibus
3557 3634 3948 3706 exspectare,
4016 3623 4160 3706 quis
4202 3642 4339 3687 non

2417 3713 2653 3779 merito
2716 3710 3035 3777 miretur?
3115 3710 3259 3793 quis
3325 3731 3457 3775 non
3520 3707 3829 3774 horreat?
3909 3708 4077 3790 Quis
4142 3706 4340 3773 huius

2418 3798 2621 3883 igitur
2671 3797 2984 3862 historiae
3041 3796 3306 3873 fructus,
3363 3814 3527 3877 quae
3583 3794 3874 3859 utilitas?
3934 3793 4154 3874 Quare
4208 3812 4337 3876 quo

2416 3883 2799 3949 insolentior
2843 3881 3028 3948 nobis
3069 3881 3351 3960 videtur,
3396 3900 3469 3944 eo
3513 3880 3829 3946 attentius
3870 3878 4059 3945 nobis
4092 3887 4195 3944 est
4229 3899 4336 3943 ex·

2417 3968 2792 4053 pendenda:
2830 3989 3030 4052 quum
3067 3966 3448 4051 praesertim
3483 3965 3792 4031 Psalmus
3826 3965 4337 4048 septuagesimus

2419 4066 2690 4121 octavus
2734 4055 2960 4119 eadem
3002 4052 3198 4136 plane
3240 4062 3715 4131 commemoret,
3761 4071 4038 4135 quorum
4079 4049 4337 4114 animus

2419 4141 2683 4207 horreat
2723 4138 2970 4205 auditu.
3053 4138 3407 4221 Postquam
3453 4138 3627 4202 enim
3666 4138 3996 4220 praefatus
4031 4134 4347 4219 propheta

2419 4227 2732 4311 populum
2777 4224 3149 4291 cohortatus
3192 4231 3311 4302 est,
3356 4244 3440 4289 ne
3483 4224 3717 4288 fierent
3759 4223 3928 4289 sicut
3970 4231 4186 4305 patres
4229 4238 4341 4284 eo·

2417 4333 2585 4388 rum,
2643 4311 2973 4396 generatio
3028 4330 3230 4394 prava
3284 4317 3349 4375 et
3404 4329 3814 4392 exasperans,
3871 4315 4227 4372 contumax
4269 4309 4339 4368 et

2417 4398 2707 4465 rebellis:
2753 4395 2886 4474 sed,
2932 4395 3012 4461 ab
3056 4397 3341 4478 ipsorum
3388 4395 3516 4460 viis
3559 4394 3790 4473 aversi,
3849 4413 3889 4458 a
3929 4390 4075 4456 Deo
4119 4387 4336 4454 doceri

2419 4492 2487 4548 et
2528 4484 2668 4567 regi
2711 4504 2780 4548 se
2823 4491 3220 4566 paterentur,
3266 4480 3475 4546 eidem
3519 4477 3871 4563 exprobrat
3912 4477 4105 4541 toties
4146 4493 4332 4556 repe·

2419 4570 2605 4634 titam
2650 4589 2690 4633 a
2732 4569 2874 4634 Deo
2920 4566 3358 4643 defectionem,
3426 4566 3615 4630 toties
3658 4564 4088 4630 introductam
4130 4559 4332 4625 idolo-

2423 4655 2705 4719 maniam
2757 4653 3043 4718 iudicum
3101 4652 3524 4736 temporibus,
3577 4671 3704 4733 qua
3749 4648 4069 4713 Dominus
4112 4645 4193 4711 ad
4239 4647 4336 4727 ip·

2418 4761 2524 4806 sos
2570 4740 2766 4805 variis
2810 4739 3019 4823 plagis
3061 4736 3434 4803 afficiendos
3477 4735 3675 4822 fuerit
3717 4734 4054 4799 incitatus:
4096 4730 4334 4813 quibus

2414 4825 2515 4891 illi
2579 4823 2834 4910 quidem
2898 4824 3160 4890 excitati
3223 4821 3441 4888 Deum
3505 4821 3914 4895 invocabant,
3993 4824 4059 4881 et
4113 4816 4336 4883 multis

2418 4932 2564 4976 cum
2630 4910 2916 4996 gestibus
2961 4909 3042 4975 ad
3088 4907 3594 4974 misericordiam
3635 4905 3824 4969 illum
3865 4904 4125 4968 flectere
4168 4903 4338 4967 nite·

2419 4998 2678 5077 bantur,
2735 4995 2850 5063 sed
2906 4996 3011 5061 sui
3053 5014 3309 5077 semper
3350 4992 3611 5070 similes,
3669 4988 3782 5055 ubi
3825 4990 4106 5074 primum
4150 4988 4336 5053 Deus

2417 5081 2498 5148 ad
2614 5103 2790 5149 reces
2848 5081 3109 5147 illorum
3192 5079 3372 5163 lagae
3416 5076 3787 5153 remisisset,
3869 5071 3952 5140 ad
3994 5073 4332 5157 ingenium

2418 5166 2558 5234 redi
2603 5177 2738 5236 ant.
2824 5166 2959 5234 Sed
3017 5177 3126 5232 tan
3177 5185 3279 5229 em
3338 5161 3518 5229 addit
3571 5161 3902 5245 propheta,
3960 5159 4176 5228 Deum
4232 5158 4336 5225 vi-

2418 5254 2636 5322 cissim
2679 5261 2778 5322 tot
2818 5251 3229 5323 contumeliis
3268 5249 3599 5317 irritatum
3642 5246 3990 5326 Siluntem,
4059 5246 4335 5314 electum
