5059 6059
282 335 402 401 3‘13

283 523 455 592 cultu
497 522 975 589 recesserimus.

1594 329 1695 397 IN
1737 330 1794 397 Ι.
1837 325 2018 395 LIB.
2067 328 2466 400 SAMUEL.
2510 331 2710 400 OAP.
2754 332 2885 399 111.

4108 332 4240 400 374

1067 520 1285 603 Quam
1330 520 1520 605 proni
1578 527 1737 586 sunt
1776 518 2073 586 homines
2115 520 2198 589 ad
2301 528 2359 590 et
2411 522 2651 590 vocavit
2703 522 2864 590 siout
2915 526 3238 589 vocaverat
3289 521 3571 602 secundo,
3632 519 3909 603 Semel,
3956 518 4233 605 Samuel,

284 606 696 676 vindicandas
739 608 865 673 sibi
909 608 1184 674 iniurias
1227 606 1466 684 illatas,
1520 613 1588 671 et
1630 605 1882 673 interea
1917 626 2050 670 non
2090 626 2197 674 co·
2301 614 2358 675 et
2399 610 2495 675 ait
2541 608 2797 675 Samuel
2807 632 2827 673 .·
2866 608 3164 692 Loquere,
3206 606 3361 690 quia
3398 609 3580 674 audit
3618 627 3837 674 servas
3876 613 4042 675 tuus.

281 697 505 781 gitant,
538 702 700 776 quot
732 695 1121 778 quantisque
1142 693 1363 759 Deum
1398 690 1811 758 contumeliis
1845 691 2198 771 affecerint,

281 801 466 866 quam
508 780 831 864 flagitiosa
873 778 1010 847 vita
1051 800 1169 845 suo
1223 797 1465 844 nomen
1525 777 1732 861 ipsius
1775 777 2199 860 profanarint,

280 889 350 934 ac
389 864 587 932 veluti
632 864 909 948 pedibus
952 864 1089 932 suis
1131 863 1589 948 proculcarint.
1678 861 1901 943 Quare
1945 861 2198 930 discen-

282 952 426 1017 dum
470 950 770 1033 exemplo
814 950 1219 1017 sacerdotum
1261 951 1560 1031 istorum,
1620 950 1734 1032 qui
1773 968 1975 1032 quum
2017 949 2198 1031 prius

278 1039 670 1120 assignatam
712 1038 1077 1121 portionem
1122 1034 1456 1115 haberent,
1514 1045 1731 1102 tamen
1789 1033 2197 1101 emendicare

276 1143 501 1207 panem
561 1121 690 1188 Dei
745 1121 985 1188 iudicio
1036 1121 1242 1188 coacti
1297 1129 1473 1199 sunt,
1539 1116 1710 1204 quod
1766 1119 1895 1184 Dei
1951 1119 2195 1204 gloriae

276 1228 401 1274 non
446 1217 521 1273 ut
565 1229 686 1291 par
719 1217 861 1273 erat
903 1206 1324 1285 studuissent,
1380 1209 1585 1272 vitam
1642 1217 1934 1272 nostram
1970 1226 2010 1270 a
2053 1206 2195 1271 Deo

275 1293 569 1378 pendere,
603 1294 787 1360 cuius
821 1294 1053 1359 honori
1094 1301 1163 1357 et
1196 1292 1444 1377 gloriae
1474 1289 1737 1358 studere
1772 1312 1892 1357 nos
1924 1298 2195 1374 oportet,

275 1390 340 1445 et
376 1380 433 1447 si
468 1399 603 1462 qua
643 1380 1029 1446 necessitate
1066 1399 1290 1444 rerum
1333 1398 1561 1444 earum
1604 1396 1768 1460 quae
1804 1376 1906 1443 vel
1944 1376 2026 1441 ad
2060 1398 2197 1443 cor-

272 1487 404 1549 pus,
448 1465 557 1533 vel
601 1464 683 1529 ad
706 1464 1001 1532 animum
1035 1462 1367 1548 pertinent
1408 1482 1776 1546 urgeamur,
1821 1460 1905 1527 ad
1928 1461 2194 1528 unicum

271 1551 447 1617 illum
513 1550 898 1636 confugere,
978 1551 1162 1615 cuius
1213 1559 1315 1615 est
1369 1550 1561 1615 unius
1637 1547 1948 1613 alimenta
2008 1545 2194 1616 nobis

271 1635 790 1702 subministrare:
830 1656 1027 1720 quam
1071 1634 1152 1701 ob
1186 1655 1448 1702 causam
1483 1633 1679 1699 etiam
1703 1654 1832 1699 non
1864 1633 2194 1700 immerito

273 1744 337 1788 se
388 1735 648 1805 patrem
704 1723 1069 1788 animarum
1134 1730 1504 1787 nostrarum
1565 1727 1769 1786 vocat.
1859 1717 2084 1799 Quare
2139 1720 2195 1786 si

271 1809 509 1892 amplas
561 1807 902 1873 facultates
959 1816 1027 1871 et
1079 1826 1236 1890 opes
1278 1805 1714 1881 habuerimus,
1756 1802 2045 1871 eiusdem
2087 1814 2193 1870 tu·

272 1894 430 1960 telae
482 1894 870 1959 commissos
923 1892 1206 1959 sciamus
1262 1912 1382 1957 nos
1439 1891 1653 1976 quiete
1707 1888 1839 1956 illis
1895 1900 1964 1955 et
2019 1898 2197 1956 tran-

272 1979 464 2062 quille
506 1980 865 2045 fruituros:
910 1988 978 2043 et
1019 1988 1247 2044 contra
1288 1978 1345 2044 si
1388 1978 1663 2061 exiguae
1704 1975 2064 2057 facultates,
2099 1982 2197 2041 ta-

270 2086 407 2131 men
463 2065 857 2150 effpcturum
917 2073 988 2128 ut
1043 2061 1300 2128 abunde
1368 2060 1553 2128 nobis
1617 2061 2052 2141 satisfaciant,
2120 2068 2197 2129 ut

311 2171 690 2234 uaecunque
749 2147 1014 2216 tandem
1079 2157 1303 2215 nostra
1367 2149 1565 2215 fuerit
1628 2146 1932 2226 conditio,
2013 2147 2199 2213 nobis

310 2236 557 2302 ebitum
604 2235 703 2300 illi
748 2235 1061 2301 honorem
1101 2243 1168 2300 et
1208 2232 1455 2300 cultum
1497 2231 1973 2313 exhibentibus,
2030 2232 2198 2298 nihil

270 2342 547 2405 unquam
600 2342 830 2387 eorum
870 2341 1037 2405 quae
1095 2319 1178 2386 ad
1225 2321 1428 2387 vitam
1482 2319 1793 2387 tuendam
1835 2319 2201 2385 necessaria

268 2415 414 2473 sunt
455 2405 883 2474 defuturum:
928 2417 998 2473 et
1038 2415 1287 2483 contra,
1325 2405 1406 2472 ab
1449 2405 1591 2473 eius
1633 2403 1993 2489 patrocinio
2028 2424 2197 2470 rece·

266 2492 560 2560 dentibus
617 2502 685 2559 et
738 2491 955 2561 debita
1009 2491 1379 2558 reverentia
1433 2509 1509 2558 ac
1566 2491 1751 2558 cultu
1808 2490 2022 2572 ipsum
2067 2511 2200 2556 non

264 2578 816 2664 prosequentibus,
875 2577 1163 2645 infausta
1219 2585 1288 2644 et
1342 2576 1629 2644 infelicia
1681 2575 1905 2642 omnia
1955 2576 2195 2654 futura,

268 2675 327 2729 et
376 2666 552 2764 ipsas
613 2675 873 2766 nostras
927 2663 1269 2730 facultates
1326 2660 1412 2727 ad
1466 2662 1744 2728 nihilum
1809 2659 2199 2746 redigendas

267 2771 549 2834 persuasi
602 2771 827 2817 sunus.

424 2835 567 2904 Sed
614 2838 808 2922 agite,
851 2833 1112 2913 fratres,
1155 2838 1260 2901 etc.

839 3125 1341 3209 HOMlLIA
1391 3126 1628 3209 XIII.

1053 3262 1251 3329 OAP.
1294 3261 1423 3328 ΙΙΙ.

427 3437 485 3500 1.
549 3435 741 3502 Puer
796 3437 1002 3499 autem
1046 3431 1304 3501 Samuel
1343 3434 1741 3501 ministrabat
1781 3435 2056 3503 Domino
2097 3456 2197 3503 co·

272 3541 397 3588 ram
438 3520 614 3601 Heli,
674 3523 733 3586 et
786 3539 990 3586 sermo
1032 3520 1299 3587 Domini
1340 3525 1475 3586 erat
1503 3521 1823 3601 pretiosus
1865 3523 1937 3588 in
1977 3521 2198 3588 diebus

273 3606 410 3689 illis,
465 3628 589 3673 non
654 3609 791 3673 erat
845 3606 1007 3671 visio
1059 3605 1417 3688 manifesta.
1502 3606 1567 3672 2.
1616 3605 1882 3674 Factum
1921 3613 2014 3674 est
2052 3627 2197 3692 erqo

273 3694 334 3758 in
373 3693 472 3760 die
512 3691 830 3776 quadam.-
871 3685 1026 3758 Heli
1065 3692 1307 3759 iacebat
1350 3692 1419 3758 in
1459 3691 1588 3759 loco
1628 3713 1763 3771 suo,
1805 3713 1913 3760 nec
1942 3698 2197 3776 poterat

268 3779 475 3845 videre.
585 3779 655 3844 3.
734 3779 1085 3860 Antequam

276 3862 513 3931 &muel
560 3862 916 3932 dormiebat
966 3865 1038 3928 in
1095 3864 1318 3945 mpla
1361 3862 1648 3948 Domini,
1710 3864 1823 3931 aba
1865 3870 2000 3931 erat
2039 3883 2195 3931 arca

272 3949 411 4015 Dei.
467 3949 528 4016 4.
570 3948 670 4015 Et
709 3948 1281 4016 vocavitDomims
1326 3945 1607 4015 Samuel:
1655 3949 1778 4032 Qui
1817 3950 2193 4032 respondens

271 4035 389 4099 ait.-
424 4035 579 4104 Eece
622 4055 752 4119 eqo.
819 4034 879 4100 5.
925 4034 1015 4101 Et
1053 4035 1329 4102 cucurrit
1367 4035 1453 4101 ad
1495 4034 1663 4118 Heli,
1705 4040 1762 4102 et
1798 4035 1994 4101 dioeit:
2032 4033 2192 4104 ane

270 4140 398 4203 eqo.-
434 4122 672 4188 vocasti
711 4120 877 4186 enim
916 4141 1034 4187 me.
1128 4120 1253 4203 Qui
1290 4120 1491 4187 dixit.-
1535 4120 1683 4187 Non
1722 4123 1955 4201 vocavi,
1995 4142 2194 4188 rever-

275 4212 389 4271 tere
426 4213 483 4273 et
522 4207 756 4273 domi.
849 4204 938 4272 Et
977 4206 1156 4287 abiit,
1199 4211 1257 4271 et
1295 4206 1612 4273 dormivit.
1701 4207 1762 4273 6.
1821 4206 1911 4273 Et
1965 4207 2191 4274 adiecit

274 4291 583 4359 Dominus
643 4311 909 4358 rursum
962 4313 1179 4361 vocare
1220 4290 1585 4358 samm.
1677 4291 2193 4377 consurgensque

278 4377 523 4444 Samuel
565 4377 730 4445 abiit
769 4377 1049 4458 adHeli,
1092 4382 1151 4444 et
1185 4378 1388 4445 dixit:
1431 4376 1591 4445 Ecce
1623 4398 1761 4462 eye.-
1792 4379 2191 4460 quiavocasti

275 4465 622 4615 ἵὸηεῳίτ
639 4484 676 4528 r
692 4485 894 4615 P'orro
904 4463 1778 4616 ἅὲαῗκῗειυῖἆὶωωέοᾷᾶἑι
1792 4469 2189 4629 'minz

277 4654 375 4700 nec
412 4634 724 4703 revelatus
762 4635 973 4718 fuerat
1011 4635 1074 4701 ei
1114 4655 1315 4701 semo
1355 4634 1640 4701 Domini.
1728 4636 1788 4701 8.
1833 4634 1921 4701 Et
1962 4635 2189 4702 adiecit

278 4716 600 4800 Dominus,
665 4726 721 4787 et
774 4722 1016 4821 fetavit
1079 4720 1283 4821 adbuc
1346 4718 1700 4819 Samuelem
1760 4723 1954 4787 tertio.
1979 4806 1994 4821 .
2062 4718 2188 4801 ραι·

278 4824 642 4959 mg?
667 4805 985 4959 ῗῗιέῗέὲι
1011 4806 1177 4976 {2²3
1211 4805 2136 4975 322‘2“,³„.-?⁰1302.⁹32.3“m²“
2075 4825 2190 4957 Ὦ

276 4996 547 5056 puerum.
638 4979 699 5044 9.
745 4978 835 5045 Et
888 4985 984 5044 att
1036 4979 1122 5045 ad
1166 4976 1542 5046 Samuelem:
1614 4976 1784 5046 Vade
1838 4981 1895 5043 et
1948 4978 2189 5045 dormi.-

281 5065 333 5125 σε
383 5065 443 5128 si
502 5064 790 5147 deinceps
841 5065 1147 5132 vocaverit
1195 5067 1269 5146 te,
1319 5064 1514 5131 dices:
1571 5059 1851 5145 Loquere
1901 5063 2187 5142 Domine,

280 5149 426 5228 quia
462 5151 647 5217 audit
692 5171 913 5218 servus
966 5155 1133 5215 tuus.
1221 5148 1403 5216 Abiit
1440 5169 1582 5234 erqo
1627 5147 1902 5232 Samuel,
1956 5154 2014 5214 et
2051 5148 2191 5214 dor-

1165 3778 1421 3844 luoema
1483 3775 1613 3843 Dei
1685 3780 2191 3879 exstinqueretur,

282 5235 452 5301 navit
490 5235 562 5301 iu
604 5235 728 5305 loco
767 5257 901 5304 sao.
991 5237 1093 5303 10.
1152 5234 1243 5301 Et
1294 5237 1457 5302 venit
1496 5235 1837 5316 Dominae,
1893 5239 1949 5300 et
1999 5235 2195 5302 stetit.-

2472 780 2798 846 Narratur
2874 777 3061 845 nobis
3117 779 3244 845 hac
3303 778 3578 844 historia
3653 776 4039 845 iudiciorum
4106 780 4237 847 Dei

2297 867 2667 933 futurorum
2724 863 3041 931 adversus
3093 864 3307 948 ipsum
3351 863 3531 943 Heli,
3583 862 3756 930 filios
3810 885 3886 931 ac
3942 873 4237 948 posteros

2297 952 2725 1020 confirmatio.
2809 949 2912 1016 Ac
2954 970 3112 1017 sane
3155 948 3340 1016 Deus
3383 948 3649 1033 quidem
3691 947 3936 1016 iudicia
3976 960 4236 1035 poterat

2298 1039 2587 1120 exsequi,
2627 1058 2748 1104 nec
2782 1056 2860 1101 ea
2894 1050 3114 1102 tamen
3139 1034 3256 1101 ulli
3290 1034 3698 1120 praedicere:
3742 1034 3855 1101 sed
3894 1036 3988 1102 ita
4024 1036 4236 1103 voluit

2298 1123 2412 1190 illo
2457 1134 2746 1206 tempore
2789 1121 3079 1205 patefieri
3134 1120 3525 1187 iudiciorum
3581 1140 3851 1187 suorum
3894 1122 4235 1190 certitudi-

2298 1231 2469 1290 nem,
2523 1207 2840 1275 adversus
2897 1207 3204 1292 profanos
3260 1204 3407 1272 illos
3462 1207 3565 1273 sui
3609 1206 3894 1272 nominis
3935 1216 4004 1274 et
4043 1228 4234 1275 sanc-

2297 1295 2495 1361 tuarii
2537 1295 3013 1378 profanatores,
3069 1301 3136 1359 ct
3167 1292 3381 1358 cultus
3415 1292 3518 1357 sui
3553 1290 4013 1375 depravatores
4038 1302 4233 1376 atque

2296 1390 2732 1463 corruptores.
2820 1379 2956 1446 Sed
3020 1388 3088 1444 et
3139 1377 3337 1443 huius
3391 1380 3622 1444 aetatis
3678 1377 3793 1443 illa
3849 1386 4008 1444 sunt
4060 1380 4233 1462 quod

2296 1489 2375 1533 ea
2431 1467 2619 1533 nobis
2673 1465 2859 1532 Deus
2912 1472 3251 1548 proponat,
3310 1485 3392 1529 ex
3451 1462 3686 1547 quibus
3727 1464 4232 1532 instructionem

2294 1552 2755 1638 percipiamus.
2820 1551 3067 1618 Notum
3106 1549 3280 1616 enim
3325 1569 3519 1633 quam
3562 1549 3887 1634 ingeniosi
3932 1549 4232 1618 homines

2292 1641 2365 1704 in
2409 1637 2541 1702 Dei
2581 1636 2834 1704 iudiciis
2893 1634 3333 1714 obscurandis,
3388 1644 3454 1699 et
3507 1634 3989 1719 ingratitudine
4044 1656 4229 1720 sepe-

2295 1723 2566 1802 liendis,
2618 1733 2684 1790 et
2744 1724 2826 1789 ab
2869 1723 2952 1789 iis
3006 1742 3159 1788 suas
3214 1720 3640 1805 cogitationes
3682 1720 4093 1800 avertendis,
4152 1729 4230 1787 ut

2297 1830 2631 1894 nunquam
2694 1808 2822 1876 nisi
2887 1809 2958 1874 vi
3021 1806 3300 1891 quadam
3377 1814 3492 1872 aut
3552 1815 3810 1890 praeter
3885 1827 4070 1890 spem
4142 1806 4226 1873 ad

2296 1916 2522 1962 eorum
2566 1894 3057 1961 meditationem
3098 1900 3432 1976 cogantur,
3498 1899 3566 1955 et
3597 1891 3835 1958 animis
3867 1913 4111 1975 eorum,
4153 1902 4230 1959 ut

2299 1980 2502 2048 deleri
2546 2000 2879 2065 nunquam
2923 1978 3197 2063 possint,
3239 1977 3712 2061 insculpantur.
3778 1976 3965 2044 Deus
4007 1980 4227 2063 itaque

2299 2067 2508 2134 voluit
2563 2078 2817 2132 mature
2873 2086 2996 2131 sua
3046 2063 3287 2130 iudicia
3342 2062 3721 2147 patefacere,
3773 2085 3858 2129 ne
3914 2083 4069 2132 casu
4112 2074 4231 2130 aut

2300 2161 2545 2219 temere
2599 2152 2948 2236 contigisse
3000 2150 3132 2228 illa,
3186 2147 3301 2216 sed
3362 2170 3403 2213 a
3440 2147 3586 2214 Deo
3641 2147 3744 2214 sui
3785 2156 4228 2233 contemptum

2299 2247 2368 2307 et
2409 2239 2626 2304 cultus
2664 2238 2769 2304 sui
2811 2236 3218 2319 corruptelas
3261 2232 3506 2300 diutius
3547 2254 3681 2299 non
3726 2232 4047 2302 tolerante
4088 2256 4229 2302 ma-

2303 2345 2495 2392 nasse
2540 2331 3111 2423 cognoscerentur.
3185 2321 3391 2421 Porro
3435 2319 3746 2403 temporis
3787 2319 3963 2421 illius
4005 2318 4231 2389 fideles

2302 2405 3446 2579 iffissssffffioffimssssnssffssssffigffssi
3494 2425 4230 2574 ssssffitssffiazzbt‘:

2303 2580 2486 2649 locus
2549 2580 2771 2647 nullus
2835 2578 3116 2662 amplius
3184 2584 3570 2660 superesset,
3646 2576 3780 2642 nisi
3842 2576 4029 2643 Deus
4091 2577 4231 2662 ipse

2304 2666 2622 2734 medicam
2686 2686 2959 2731 manum
3023 2663 3380 2731 adhiberet.

2306 2753 2580 2819 recreati
2621 2761 2689 2818 et
2729 2749 3098 2817 confirmati
3139 2759 3314 2828 sunt,
3370 2767 3445 2812 co
3494 2747 3634 2812 nito
3688 2745 3770 2813 de
3813 2746 4087 2814 ecclesia
4127 2771 4231 2815 re-

2306 2836 2648 2923 purganda
2689 2836 2817 2902 Dei
2861 2834 3138 2916 decreto,
3181 2854 3377 2918 quam
3492 2833 3577 2898 eli
3617 2831 3740 2898 filii
3783 2834 3920 2899 suis
3961 2853 4231 2919 corrup-

2307 2924 2456 2991 telis
2477 2943 2871 3008 magnopere
2904 2921 3405 2997 labefaotarant3
3447 2938 3615 3002 quae
3649 2919 3868 2984 omnia
3899 2919 4230 3001 sigillatim

2309 3011 2508 3077 huius
2565 3009 2687 3074 loci
2744 3008 2959 3091 capita
3015 3004 3493 3073 excutientibus
3548 3004 3714 3071 fient
3766 3003 4042 3070 notiora.
4139 3008 4231 3072 Et

2305 3097 2375 3162 in
2437 3095 2670 3180 primis
2725 3090 3245 3161 consideratione
3298 3088 3594 3175 dignum,
3652 3087 3822 3172 quod
3881 3109 4046 3172 puer
4102 3089 4229 3161 Sa-

2306 3181 2483 3249 muel
2525 3200 2741 3248 coram
2762 3177 2921 3245 Heli
2942 3178 3227 3244 Domino
3267 3175 3693 3254 ministrasse,
3751 3171 3820 3238 id
3862 3183 3980 3253 est,
4025 3177 4228 3244 eccle·

2304 3270 2438 3334 siae
2481 3265 2843 3332 ministerio
2879 3283 3163 3343 vacasse,
3205 3262 3350 3346 ipso
3388 3261 3546 3327 Heli
3567 3259 3827 3326 doctore
3863 3269 3931 3324 et
3964 3259 4231 3330 ductore

2302 3352 2559 3419 dicitur.
2622 3350 2797 3417 Nam
2840 3357 2984 3416 erat
3007 3348 3279 3416 Samuel
3320 3345 3537 3413 adhuc
3568 3346 3826 3412 iuvenis
3858 3344 4227 3429 admodum,

2297 3439 2370 3505 in
2412 3436 2655 3505 summi
2695 3434 3047 3503 sacerdotis
3090 3453 3313 3501 curam
3358 3453 3434 3499 ac
3478 3430 3886 3514 disciplinam
3921 3430 4225 3513 traditus,

2298 3545 2425 3609 quo
2468 3543 2612 3590 sese
2652 3520 2785 3590 Dei
2835 3520 3043 3589 cultui
3098 3518 3303 3596 daret,
3362 3517 3626 3584 dicaret.
3710 3517 3847 3582 Hic
3883 3516 4089 3601 igitur
4125 3520 4224 3585 iu·

2297 3610 2488 3677 venis
2532 3607 2862 3676 Samuelis
2903 3604 3192 3672 studium
3250 3602 3656 3682 describitur,
3710 3600 3892 3668 omni
3949 3621 4109 3669 cura
4158 3611 4228 3670 et

2297 3694 2731 3764 sollicitudine
2783 3693 2856 3757 in
2911 3691 3041 3758 Dei
3093 3690 3343 3759 cultum
3396 3687 3853 3772 incumbentis,
3910 3688 4016 3754 cui
4071 3710 4144 3756 se
4185 3712 4226 3758 a

2296 3779 2675 3865 parentibus
2719 3787 2870 3845 voto
2913 3776 3293 3844 adstrictum
3338 3774 3497 3840 satis
3524 3773 3841 3840 memoria
3873 3775 4224 3857 repetebat.

2293 3867 2445 3933 Non
2499 3861 2972 3932 contemnenda
3026 3883 3186 3929 sane
3242 3858 3667 3927 adolescentis
3723 3858 3966 3938 virtus,
4034 3882 4224 3928 suam

2294 3952 2702 4022 vocationem
2735 3948 3166 4034 agnoscentis,
3199 3946 3482 4015 fideliter
3514 3945 3585 4009 in
3627 3964 3706 4011 ea
3739 3966 3809 4011 se
3842 3947 4222 4025 exercentis,

2293 4048 2362 4105 et
2403 4039 2687 4105 officium
2725 4037 3026 4103 alacriter
3078 4032 3395 4100 facientis.
3480 4029 3672 4096 Adde
3715 4040 3785 4095 et
3838 4028 4222 4098 modestiam

2292 4135 2361 4190 et
2400 4122 2781 4206 obsequium
2813 4120 2974 4187 Heli
3016 4137 3274 4186 summo
3317 4115 3656 4192 sacerdoti,
3700 4124 4009 4200 tanquam
4044 4116 4222 4200 patri

2292 4220 2361 4276 et
2403 4208 2649 4275 doctori
2692 4207 3094 4291 praestitum.
3161 4203 3382 4285 Quare
3416 4201 3616 4268 huius
3658 4200 4031 4285 exemplum
4071 4201 4220 4266 imi-

2292 4295 2411 4362 tati
2455 4294 2784 4361 discamus
2824 4290 3082 4359 fidelem
3117 4310 3380 4373 operam
3417 4307 3660 4354 navare
3679 4285 3842 4368 Deo,
3875 4284 3956 4351 ad
3999 4307 4224 4371 quam-

2290 4402 2565 4464 cumque
2587 4400 2895 4446 vocemur
2928 4376 3011 4443 ab
3044 4378 3185 4461 ipso
3217 4372 3673 4451 conditionem,
3707 4381 3778 4438 et
3807 4371 3984 4437 omni
4005 4371 4221 4440 studio

2289 4487 2366 4533 ac
2430 4466 2654 4532 labore
2710 4465 2782 4530 in
2838 4484 2982 4530 eam
3048 4459 3464 4527 incumbere:
3529 4478 3777 4541 nosque
3837 4455 3921 4522 iis
3983 4455 4221 4540 quibus

2289 4552 2510 4618 traditi
2554 4571 2783 4617 sumus
2832 4561 2900 4616 et
2940 4547 3053 4632 qui
3096 4547 3478 4614 auctoritate
3536 4543 3798 4626 pollent,
3861 4542 4220 4628 morigeros

2289 4659 2367 4704 ac
2430 4636 2856 4719 obsequentes
2913 4655 3064 4699 cum
3118 4632 3297 4698 omni
3380 4628 3696 4696 modestia
3771 4628 4216 4712 praebeamus.

2286 4723 2434 4790 Hoc
2492 4720 2758 4789 nomine
2800 4718 3048 4786 Paulus
3090 4715 3504 4783 Timotheum
3561 4713 3986 4790 commendat,
4045 4714 4220 4796 quod

2292 4807 2656 4875 obediverit
2696 4805 3039 4891 evangelio
3080 4825 3219 4883 suo,
3258 4801 3526 4868 minime
3568 4799 3830 4884 quidem
3874 4797 4000 4864 sibi
4042 4797 4217 4882 quod

2286 4895 2484 4962 unius
2527 4892 2659 4959 Dei
2711 4901 2810 4959 est
2852 4913 2928 4959 ac
2972 4889 3239 4956 Domini
3304 4887 3510 4954 nostri
3551 4886 3703 4952 Iesu
3745 4881 3990 4950 Christi
4035 4903 4216 4949 arro·

2289 5001 2484 5066 gans,
2543 4986 3061 5062 potestatemque
3117 4975 3239 5041 hoc
3296 4971 3401 5039 vel
3455 4970 3618 5038 illud
3672 4968 4036 5052 imperandi
4094 4969 4215 5034 tri-

2286 5066 2514 5144 buens,
2572 5063 2688 5131 sed
2745 5063 2918 5148 quod
2963 5061 3342 5128 Timotheus
3398 5055 3658 5123 iuvenis
3698 5053 3890 5122 Pauli
3946 5054 4215 5121 consilio

2288 5173 2452 5237 opus
2494 5149 2785 5217 haberet.
2870 5148 3103 5232 Itaque
3149 5142 3414 5214 Samuel
3460 5143 3568 5210 hic
3606 5163 3646 5207 a
3688 5138 4005 5207 modestia
4046 5161 4216 5207 com·

2289 5236 2660 5316 mandatur,
2703 5236 2876 5321 quod
2918 5233 3128 5302 officio
3168 5251 3286 5298 suo
3330 5226 3609 5296 fideliter
3649 5226 3916 5293 functus
3961 5247 4037 5293 ac
4057 5226 4219 5293 Heli

3711 5328 3814 5384 240

3489 2661 3712 2743 Quare
3782 2682 3916 2728 non
3995 2683 4228 2746 parum
4346 2694 4350 2697 ·
