5059 6059
902 333 1030 399 287
2506 333 2913 399 HOMILIA
2956 333 3283 399 LXVIII.
4696 340 4781 407 288

896 521 1340 589 occasionibus
1383 520 1464 585 ad
1504 523 1817 585 ultionem
1850 523 2161 592 irritaret.
2205 524 2332 585 Dei
2358 532 2578 587 tamen
2603 525 2834 587 timore

900 621 966 672 et
1022 608 1227 691 ipsius
1291 606 1503 671 cultus
1547 627 1767 671 amore
1812 618 2087 685 tenetur,
2155 621 2221 672 et
2263 608 2439 673 intra
2481 608 2833 691 patientiae

900 694 1213 758 terminos
1256 692 1594 757 retinetur.
1684 692 1824 757 Nae
1860 689 2082 759 Saulis
2117 693 2516 776 ingratitudo
2554 695 2834 758 nimium

898 792 1035 844 erat
1094 778 1324 860 turpis,
1388 795 1446 841 et
1512 780 1746 842 merito
1791 790 2046 861 poterat
2092 777 2328 857 David,
2387 778 2511 845 sibi
2559 781 2832 844 nimium

896 865 1076 929 inuri
1135 863 1414 929 dedecus
1459 874 1526 928 et
1568 863 1986 940 intolerabile,
2048 865 2267 928 verbis
2310 867 2450 931 istis
2494 878 2609 929 aut
2651 866 2829 930 simi·

898 949 1068 1014 libus
1127 951 1453 1030 conqueri.
1542 949 1739 1014 Mene
1800 970 1952 1014 vero
2010 960 2145 1014 tam
2205 951 2496 1035 indignis
2544 952 2750 1016 modis
2796 971 2834 1015 a

899 1034 1104 1103 Saule
1147 1036 1378 1117 excipi,
1434 1047 1686 1099 tantum
1735 1033 2011 1100 dedecus
2055 1055 2175 1119 ego
2222 1036 2520 1118 paterer?
2611 1036 2832 1118 Quare

897 1122 1103 1186 filiam
1164 1119 1508 1203 despondit
1567 1132 1639 1185 ut
1683 1141 1757 1184 ea
1800 1142 1905 1185 me
1950 1122 2230 1204 turpiter
2274 1122 2650 1187 fraudaret?
2712 1144 2832 1203 ego

899 1212 1073 1291 regis
1132 1207 1362 1272 filiam·
1393 1227 1603 1289 neque
1663 1209 1963 1288 prensavi
2025 1228 2232 1290 neque
2278 1209 2464 1290 petii:
2522 1229 2643 1293 ego
2687 1230 2830 1274 sum

899 1306 1173 1376 paratus
1227 1291 1309 1357 ad
1368 1292 1625 1357 stabula
1683 1295 1899 1358 ovium
1956 1294 2161 1377 patris
2219 1294 2346 1357 mei
2408 1293 2638 1366 redire.
2694 1295 2833 1359 vita

899 1380 1059 1443 mihi
1119 1377 1374 1461 privata
1435 1378 1676 1459 placet:
1736 1398 1935 1461 quare
1994 1398 2150 1463 ergo
2210 1378 2318 1442 ille
2373 1400 2475 1444 me
2520 1378 2831 1445 dedecore

899 1465 1225 1541 affectum,
1263 1462 1602 1528 ridendum
1640 1464 1943 1528 omnibus
1982 1464 2326 1546 propinat?
2370 1487 2570 1546 quare
2593 1466 2831 1549 populo

899 1548 1166 1632 praebet
1221 1550 1619 1615 occasionem
1680 1570 1825 1615 cum
1889 1551 2025 1613 risu
2087 1550 2455 1632 quaerendi,
2514 1552 2831 1633 quomodo

897 1637 1008 1700 ille
1069 1656 1268 1719 gener
1314 1637 1487 1718 regis
1532 1636 1854 1719 repulsam
1903 1656 2133 1717 passus
2176 1635 2318 1700 est?
2409 1636 2586 1701 Sane
2629 1659 2827 1720 quum

897 1721 1040 1786 istis
1083 1721 1387 1785 omnibus
1437 1719 1649 1785 David
1696 1720 1999 1800 abstinet,
2043 1732 2109 1785 et
2144 1721 2270 1784 ista
2306 1743 2433 1786 non
2471 1741 2830 1788 commotus

896 1807 1137 1872 iniuria
1185 1806 1608 1871 nihilominus
1653 1810 1865 1891 pergit
1909 1807 1975 1870 in
2026 1806 2150 1871 Dei
2195 1808 2549 1885 vocatione,
2596 1823 2664 1874 et
2699 1831 2829 1874 non

898 1892 1138 1958 desinit
1184 1891 1366 1959 Sauli
1415 1906 1548 1955 tam
1593 1894 1869 1975 ingrato,
1918 1902 2049 1955 tam
2098 1893 2342 1975 perfido
2389 1893 2646 1959 fidelem
2680 1916 2829 1978 ope·

895 1998 1033 2042 ram
1100 1998 1360 2049 navare,
1423 1979 1579 2043 satis
1636 1998 1959 2060 superque
2007 1988 2283 2042 testatur
2326 2000 2395 2042 se
2440 1981 2829 2063 principium

900 2063 1061 2128 illud
1110 2065 1495 2147 cognovisse
1540 2063 1621 2127 de
1665 2084 1791 2144 880
1841 2084 2069 2146 parum
2117 2065 2502 2147 cogitamus,
2549 2078 2613 2130 et
2657 2066 2829 2149 quod

896 2165 1119 2213 tamen
1164 2151 1498 2214 obversari
1543 2150 1747 2214 oculis
1787 2163 2109 2230 oporteret
2146 2149 2425 2233 singulis
2464 2155 2828 2229 momentis,

898 2256 1129 2317 nempe
1192 2255 1312 2299 nos
1378 2235 1576 2299 etiam
1638 2234 1932 2299 hostibus
1992 2237 2227 2299 nostris
2287 2257 2427 2299 esse
2472 2236 2829 2318 devinctos,

895 2335 959 2383 et
1016 2321 1298 2387 officium
1363 2332 1654 2386 nostrum
1716 2341 1858 2384 esse
1919 2332 1992 2383 ut
2035 2321 2101 2384 in
2148 2322 2484 2387 vocatione
2529 2344 2830 2405 perseve-

898 2426 1136 2484 remus,
1198 2406 1319 2470 etsi
1389 2428 1504 2472 nos
1569 2407 1665 2470 illi
1731 2406 1955 2471 multis
2021 2406 2229 2471 modis
2296 2406 2634 2483 lacessant,
2705 2430 2830 2491 quo

902 2493 1084 2556 Deus
1143 2511 1262 2557 nos
1305 2513 1453 2557 cum
1499 2492 1628 2557 illis
1673 2492 1918 2556 versari
1965 2492 2148 2573 velit,
2214 2504 2279 2558 et
2321 2513 2513 2575 quam
2561 2496 2830 2577 quisque

901 2578 1298 2642 vocationem
1347 2579 1593 2660 accepit
1635 2599 1951 2643 exercere.

1072 2663 1163 2727 Et
1218 2662 1541 2727 hactenus
1597 2662 1675 2726 de
1736 2663 1990 2728 Davide
2034 2663 2280 2728 dictum
2326 2678 2465 2729 esto
2510 2665 2610 2730 bis
2655 2665 2827 2730 frau-

901 2749 1071 2826 dato,
1140 2759 1206 2811 et
1265 2761 1482 2812 tamen
1544 2749 1844 2812 iniuriam
1890 2749 2340 2814 dissimulante
2384 2751 2831 2834 patienterque

898 2835 1186 2900 ferente:
1233 2833 1456 2899 Saulis
1501 2856 1653 2899 vero
1696 2836 1933 2899 factum
1974 2834 2434 2917 expendamus,
2478 2858 2605 2919 quo
2642 2857 2827 2901 suam

899 2942 1027 2985 non
1068 2919 1259 2984 modo
1297 2920 1851 3003 ingratitudinem,
1888 2920 2004 2984 sed
2039 2940 2076 2982 a
2114 2935 2330 2985 mente
2366 2922 2828 2988 alienationem

897 3004 1206 3090 prodidit.
1295 3006 1466 3070 Nam
1526 3004 1696 3088 apud
1754 3027 1978 3071 omnes
2033 3005 2330 3072 homines
2386 3018 2641 3090 oportet
2683 3030 2831 3074 con-

898 3104 1146 3157 tractus
1181 3112 1322 3157 esse
1360 3094 1566 3157 bonae
1600 3091 1786 3156 fidei:
1830 3106 1898 3157 et
1923 3093 2137 3155 virum
2164 3094 2518 3177 principem
2544 3095 2830 3160 maxime

897 3175 1098 3255 decet,
1155 3176 1701 3258 quemadmodum
1759 3177 1903 3242 aliis
1959 3177 2275 3261 dignitate
2331 3189 2398 3243 et
2439 3180 2831 3245 excellentia

898 3262 1151 3345 praeire
1197 3263 1361 3342 vult,
1421 3264 1514 3329 sie
1559 3265 1756 3327 etiam
1802 3263 1870 3327 in
1918 3264 2142 3346 primis
2187 3263 2405 3328 datam
2450 3265 2647 3330 fidem
2692 3287 2829 3330 ser·

897 3370 1073 3413 vare.
1164 3348 1369 3413 Porro
1438 3349 1648 3431 qualis
1704 3360 2077 3415 contractus
2132 3366 2233 3414 est
2291 3351 2826 3417 matrimonium?

898 3434 1179 3518 Sapiens
1225 3432 1531 3500 Salomon
1581 3446 1768 3498 vocat
1809 3434 2101 3498 divinum
2147 3445 2547 3501 contractum
2593 3450 2656 3502 et
2704 3439 2831 3503 foe-

900 3519 1058 3583 dus:
1131 3535 1206 3584 ut
1272 3519 1495 3585 doceat
1559 3520 2023 3584 inviolabiliter
2086 3531 2384 3603 oportere
2426 3522 2695 3601 servari,
2761 3536 2830 3587 et

897 3605 1155 3688 quidem
1216 3609 1504 3670 sanetius
1566 3627 1757 3689 quam
1821 3606 2105 3689 reliquos
2161 3626 2385 3672 omnes
2429 3619 2826 3674 contractus.

896 3691 988 3756 Et
1053 3703 1271 3754 tamen
1331 3691 1541 3757 nullos
1598 3692 1852 3757 facilius
1914 3692 2143 3775 frangi,
2217 3694 2597 3775 praesertim
2657 3696 2827 3759 inter

897 3777 1223 3859 principes
1263 3779 1435 3842 viros
1478 3788 1726 3842 certum
1762 3789 1882 3855 est,
1921 3775 2034 3841 sed
2072 3779 2140 3841 in
2176 3799 2498 3842 summam
2536 3782 2824 3862 ipsorum

904 3860 1534 3927 condemnationem.
1616 3863 2059 3927 Nihilominus
2096 3861 2316 3928 Saulis
2345 3864 2618 3947 perfidia
2641 3865 2826 3930 nobis

900 3948 1008 4011 hic
1051 3949 1455 4031 proponitur,
1521 3969 1649 4031 qua
1691 3951 2073 4031 promissam
2117 3946 2360 4013 Davidi
2400 3950 2601 4014 filiam
2639 3971 2824 4016 suam

894 4033 1085 4098 alteri
1146 4045 1361 4098 tamen
1421 4035 1680 4116 repulso
1737 4033 1996 4099 Davide
2044 4033 2326 4107 tradidit,
2389 4047 2462 4100 ut
2504 4037 2825 4120 flagitium

892 4118 1056 4183 illud
1096 4129 1280 4182 tanto
1318 4121 1528 4203 magis
1564 4121 1924 4185 abominari
1966 4119 2308 4185 discamus.
2400 4121 2567 4186 Nam
2611 4143 2826 4186 nonne

892 4207 1031 4288 ipse
1094 4216 1279 4286 pater
1326 4204 1672 4271 videbatur
1706 4206 1905 4270 filiam
1946 4207 2218 4270 amatori
2260 4206 2539 4272 vendere
2574 4217 2640 4271 et
2675 4229 2825 4290 pro-

897 4292 1199 4356 stituere:
1249 4290 1768 4374 quandoquidem
1795 4291 2039 4356 Davidi
2065 4293 2378 4373 promissa
2403 4315 2536 4358 non
2573 4303 2828 4376 poterat

896 4377 1087 4441 alteri
1141 4375 1323 4440 dari?
1413 4376 1643 4460 Neque
1698 4377 1872 4441 enim
1921 4378 2153 4443 licebat
2198 4376 2381 4444 Sauli
2428 4380 2597 4461 quod
2645 4378 2827 4444 Deus

893 4463 1326 4528 coniunxerat
1370 4463 1761 4527 dissolvere:
1808 4483 2009 4545 quare
2048 4463 2235 4527 alteri
2273 4466 2538 4528 tradens
2582 4464 2824 4529 Davidi

894 4549 1344 4631 desponsatam
1386 4547 1725 4613 videbatur
1760 4561 2068 4631 tanquam
2106 4551 2173 4613 in
2210 4569 2414 4633 ganeo
2440 4550 2826 4631 producere:

894 4634 1415 4717 quandoquidem
1463 4635 1588 4698 Dei
1634 4636 1936 4698 instituto
1984 4636 2215 4699 mulier
2259 4657 2391 4700 non
2435 4647 2653 4718 potest
2684 4657 2825 4702 esse

895 4722 1172 4784 duorum
1233 4722 1527 4784 virorum
1588 4741 1790 4784 uxor:
1858 4720 2396 4802 quemadmodum
2459 4742 2667 4802 neque
2726 4723 2826 4786 vir

896 4825 1066 4870 unus
1122 4806 1396 4870 duarum
1460 4805 1824 4871 mulierum.
1917 4805 2137 4887 Quare
2195 4806 2348 4873 hinc
2401 4818 2673 4890 apparet
2716 4829 2825 4874 eos

891 4892 1002 4974 qui
1086 4891 1150 4954 in
1222 4891 1572 4956 rebellione
1635 4912 1754 4955 sua
1821 4891 2228 4967 indurantur,
2313 4906 2491 4957 tanto
2557 4902 2824 4974 stupore

893 4978 1078 5050 affici,
1127 4988 1199 5041 ut
1244 4979 1489 5041 malum
1536 4999 1574 5042 a
1613 4976 1777 5043 bono
1813 4978 2180 5044 discernere
2218 4988 2562 5061 nequeant,
2608 4980 2824 5060 parvi-

893 5081 1020 5143 que
1084 5062 1326 5128 faciant
1391 5063 1470 5127 de
1536 5086 1605 5128 se
1673 5064 2012 5128 hominum
2079 5065 2471 5147 opinionem,
2540 5075 2606 5127 et
2672 5065 2823 5130 licet

895 5146 1253 5212 maledictis
1311 5149 1662 5213 multorum
1709 5161 2030 5230 petantur,
2089 5150 2151 5213 id
2200 5151 2535 5233 negligere
2579 5159 2818 5223 tamen,

888 5233 1080 5298 modo
1137 5254 1343 5317 prava
1398 5255 1517 5299 888
1560 5234 1828 5300 00881118
1872 5236 2229 5317 perducant
2272 5234 2354 5300 ad
2398 5237 2599 5301 finem
2641 5247 2818 5318 opta·

2937 531 3101 586 tum.
3188 522 3325 588 Nos
3387 544 3540 588 vero
3593 524 4033 598 observemus,
4089 543 4278 606 posse
4322 524 4577 607 quidem
4610 528 4674 590 ab
4707 528 4787 591 ho·

2937 607 3221 673 minibus
3289 610 3521 675 violari
3588 611 4114 674 matrimonium:
4181 609 4350 692 quod
4406 622 4614 675 tamen
4658 611 4790 678 Deus

2932 703 3036 758 est
3094 693 3570 773 vindicaturus,
3632 694 4155 778 quandoquidem
4214 696 4356 760 eius
4399 706 4578 760 autor
4612 706 4707 777 est,
4745 716 4790 764 st

2936 776 3198 856 vindex,
3252 800 3329 846 ac
3373 780 3647 864 proinde
3694 781 3837 846 vult
3879 801 4134 845 summa
4178 780 4305 846 fide
4347 781 4661 846 observari
4691 784 4791 848 sins

2936 864 3168 930 frande
3223 877 3289 929 et
3333 866 3513 931 dolo:
3573 864 3735 931 adeo
3780 878 3852 931 ut
3895 886 4023 931 non
4071 879 4326 931 tantum
4374 865 4681 932 hominum
4714 888 4791 933 aut

2935 972 3151 1016 rerum
3215 967 3601 1029 creatarum,
3664 951 3774 1017 sed
3816 954 4166 1034 praecipue
4210 952 4458 1035 gloriae
4502 964 4563 1017 et
4598 953 4792 1019 honoris

2935 1035 3067 1100 Dei
3112 1038 3431 1102 rationem
3469 1037 3844 1117 habeamus,
3891 1038 4059 1121 quod
4097 1059 4322 1102 omnes
4358 1037 4504 1103 Deo
4538 1039 4792 1106 debemus.

3105 1121 3436 1206 Deinceps
3470 1123 3793 1207 sequitur:
3836 1121 4080 1190 Michol
4119 1123 4389 1189 alteram
4422 1122 4631 1191 Saulis
4649 1126 4793 1190 filiam

2936 1209 3257 1274 amavisse
3316 1208 3671 1274 Davidem:
3732 1207 4122 1291 Saulemque
4179 1230 4249 1274 re
4293 1209 4518 1273 audita
4558 1209 4795 1276 laetatum

2935 1313 3099 1370 esse,
3146 1306 3216 1357 ut
3261 1316 3494 1360 novam
3539 1295 3942 1360 occasionem
3988 1294 4255 1359 haberet
4301 1295 4617 1359 Davidem
4653 1298 4798 1360 inter·

2933 1378 3212 1445 ficiendi.
3303 1381 3521 1444 Etiam
3603 1392 3758 1444 ante
3839 1392 4116 1444 mortem
4197 1380 4375 1444 illius
4439 1384 4797 1463 quaesiverat,

2934 1466 3253 1546 promissa
3312 1467 3466 1541 tilia,
3539 1466 3652 1530 sed
3711 1466 3840 1530 alia
3896 1463 4173 1549 quadam
4234 1468 4494 1530 ratione
4549 1466 4799 1531 abductus

2936 1549 3123 1614 alteri
3182 1551 3383 1616 tiliam
3445 1549 3895 1634 desponderat.
3984 1550 4204 1616 David
4249 1554 4516 1616 interim
4559 1553 4801 1617 iniuriam

2935 1634 3358 1701 dissimulans
3423 1638 3682 1720 quietus
3747 1648 3906 1714 erat,
3986 1651 4052 1699 et
4116 1638 4211 1702 ita
4277 1638 4487 1702 veluti
4551 1640 4801 1719 quaedam

2936 1742 3192 1785 remora
3227 1723 3464 1788 iniecta
3492 1736 3595 1788 est
3618 1722 3842 1789 Saulis
3866 1723 4159 1789 consiliis
4182 1723 4261 1788 de
4284 1723 4569 1789 tollendo
4594 1722 4804 1788 Davids

2933 1806 3102 1872 Nam
3164 1809 3381 1873 animo
3439 1829 3556 1873 880
3612 1810 4037 1874 constituerat
4092 1806 4254 1875 Saul
4317 1810 4507 1873 illum
4563 1809 4804 1892 perdere:

2933 1906 2999 1957 et
3040 1905 3260 1958 tamen
3320 1907 3576 1977 praeter
3616 1896 3983 1977 opinionem
4029 1896 4234 1977 ipsius
4277 1895 4477 1959 saluti
4522 1896 4804 1960 consuluit.

2936 1979 3023 2043 Et
3083 1979 3206 2045 hoc
3264 1999 3457 2060 saepe
3500 2001 3625 2044 usu
3668 1983 3853 2045 venit
3897 1988 3970 2045 ut
4012 1981 4286 2045 consilia
4328 1994 4394 2046 et
4439 1981 4689 2045 fraudes
4723 1982 4808 2044 im·

2935 2065 3281 2146 proborum
3331 2065 3665 2129 hominum
3712 2066 3948 2149 quibus
3990 2081 4264 2130 mortem
4305 2067 4604 2131 fidelibus
4636 2087 4809 2149 procu·

2938 2150 3190 2226 rabant,
3236 2151 3302 2215 in
3343 2152 3628 2231 ipsorum
3669 2153 3905 2216 bonum
3948 2162 4016 2215 et
4050 2153 4325 2216 salutem
4364 2153 4618 2216 cedant.
4672 2152 4810 2216 Licet

2936 2235 3108 2301 istud
3155 2238 3223 2301 in
3274 2235 3493 2302 Saulis
3530 2236 3696 2302 facto
3733 2236 4183 2319 contemplari.
4273 2238 4443 2301 Nam
4482 2252 4621 2301 erat
4649 2237 4811 2301 oblata
4922 2298 4923 2303 ,

2937 2342 3110 2386 nova
3174 2321 3416 2386 Davidi
3479 2344 3620 2387 sese
3682 2322 4039 2388 ulciscendi
4106 2323 4373 2399 occasio,
4440 2343 4642 2405 quum
4693 2323 4810 2389 Saul

2936 2409 3264 2490 ingratum
3326 2429 3516 2472 suum
3575 2406 3864 2472 animum
3910 2418 3975 2472 et
4020 2408 4334 2473 malitiam
4382 2409 4597 2491 magis
4637 2409 4812 2491 magis·

2937 2514 3064 2575 que
3110 2493 3544 2573 patefecisset;
3590 2492 3701 2558 sed
3748 2504 3967 2558 tamen
4006 2514 4259 2559 memor
4292 2494 4493 2559 officii
4529 2494 4686 2577 quod
4717 2512 4810 2557 tam

2935 2579 3060 2660 ipsi
3087 2579 3227 2642 Deo
3265 2600 3456 2661 quam
3495 2580 3632 2664 regi
3658 2579 3903 2662 totique
3939 2580 4174 2661 populo
4212 2578 4513 2657 debebat,
4556 2582 4816 2662 patienter

2935 2664 3110 2728 serre
3171 2665 3400 2728 maluit
3454 2665 3748 2744 iniurias,
3819 2676 3888 2729 et
3941 2664 4233 2731 oblivisci
4288 2687 4524 2730 eorum
4579 2685 4811 2729 omnium

2934 2752 3166 2832 quibus
3232 2771 3269 2813 a
3315 2752 3455 2815 Deo
3499 2751 3769 2816 alienari
3819 2752 4133 2835 potuisset
4175 2752 4507 2834 privatam
4555 2772 4813 2834 quaereus

2936 2834 3323 2900 vindictam:
3370 2847 3435 2898 et
3478 2835 3743 2918 quidem
3787 2837 3856 2900 in
3904 2838 4131 2919 primis
4175 2836 4460 2901 dedecus
4503 2852 4570 2901 et
4604 2837 4815 2919 ignomi·
4918 2846 4919 2871 ¹

2938 2923 3110 2986 niam
3150 2943 3189 2985 a
3226 2919 3423 2986 Saule
3459 2921 3582 2986 sibi
3618 2923 3924 2988 inustam.
4007 2920 4184 2989 Sane
4220 2924 4275 2986 si
4311 2922 4545 2986 David
4580 2925 4815 2988 omnium

2936 3007 3273 3072 hominum
3347 3008 3943 3091 contemptissimus
3987 3021 4057 3072 et
4097 3008 4583 3073 abiectissimus
4624 3010 4817 3077 fuisset.

2935 3093 3117 3158 nulla
3161 3103 3380 3157 tamen
3425 3092 3612 3158 Sauli
3658 3107 4000 3175 supererat
4043 3094 4395 3169 excusatio,
4448 3096 4633 3177 quasi
4670 3094 4817 3159 rebus

2934 3180 3231 3262 angustis
3288 3180 3492 3243 filiam
3550 3181 3986 3262 promisisset:
4040 3180 4210 3263 quod
4255 3178 4444 3244 nulla
4493 3179 4816 3245 necessitate

2931 3280 3191 3329 coactus
3272 3264 3512 3329 Davidi
3592 3264 3793 3329 filiam
3862 3264 4310 3349 desponderat,
4392 3286 4596 3348 quam
4658 3285 4815 3347 neque

2933 3349 3315 3425 ambiverat,
3382 3371 3589 3433 neque
3644 3351 3938 3434 petierat.
4027 3351 4162 3417 Sed
4207 3349 4384 3415 ultro
4432 3351 4815 3417 conditionem

2933 3437 3325 3519 propositam
3372 3458 3411 3501 a
3455 3434 3656 3502 Saule
3701 3436 3780 3500 de
3822 3435 4281 3520 consequenda
4313 3438 4457 3502 filia
4493 3439 4562 3501 in
4597 3455 4814 3501 uxorem

2932 3520 3149 3586 David
3196 3522 3631 3587 obliviscitur:
3683 3542 3894 3604 neque
3938 3523 4134 3588 etiam
4181 3533 4455 3605 propter
4503 3523 4815 3604 ademptam

2933 3608 3247 3672 ultionem
3286 3607 3560 3690 quaerit.
3650 3607 3800 3688 Qua
3833 3629 3990 3690 ergo
4023 3620 4240 3674 mente
4286 3606 4452 3674 Saul
4510 3631 4640 3673 808
4674 3604 4815 3671 modo

2931 3693 3237 3757 iniuriam
3285 3691 3522 3758 Davidi
3561 3714 3694 3757 non
3733 3692 3944 3758 levem
3981 3694 4154 3771 facit,
4199 3692 4312 3759 sed
4348 3696 4561 3759 etiam
4595 3706 4815 3759 mortem

2931 3780 3137 3861 ipsius
3181 3779 3388 3843 modis
3432 3778 3736 3843 omnibus
3780 3778 4073 3861 quaerit?
4163 3780 4422 3862 Nempe
4468 3781 4653 3845 illum
4684 3779 4816 3843 furor

2931 3877 2998 3928 et
3054 3866 3309 3930 insania
3370 3884 3638 3947 prorsus
3697 3864 4115 3930 excaecabat:
4175 3876 4636 3931 verumtamen
4677 3860 4815 3947 quid-
4918 3902 4919 3935 ;

2931 3949 3086 4032 88111
3167 3950 3479 4015 moliatur
3554 3964 3620 4014 et
3684 3959 3961 4028 moveat,
4038 3951 4316 4017 Davidis
4379 3950 4727 4017 commodis
4771 3962 4812 4009 et

2933 4035 3203 4101 utilitati
3236 4036 3423 4101 cedat
3460 4049 3734 4118 oportet.
3784 4035 3978 4112 Hinc,
4023 4036 4309 4118 inquam,
4353 4050 4635 4121 apparet
4668 4053 4811 4119 quam

2931 4120 3332 4186 admirandis
3390 4120 3600 4186 modis
3657 4119 3843 4186 Deus
3887 4143 4079 4187 suum
4123 4144 4287 4205 opus
4330 4136 4722 4205 promoveat,
4771 4132 4813 4181 e:

2930 4228 3123 4290 quam
3185 4206 3569 4273 mirabiliter
3623 4228 3789 4289 quae
3845 4207 4151 4273 ecclesiae
4204 4207 4334 4273 Dei
4377 4209 4681 4274 ultimum
4715 4204 4811 4270 exi·

2932 4298 3093 4358 tium
3139 4292 3577 4367 minabantur,
3636 4294 3702 4357 in
3747 4294 4037 4376 ipsorum
4083 4294 4370 4359 hostium
4418 4295 4811 4360 confusionem

2930 4392 2999 4444 et
3039 4379 3295 4444 ruinam
3341 4390 3698 4455 convertat,
3742 4393 3807 4443 et
3852 4378 4097 4463 laqueis
4141 4401 4301 4462 quos
4337 4379 4623 4463 improbi
4656 4392 4810 4442 teten-

2930 4464 3179 4538 derant,
3234 4465 3306 4529 in
3361 4466 3652 4545 ipsorum
3710 4466 4156 4531 confusionem
4214 4478 4453 4532 nectat.
4548 4465 4657 4532 Sic
4692 4460 4809 4529 Saul

2929 4550 3051 4616 sibi
3095 4550 3338 4616 malum
3376 4551 3736 4630 accersivit,
3778 4549 4096 4633 siquidem
4136 4552 4446 4617 omnibus
4484 4570 4737 4634 pravum
4764 4560 4807 4608 et

2929 4636 3219 4700 dolosum
3267 4636 3604 4718 ingenium
3650 4657 3838 4700 suum
3888 4638 4210 4719 patefecit,
4254 4649 4321 4701 et
4356 4658 4434 4702 se
4471 4639 4678 4720 ipsum
4709 4654 4808 4716 per·

2928 4736 3122 4804 petua
3185 4723 3557 4787 confusione
3601 4733 3669 4785 et
3711 4722 4071 4801 ignominia
4112 4722 4345 4788 obruit.
4440 4723 4660 4805 Quum
4697 4736 4806 4797 ergo

2926 4807 3202 4872 Davidis
3261 4806 3568 4890 adspectu
3613 4809 3902 4885 territus,
3967 4828 4115 4873 eum
4162 4829 4201 4872 a
4243 4828 4316 4873 se
4358 4808 4592 4891 procul
4636 4824 4804 4871 aman·

2929 4894 3124 4971 davit,
3180 4913 3379 4975 quum
3428 4897 3757 4977 prosperis
3801 4893 4005 4973 ipsius
4048 4906 4411 4960 commotus
4459 4892 4803 4959 successibus

2926 4978 3208 5044 eundem
3266 4979 3609 5058 revocavit,
3665 4999 3862 5060 quum
3922 4979 4231 5043 honorem
4293 4990 4360 5044 et
4405 4982 4678 5063 gratiam
4712 4992 4803 5057 qus

2925 5065 3211 5148 pollebat
3263 5064 3386 5147 ipsi
3430 5064 3670 5128 invidit
3714 5076 3780 5128 et
3824 5063 4135 5147 perdendi
4179 5066 4474 5130 rat-iones
4521 5061 4799 5146 quaesivit.

2924 5150 3080 5233 quid
3142 5150 3327 5215 illum
3369 5151 3496 5214 ista
3539 5170 3777 5233 quaeso
3820 5149 4176 5215 iuverunt?
4258 5151 4362 5215 En
4410 5172 4609 5233 quam
4646 5144 4798 5213 8111111·

2922 5236 3164 5302 randae
3224 5238 3367 5301 viae
3410 5236 3698 5315 Domini,
3759 5236 3871 5318 qui
3930 5236 4297 5302 occasiones
4354 5237 4551 5302 nobis
4602 5238 4797 5319 ignom
