5059 6059
269 334 385 401 433

273 524 423 609 quod
473 522 792 589 occidisset
837 519 1000 587 Saul
1053 523 1396 589 sacerdotes
1435 519 1721 585 Domini.
1808 517 1916 582 22.
1963 516 2050 582 Et
2092 518 2188 583 ait

1549 329 1646 396 IN
1693 329 1746 396 1.
1793 329 1973 396 LIB.
2019 328 2421 397 SAMUEL.
2466 331 2667 398 OAP.
2713 332 2945 399 XXII.

4114 331 4247 400 434

2291 519 2659 585 illusorium
2718 543 2793 588 ac
2849 520 3200 588 ridiculum
3260 542 3402 588 esse
3461 522 3570 588 vel
3629 522 3713 587 ad
3770 522 4240 590 sacerdotalem

267 609 471 680 Dauid
512 609 596 673 ad
630 608 979 675 Abiathar:
1027 606 1312 673 Sciebam
1354 607 1427 671 in
1467 605 1572 671 die
1612 603 1746 683 illa,
1790 605 1954 685 quod
1995 623 2189 685 qum
2293 604 2699 687 dignitatem,
2744 606 2848 674 vel
2893 607 2977 672 ad
3020 607 3267 691 regiam
3313 610 3731 675 autoritatem
3776 610 4116 694 respicere.

267 697 350 763 ibi
412 699 562 761 esset
618 695 796 777 Doey
854 693 1198 760 Idumaeas
1258 692 1487 775 procul
1540 687 1728 756 dubio
1785 690 2193 756 annuntiaret

2461 690 2723 757 Deinde
2778 713 2863 757 ex
2907 693 3037 757 alia
3080 700 3267 776 parte
3307 693 3869 775 considerandum,
3918 694 4240 777 quomodo

274 781 476 849 Sauli:
523 779 667 864 Eyo
723 801 868 846 sum
909 801 1056 845 reus
1099 780 1376 845 omnium
1416 777 1780 842 animarum
1824 775 2043 841 donuae
2069 795 2194 857 pa-
2297 776 2481 843 Deus
2545 787 2681 842 tam
2751 776 3155 844 horrendum
3219 779 3466 844 factum
3534 780 3791 846 admitti
3848 782 4240 863 permiserit,

269 870 380 934 tris
419 867 528 931 tui.
619 866 725 931 23.
770 866 970 931 Mane
1011 885 1267 946 mcum,
1312 884 1390 929 ne
1421 864 1675 928 timeas.-
1715 863 1777 927 si
1819 862 1966 943 qais
2007 881 2196 944 qaae-

268 953 471 1019 siverit
524 953 805 1018 animam
861 972 1083 1028 meant,
1142 954 1389 1033 quaeret
1429 953 1483 1014 et
1525 949 1809 1013 ananam
1841 952 2033 1027 mam,
2076 966 2198 1012 me-

269 1057 509 1121 cumque
549 1038 921 1104 servaberis.

420 1297 703 1363 Tristem
773 1310 840 1359 et
908 1293 1256 1377 lugubrem
1325 1291 1698 1358 historiam-
1742 1289 2198 1373 explicandam

264 1383 702 1470 aggredimur:
759 1378 933 1464 quod
982 1387 1167 1444 tanta
1222 1389 1489 1468 tamque
1548 1375 1843 1461 lugubris
1904 1376 2197 1442 confusio

264 1489 605 1552 rerumque
659 1468 955 1531 omnium
997 1464 1401 1547 perturbatio
1444 1462 1783 1529 ecclesiam
1827 1462 1955 1527 Dei
1999 1462 2197 1527 infes-

261 1556 426 1631 tuit,
472 1569 544 1619 ut
588 1576 707 1619 rex
750 1553 909 1636 ipse,
955 1572 1147 1633 quem
1175 1549 1447 1615 Domini
1492 1548 1702 1614 nostri
1748 1547 1902 1613 Iesu
1947 1545 2200 1613 Christi

261 1646 526 1728 figuram
573 1660 715 1706 esse
757 1637 1114 1720 oportebat,
1176 1635 1632 1712 sacerdotium,
1678 1632 1959 1699 alterum
2000 1633 2198 1698 etiam

260 1729 513 1795 divinae
572 1726 822 1810 gratiae
878 1721 1324 1787 testimonium
1344 1771 1359 1799 ,
1427 1719 1690 1786 abolere
1747 1725 2021 1785 conatus
2076 1718 2196 1784 sit:

262 1816 433 1881 Deus
490 1813 667 1877 enim
730 1809 1175 1875 declaraverat
1232 1806 1547 1890 populum
1591 1804 2017 1871 israeliticum
2062 1804 2200 1869 fore

257 1900 377 1983 ipsi
412 1917 690 1981 regnum
724 1893 1152 1961 sacerdotale:
1199 1892 1432 1975 quibus
1467 1890 1716 1957 duobus
1751 1891 1932 1957 velut
1967 1891 2201 1955 erectis

261 1983 520 2052 vexillis
556 2004 630 2049 se
666 1981 861 2047 huius
897 1980 1120 2064 populi
1156 1977 1388 2044 ducem
1426 1987 1493 2043 et
1535 1978 1995 2061 Mperatorem
2017 1976 2201 2041 Deus

258 2091 391 2138 esse
414 2068 822 2136 declarabat:
862 2086 1139 2150 quorum
1162 2064 1444 2130 alterum
1466 2072 1610 2129 erat
1649 2062 1829 2147 regia
1864 2061 2199 2141 autoritas,

255 2157 528 2222 alterum
591 2173 748 2222 vero
807 2150 1204 2219 sacerdotale
1261 2168 1537 2216 munus:
1595 2147 1829 2232 quibus
1880 2158 2199 2230 tanquam

259 2242 503 2308 duabus
565 2239 961 2324 imaginibus
1020 2245 1343 2304 venturus
1386 2236 1542 2302 olim
1585 2254 1882 2301 summus
1924 2233 2037 2298 ille
2081 2253 2200 2299 rex

255 2336 316 2393 et
366 2325 673 2394 sacerdos
716 2324 1046 2390 Dominus
1090 2333 1317 2388 noster
1358 2322 1546 2388 Iesus
1588 2319 1896 2386 Christus
1939 2339 2199 2401 reprae-

255 2412 650 2480 sentabatur.
755 2408 1081 2495 Equidem
1146 2409 1354 2474 fateor
1418 2410 1489 2473 in
1547 2404 1748 2472 Saule
1811 2425 1947 2471 nou
1997 2403 2201 2471 fuisse

253 2498 462 2566 adhuc
496 2498 842 2581 impletam
886 2495 1402 2579 promissionem,
1447 2491 1971 2577 quandoquidem
2012 2510 2198 2573 soep-

251 2595 420 2651 trum
503 2583 849 2667 oportebat
912 2581 983 2646 in
1048 2581 1223 2646 tribu
1288 2579 1455 2645 Iuda
1517 2577 1906 2646 confirmari.
2017 2574 2200 2657 Qua-

253 2679 513 2755 propter
593 2689 799 2753 usque
872 2667 959 2734 ad
1036 2665 1365 2732 Davidem
1440 2666 1625 2731 Deus
1699 2683 1834 2728 non
1913 2663 2199 2746 perfecte

250 2755 700 2822 declaraverat
752 2775 822 2820 se
880 2751 1052 2818 velle
1110 2750 1421 2836 populum
1469 2749 1707 2816 habere
1753 2750 1823 2814 in
1859 2767 2014 2834 rege
2056 2768 2200 2832 spe-

251 2842 485 2923 culum,
552 2841 627 2906 iu
694 2859 821 2923 quo
885 2837 1365 2921 redemptorem
1421 2838 1809 2915 intueretur,
1873 2844 1941 2899 et
1998 2853 2070 2900 se
2127 2833 2196 2899 in

249 2928 549 3011 promissi
574 2925 859 2994 Moesiae
881 2932 948 2990 et
980 2922 1412 3007 redemptoris
1444 2942 1561 3007 spe
1595 2921 1863 2987 foveret.
1910 2920 2195 2985 Verum·

251 3026 466 3079 tamen
536 3033 742 3096 quum
807 3011 1032 3077 unctio
1096 3009 1286 3077 Sauli
1350 3009 1553 3075 fuerit
1616 3006 1984 3073 communis
2046 3025 2194 3072 cum

248 3098 669 3182 sequentibus
726 3095 1011 3180 regibus,
1071 3117 1237 3180 quae
1291 3105 1516 3160 tamen
1572 3093 1643 3159 iu
1683 3092 1826 3176 ipso
1872 3091 1997 3157 fuit
2040 3091 2197 3158 abo·

249 3185 363 3250 lita
382 3235 398 3262 ,
469 3184 661 3249 Deus
724 3183 856 3248 iam
923 3191 1067 3247 tum
1131 3181 1448 3265 populum
1514 3179 1726 3262 coepit
1790 3177 2021 3244 docere
2043 3227 2061 3259 ,
2125 3199 2196 3245 se

250 3270 512 3336 tandem
582 3289 806 3352 regem
874 3267 1113 3352 populo
1177 3267 1489 3333 daturum
1544 3262 2070 3331 mansuetudinis
2129 3272 2198 3330 et

245 3355 632 3421 clementiae
685 3355 978 3437 plenum,
1037 3354 1152 3436 qui
1204 3373 1290 3437 po
1338 3352 1521 3417 ulum
1563 3351 1637 3416 in
1681 3371 1838 3435 pace
1881 3349 2197 3417 retineret

246 3450 311 3507 et
367 3451 674 3509 servator
729 3439 938 3523 ipsius
983 3449 1174 3505 esset.
1317 3440 1379 3504 ic
1419 3439 1623 3522 igitur
1667 3438 1855 3503 Deus
1895 3437 2023 3501 ista
2065 3436 2193 3503 duo

248 3528 492 3594 vexilla
526 3537 600 3594 et
641 3525 833 3610 signa
874 3526 947 3591 in
991 3524 1264 3591 ecclesia
1299 3545 1419 3591 sua
1461 3524 1690 3602 erexit,
1734 3523 1805 3588 in
1850 3542 2017 3606 quae
2062 3523 2195 3589 sin-

246 3613 380 3698 guli
414 3613 649 3679 fideles
683 3632 915 3678 seusus
949 3630 1101 3677 suos
1144 3620 1619 3686 converterent,
1665 3618 1733 3675 et
1769 3607 2005 3692 quibus
2048 3619 2195 3675 tau·

243 3719 441 3782 quam
475 3698 805 3766 columnis
824 3696 987 3764 fides
1009 3698 1300 3780 ipsorum
1339 3696 1709 3772 fulciretur,
1737 3694 2195 3777 sacerdotium,

244 3784 538 3870 iuquam,
601 3793 669 3849 et
724 3803 1023 3869 regnum.
1110 3781 1319 3865 Atqui
1379 3780 1645 3848 Saulem
1700 3800 1941 3865 regem,
2000 3802 2195 3864 quem

243 3870 516 3936 Domini
579 3870 788 3935 nostri
831 3868 983 3934 Iesu
1029 3866 1283 3934 Ohristi
1326 3869 1608 3952 figuram
1651 3886 1794 3931 esse
1836 3867 2194 3949 oportebat,

247 3956 551 4022 videmus
631 3953 1028 4022 sacerdotale
1089 3974 1332 4020 munus
1395 3974 1517 4036 pro
1582 3951 1835 4018 viribus
1899 3963 2195 4021 evertere

244 4042 482 4108 moliri.
556 4040 792 4125 Quale,
848 4038 1134 4123 obsecr0,
1192 4038 1450 4105 miseris
1491 4038 1621 4105 illis
1666 4037 2038 4104 hominibus
2081 4038 2194 4105 ob·

243 4127 487 4193 iectum
559 4135 661 4193 est
725 4124 1213 4210 offendiculum,
1279 4126 1394 4209 qui
1459 4126 1631 4192 solas
1699 4124 1964 4189 umbras
2030 4126 2195 4210 legis

239 4211 595 4289 habebant,
653 4221 720 4277 et
761 4211 1025 4295 quidem
1069 4211 1582 4288 obscurissimas,
1626 4231 1701 4275 ac
1743 4208 2017 4293 proinde
2059 4232 2196 4277 non

242 4306 377 4364 tam
447 4299 824 4364 evidentem
891 4297 1332 4380 cognitionem
1392 4295 1720 4364 habebant
1777 4316 1972 4379 quam
2026 4319 2196 4381 quae

242 4384 431 4452 nobis
469 4384 665 4451 hodie
701 4404 818 4466 per
854 4383 1183 4468 evangelii
1217 4383 1761 4466 praedicationem
1807 4381 2005 4447 allata
2048 4382 2191 4451 est?

239 4470 381 4536 Nae
464 4468 742 4555 perinde
825 4469 930 4535 hio
993 4470 1229 4534 accidit
1251 4520 1267 4548 ,
1333 4490 1409 4535 ac
1469 4470 1526 4535 si
1590 4489 1661 4535 se
1723 4468 1937 4552 ipsum
2005 4468 2195 4537 Iesus

243 4555 563 4623 Christus
621 4556 1101 4638 discerpsisset:
1162 4552 1243 4619 de
1299 4557 1528 4638 figuris
1576 4554 1809 4637 loquor
1851 4553 2190 4639 legalibus.

239 4641 414 4708 Nam
476 4663 702 4726 regem
759 4652 826 4706 et
881 4641 1285 4706 sacerdotem
1340 4640 1680 4724 oportebat
1734 4646 1962 4706 mutuo
2020 4643 2194 4708 inter

241 4749 309 4793 se
346 4729 618 4794 vinculo
653 4726 1087 4793 indissolubili
1122 4727 1502 4793 coniunctos
1544 4727 1790 4805 vivere,
1835 4728 2019 4809 quasi
2064 4727 2193 4794 duo

239 4815 498 4898 gratiae
565 4814 824 4881 divinae
887 4813 1182 4897 pignora,
1251 4820 1606 4878 venturum
1665 4813 1821 4877 olim
1881 4814 2193 4880 nimirum

241 4900 607 4966 indicantia
650 4919 845 4983 quem
890 4899 962 4962 in
1003 4898 1282 4964 salutem
1327 4900 1528 4965 totius
1571 4898 1796 4983 populi
1820 4899 1998 4965 Deus
2044 4921 2191 4985 pro-

237 4986 532 5052 miserat.
619 4986 854 5068 Itaque
898 4995 1028 5048 tam
1076 4984 1402 5050 horrendo
1444 4984 1668 5051 Saulis
1711 4984 1883 5051 facto
1930 4985 2190 5052 videba-

241 5077 350 5136 tur
411 5071 838 5137 vehementer
893 5071 1156 5136 concuti
1206 5071 1330 5136 Dei
1372 5070 1656 5136 filiorum
1699 5070 1954 5152 fiducia,
2011 5086 2078 5138 et
2120 5073 2192 5137 iu

242 5176 391 5221 eam
444 5158 893 5223 confusionem
950 5154 1204 5235 adduci,
1264 5166 1339 5221 ut
1395 5178 1478 5221 ex
1535 5157 1811 5221 rationis
1865 5157 2192 5224 humanae

241 5264 444 5309 seusu
492 5243 708 5308 Deum
767 5244 1195 5308 arbitraretur
1248 5241 1445 5307 fidem
1492 5243 1784 5324 ipsorum
1831 5243 2081 5325 lusisse,
2126 5255 2192 5310 et

450 5344 676 5403 Caluini
703 5361 897 5415 opera.
969 5347 1086 5403 Vol.
1110 5346 1305 5403 XXX.

2296 861 2467 945 quod
2535 884 2666 928 nou
2726 863 2869 929 siue
2926 884 3123 929 causa
3181 875 3399 929 tamen
3454 865 3702 932 accidit.
3805 866 3984 932 Hinc
4035 866 4244 951 igitur

2296 949 2506 1013 multa
2541 947 2725 1015 nobis
2761 948 3210 1033 expendenda,
3254 960 3330 1014 ut
3353 949 3481 1016 Dei
3516 950 3755 1018 iudicia
3789 973 4246 1037 agnoscamus,

2299 1043 2367 1100 et
2400 1041 2782 1100 reverenter
2816 1034 3177 1112 adoremus,
3222 1055 3388 1119 quae
3431 1057 3663 1103 sensus
3708 1050 3964 1103 nostros
4008 1049 4075 1103 et
4117 1037 4242 1104 hu-

2301 1140 2563 1184 manam
2601 1140 2863 1186 omnem
2905 1122 3222 1186 rationem
3266 1132 3598 1204 superant.
3667 1122 3861 1190 Hauc
3904 1123 4243 1191 historiam

2302 1208 2413 1288 qui
2468 1205 2644 1290 leget
2697 1207 3153 1291 incogitanter,
3198 1226 3331 1272 non
3376 1208 3708 1275 revocabit
3749 1210 3817 1274 iu
3863 1209 4244 1276 memoriam

2301 1310 2469 1374 quac
2521 1293 2820 1376 superius
2877 1292 3053 1358 dicta
3111 1304 3295 1373 sunt,
3354 1295 3719 1376 oportuisse
3772 1295 3902 1361 Dei
3982 1296 4246 1363 decreto

2301 1376 2737 1443 sacerdotium
2772 1398 2853 1443 ex
2891 1376 3082 1443 domo
3106 1378 3263 1444 Heli
3307 1377 3543 1443 adimi:
3587 1388 3655 1446 et
3696 1379 3777 1444 ad
3823 1381 4020 1446 aliam
4055 1382 4244 1446 fami-

2302 1462 2460 1528 liam
2520 1464 2893 1528 transferri:
2948 1474 3018 1529 et
3057 1463 3375 1530 familiam
3417 1464 3592 1542 Heli,
3650 1486 3818 1549 quae
3861 1467 3990 1532 Dei
4033 1467 4246 1533 taber-

2303 1549 2611 1614 naculum
2672 1558 2774 1614 tot
2828 1549 3097 1634 flagitiis
3153 1558 3222 1615 et
3262 1548 3733 1634 pollutionibus
3773 1551 4107 1631 infecerat,
4151 1554 4247 1620 sic

2303 1634 2583 1718 deprimi
2625 1646 2706 1699 ut
2748 1634 2832 1700 ad
2867 1638 3321 1702 necessitatem
3367 1636 3604 1719 stipem
3647 1636 4100 1704 emendicandi
4142 1659 4250 1704 re·

2305 1720 2658 1803 digeretur,
2704 1729 2772 1785 et
2809 1732 3118 1804 tanquam
3157 1722 3459 1788 mercede
3499 1721 3807 1789 conducti
3851 1723 4248 1806 stipendium

2303 1806 2676 1889 acciperent
2695 1805 2853 1871 Heli
2898 1808 3161 1889 posteri,
3206 1807 3290 1872 ad
3333 1827 3496 1907 Qos
3535 1828 3759 1875 sacrae
3802 1829 4028 1875 omnes
4070 1810 4249 1875 obla-

2304 1892 2518 1957 tiones
2562 1892 2996 1975 pertinebant.
3074 1893 3269 1961 Hauc
3310 1894 3517 1977 igitur
3557 1892 3947 1977 iampridem
3985 1903 4250 1961 seuten-

2304 1977 2463 2042 tiam
2487 1977 2671 2044 Deus
2695 1977 2936 2043 tulerat
2971 2000 3012 2044 a
3047 1998 3179 2062 qua
3214 1989 3421 2045 totum
3458 1979 3624 2045 illud
3668 1989 3924 2064 tempus
3966 1982 4253 2048 fluxerat

2303 2083 2431 2147 quo
2479 2061 2744 2130 Samuel
2800 2064 3077 2144 vixerat,
3134 2071 3205 2130 et
3258 2064 3492 2131 deinde
3541 2085 3668 2149 quo
3713 2065 3877 2132 Saul
3922 2074 4252 2151 regnarat,

2303 2169 2430 2232 quo
2489 2159 2627 2214 toto
2686 2157 2981 2234 tempore
3038 2150 3221 2216 nulla
3278 2150 3434 2216 dum
3491 2152 3663 2217 facta
3717 2151 3791 2217 in
3850 2151 4041 2219 domo
4095 2151 4256 2218 Heli

2304 2235 2584 2301 mutatio
2640 2236 2871 2311 fuerat,
2927 2245 3000 2301 ut
3042 2236 3242 2302 inane
3282 2236 3413 2302 Dei
3460 2237 3793 2303 decretum
3837 2243 3903 2304 et
3946 2238 4255 2306 frivolum

2305 2321 2612 2386 nuntium
2654 2321 2854 2388 fuisse
2897 2319 3264 2403 videretur,
3308 2322 3619 2406 Deusque
3662 2321 3902 2390 decreti
3947 2325 4048 2390 sui
4094 2323 4255 2389 obli-

2304 2417 2431 2486 tus,
2472 2416 2541 2471 et
2576 2429 2707 2474 non
2742 2406 2915 2473 serio
2948 2407 3281 2491 loquutus.
3364 2408 3513 2474 Iam
3547 2429 3707 2474 vero
3752 2408 3837 2475 85
3881 2408 4252 2476 sacerdotes

2301 2492 2804 2571 interficiuntur,
2865 2501 2932 2559 et
2987 2494 3174 2560 iussu
3212 2492 3436 2561 Saulis
3489 2514 3624 2558 uuo
3669 2493 3775 2559 die
3817 2497 4254 2578 perimuntur.

2303 2579 2515 2679 Porro
2555 2599 2953 2662 quamquam
3000 2577 3159 2645 Saul
3204 2578 3648 2647 sacerdotibus
3690 2599 3919 2646 necem
3960 2581 4253 2646 infereus

2303 2664 2470 2729 mlul
2504 2666 2725 2732 minus
2758 2685 2954 2748 quam
2989 2663 3072 2731 de
3096 2666 3224 2731 Dei
3265 2666 3605 2733 voluntate
3638 2665 4033 2748 perficienda
4073 2666 4252 2751 cogi·
4362 2731 4366 2735 Α

2302 2750 2503 2825 tabat,
2550 2762 2619 2816 et
2640 2771 2773 2816 non
2793 2752 2932 2833 ipse
2957 2750 3471 2834 obtemperabat,
3515 2752 3658 2818 eius
3682 2759 3901 2817 tamen
3940 2771 4253 2818 arcanum

2300 2836 2651 2904 consilium
2687 2838 3180 2918 exsequebatur,
3223 2846 3294 2903 et
3325 2838 3648 2921 stupenda
3682 2837 3964 2920 quadam
4001 2839 4253 2904 ratione

2299 2923 2635 3007 implebat.
2729 2922 2880 3004 Qua
2934 2923 3003 2986 in
3046 2943 3121 2988 re
3164 2942 3405 2989 aroana
3447 2922 3581 2988 Dei
3622 2922 3894 2990 consilia
3937 2944 4058 2989 nos
4103 2921 4253 2988 ado-

2300 3029 2450 3075 rare
2491 3017 2559 3074 et
2602 3008 2905 3075 venerari
2946 3010 3272 3088 convenit,
3318 3029 3484 3093 quae
3525 3018 3660 3074 tam
3707 3028 3946 3073 aroana
3988 3019 4055 3074 et
4097 3029 4249 3092 pro-

2298 3094 2507 3161 funda
2552 3104 2726 3174 sunt,
2768 3101 2848 3160 ut
2890 3114 2965 3161 oa
3014 3101 3157 3160 tum
3200 3093 3566 3160 humanum
3610 3112 3874 3159 omnem
3915 3101 4248 3178 superent.

2300 3180 2782 3247 Verumtamen
2797 3200 2883 3245 ex
2915 3179 2961 3244 il
2993 3201 3034 3245 a
3065 3180 3310 3245 familia
3343 3179 3628 3264 quidam,
3670 3200 3907 3265 nempe
3930 3179 4253 3248 Abiathar

2298 3268 2381 3333 ad
2422 3266 2756 3333 Davidem
2815 3265 3004 3350 fugit,
3063 3273 3137 3332 ut
3179 3266 3310 3333 Dei
3352 3270 3682 3334 sententia
3721 3266 4012 3332 noudum
4055 3265 4252 3350 plane

2296 3352 2571 3437 impleta
2627 3351 2952 3421 videatur.
3040 3353 3213 3418 Nam
3269 3350 3328 3418 si
3372 3351 3650 3420 Davidis
3692 3373 3972 3438 reguum
4010 3372 4248 3436 perpe-

2295 3447 2484 3505 tuum
2565 3439 2829 3519 fuisset,
2914 3437 3317 3504 Abiatharus
3381 3437 3740 3504 sacerdotio
3805 3439 4248 3505 munerandus

2297 3524 2677 3601 videbatur,
2747 3522 2921 3608 quod
2984 3544 3069 3591 ex
3125 3524 3241 3589 illa
3297 3523 3709 3591 sacerdotum
3765 3523 4016 3590 familia
4069 3524 4248 3592 solus

2296 3621 2631 3694 superstes
2699 3611 3046 3690 evasisset,
3111 3615 3180 3675 et
3236 3610 3457 3676 David
3512 3609 3710 3676 etiam
3766 3609 3865 3676 illi
3918 3609 4247 3693 pollicitus

2297 3697 2424 3763 hoc
2481 3695 2726 3763 fuisset.
2832 3694 2967 3762 Sed
3023 3695 3211 3762 Deus
3269 3696 3533 3762 taudem
3593 3695 3765 3778 quod
3820 3717 3983 3781 opus
4035 3697 4248 3779 coepit

2296 3783 2586 3867 perfecit.
2687 3782 2860 3848 Nam
2926 3782 3160 3847 accidit
3219 3790 3295 3847 ut
3360 3780 3683 3848 Abiathar
3746 3781 4246 3865 oouspirationia

2295 3869 2625 3935 Adoniiae
2658 3868 2984 3954 particeps
3016 3867 3246 3946 factus,
3289 3889 3412 3935 sua
3444 3867 3764 3953 dignitate
3798 3868 4131 3947 exciderit,
4179 3875 4249 3933 et

2297 3955 2688 4040 abrogatum
2765 3955 2854 4019 sit
2916 3953 3023 4017 illi
3088 3954 3519 4021 sacerdotium
3587 3965 3654 4021 et
3715 3955 3800 4021 ad
3866 3953 4249 4023 Sadochum

2297 4041 2711 4122 translatum,
2754 4061 2886 4124 qua
2918 4039 3175 4106 ratione
3209 4050 3278 4105 et
3298 4040 3425 4106 Dei
3460 4040 3718 4107 iudiciis
3766 4041 3872 4107 via
3913 4041 4088 4107 facta
4127 4050 4245 4108 est.

2297 4127 2655 4194 Caeterum
2718 4125 2873 4194 licet
2931 4126 3117 4192 Deus
3172 4134 3426 4191 tautam
3482 4128 3896 4194 sacerdotum
3955 4137 4244 4211 stragem

2294 4215 2439 4280 fieri
2483 4211 2876 4296 permiserit,
2921 4217 3141 4276 tamen
3183 4212 3254 4276 in
3296 4213 3612 4279 maiorem
3658 4213 3880 4280 Saulis
3923 4213 4243 4279 confusio-

2293 4320 2451 4365 nem
2505 4299 2723 4379 cessit,
2779 4307 2857 4364 ut
2909 4298 3122 4363 solent
3176 4298 3363 4382 impii
3406 4320 3589 4365 suam
3634 4299 4241 4366 condemnationem

2294 4385 2674 4466 accelerare,
2730 4393 2801 4450 et
2858 4383 3081 4449 divina
3129 4383 3372 4451 iudicia
3427 4386 3497 4451 iu
3556 4406 3749 4451 suum
3792 4395 3989 4467 caput
4031 4405 4242 4451 accer-

2294 4492 2473 4550 sere,
2534 4481 2600 4536 et
2657 4470 2843 4553 quasi
2895 4469 3057 4554 ipsis
3110 4490 3475 4536 occurrere:
3538 4471 3721 4536 Deus
3764 4470 3987 4552 itaque
4031 4471 4241 4536 voluit

2297 4556 2567 4625 Saulem
2631 4576 2710 4622 eo
2775 4556 3129 4639 impietatis
3192 4564 3259 4622 et
3323 4556 3636 4623 saevitiae
3698 4554 3847 4635 labi,
3913 4565 3987 4620 ut
4044 4555 4240 4624 citius

2293 4643 2657 4711 mercedem
2689 4663 2877 4708 suam
2912 4643 3261 4725 reciperet:
3296 4663 3493 4726 quam
3529 4641 3835 4725 deinceps
3868 4661 4003 4706 nou
4039 4641 4238 4725 longo

2294 4739 2441 4814 post
2475 4739 2769 4812 tempore
2805 4728 3129 4811 accepisse
3175 4729 3389 4811 ipsum
3432 4726 3817 4793 videbimus.
3885 4728 4239 4794 Praeterea

2296 4817 2423 4881 Dei
2477 4814 2827 4881 consilium
2885 4813 2996 4881 hic
3054 4813 3529 4889 admirandum,
3587 4813 3698 4895 qui
3742 4814 4068 4879 Davidem
4111 4814 4237 4881 hac

2293 4902 2553 4966 ratione
2606 4902 2786 4965 omni
2842 4898 3085 4965 auxilio
3145 4909 3213 4964 et
3266 4920 3386 4980 ope
3430 4897 3696 4963 destitui
3744 4900 3970 4976 voluit,
4033 4910 4106 4965 ut
4150 4900 4233 4967 ad

2294 4989 2507 5054 solum
2572 4988 2791 5053 Deum
2872 5005 3217 5070 assurgere
3298 4985 3601 5050 disceret.
3704 4985 3983 5051 Interim
4050 4987 4235 5053 Deus

2286 5076 2485 5139 etiam
2531 5071 2800 5139 Saulem
2846 5093 2961 5155 per
3005 5071 3304 5155 proprios
3348 5070 3684 5135 ministros
3728 5079 3796 5136 et
3841 5069 4228 5138 domesticos

2292 5160 2770 5237 condemnavit,
2806 5157 3136 5235 satellites,
3181 5156 3464 5239 iuquam,
3509 5169 3575 5221 et
3618 5155 4039 5239 stipulatores
4079 5179 4235 5225 suos

2293 5255 2361 5311 et
2404 5246 2869 5311 mercenarios:
2915 5262 3191 5325 quorum
3236 5240 3493 5308 iudiciis
3537 5252 3603 5306 et
3645 5243 3976 5327 suffragiis
4017 5244 4236 5327 ipsum
