5059 6059
729 319 857 388 411

731 508 1059 590 abiiciant,
1108 513 1178 572 et
1217 506 1507 572 favorem
1552 525 1628 571 ac
1672 505 2197 572 benevolentiam
2243 504 2451 589 ipsius
2493 504 2680 571 flocci

735 597 996 663 faciant.
1084 593 1336 658 Verum
1382 591 1718 656 enimvero
1761 590 1817 657 si
1863 602 1940 656 ut
1981 590 2261 658 iudicem
2311 592 2527 674 ipsum
2574 610 2683 673 ap-

738 678 1230 766 prehenderint,
1286 684 1430 742 tum
1491 697 1620 742 non
1678 675 1871 742 aliter
1927 698 2122 760 quam
2181 677 2402 742 ebrius
2447 697 2488 741 a
2528 677 2683 741 vino

738 789 889 834 cum
933 776 1112 831 metu
1156 763 1497 841 excitatae,
1552 762 2013 829 vehementius
2068 763 2513 846 perturbatur,
2571 762 2681 828 isti

739 854 866 919 Dei
910 860 1408 932 contemptores,
1451 849 1743 913 maximo
1787 859 2055 929 terrore,
2099 850 2242 915 Deo
2277 870 2545 913 manum
2581 848 2682 912 nl·

739 940 966 1005 tricem
1023 936 1427 1020 flagitiorum
1491 935 1572 1000 ab
1639 934 1771 999 illis
1835 933 2271 1001 admissorum
2336 942 2682 1000 exserente

739 1023 1208 1109 percelluntur,
1272 1029 1340 1086 et
1397 1019 1476 1085 de
1519 1020 1665 1086 Deo
1725 1020 2014 1105 cogitare
2069 1021 2416 1105 incipiunt,
2477 1042 2553 1087 ac
2610 1020 2682 1083 in

738 1130 970 1178 causas
1036 1105 1352 1173 malorum
1421 1126 1907 1190 poenarumque
1970 1127 2129 1190 quas
2196 1106 2528 1174 sustinent
2583 1106 2682 1170 in-

781 1216 1017 1262 mrere.

738 1218 779 1281 q
911 1281 1120 1345 Porro
1162 1276 1502 1343 Israelitae
1544 1276 1935 1342 nominatim
1979 1279 2329 1363 agnovisse
2378 1276 2684 1342 dicuntur

740 1369 946 1433 aDeo
987 1385 1057 1432 se
1099 1364 1349 1449 puniri:
1398 1383 1630 1446 parum
1676 1363 1848 1427 enim
1892 1367 2388 1449 promovissent,
2433 1363 2492 1428 si
2536 1371 2681 1427 tan·

743 1465 887 1519 tum
931 1451 1121 1516 malis
1164 1450 1300 1515 suis
1357 1448 1592 1526 territi,
1652 1468 1724 1513 se
1779 1470 2085 1534 magnam
2147 1449 2397 1516 cladem
2454 1469 2681 1531 passos

742 1559 885 1605 esse
926 1536 1264 1620 conquesti
1310 1544 1546 1600 essent.
1633 1535 1731 1600 At
1773 1554 1977 1618 quum
2025 1535 2231 1603 libere
2284 1536 2682 1603 confitentur

743 1646 815 1691 se
858 1622 941 1689 ad
976 1623 1196 1689 Deum
1237 1622 1311 1686 in
1357 1621 1642 1686 hostium
1687 1641 1921 1687 manus
1966 1623 2260 1698 traditos,
2303 1631 2447 1687 tum
2491 1640 2563 1686 se
2598 1640 2681 1685 ex

742 1711 906 1794 legis
965 1709 1282 1774 mosaicae
1339 1705 1638 1772 doctrina
1696 1726 1840 1773 reos
1896 1723 2282 1790 agnoscunt.
2370 1707 2543 1772 Nam
2589 1707 2682 1773 sio

741 1798 961 1863 Moses
1038 1796 1179 1876 ipse
1258 1791 1568 1876 populum
1652 1793 1724 1856 in
1801 1794 2055 1860 cantico
2122 1816 2238 1860 suo
2302 1793 2678 1875 compellat:

748 1881 1057 1964 Quomodo
1092 1881 1507 1962 persequatur
1544 1897 1712 1943 unus
1753 1879 1943 1959 mille,
1987 1884 2044 1945 et
2083 1880 2207 1946 duo
2245 1879 2536 1964 fuyarent
2577 1878 2680 1942 dc-

738 1988 866 2034 cem
922 1965 1182 2032 millia?
1284 1963 1510 2029 Nonne
1564 1964 1704 2029 ideo
1761 1965 1916 2047 quia
1957 1966 2141 2031 Deus
2188 1985 2346 2032 suus
2402 1963 2684 2030 vendidit

740 2073 871 2133 coc,
945 2057 1003 2117 et
1060 2049 1384 2115 Dominus
1439 2049 1739 2115 conclusit
1805 2050 1998 2116 illos?
2100 2050 2518 2134 Quapropter
2579 2049 2679 2114 Is-

742 2140 1013 2205 raelitae
1042 2136 1341 2220 proxime
1376 2134 1457 2200 ad
1496 2135 1664 2201 hanc
1700 2132 2068 2201 doctrinam
2102 2136 2440 2214 accedunt,
2478 2155 2681 2219 quum

742 2247 781 2290 a
824 2226 969 2289 Deo
1013 2243 1083 2287 se
1126 2223 1195 2286 in
1242 2220 1747 2286 Philistaeorum
1794 2243 2031 2288 manus
2076 2222 2381 2297 traditos,
2434 2222 2683 2287 Deum-

743 2331 869 2395 que
912 2308 1191 2374 iudicem
1235 2315 1614 2392 agnoscunt.
1702 2306 1924 2390 Atque
1968 2309 2090 2375 hoo
2124 2308 2386 2392 quidem
2422 2307 2681 2373 initium

742 2404 844 2462 est
866 2394 1323 2478 poenitentiae,
1369 2392 1699 2457 miseriam
1743 2413 1934 2458 suam
1978 2395 2240 2473 sentire,
2286 2402 2354 2459 et
2387 2394 2553 2459 iram
2591 2391 2685 2456 di-

743 2483 967 2548 vinam
1047 2477 1397 2543 adversum
1475 2499 1545 2543 se
1608 2479 2000 2544 concitatam
2065 2499 2486 2565 cognoscere:
2567 2478 2682 2544 sed

744 2567 1024 2632 minima
1064 2584 1219 2649 pars
1264 2572 1366 2629 est
1408 2564 1862 2647 poenitentiae.
1953 2565 2174 2647 Quam
2217 2566 2460 2632 multos
2504 2566 2679 2630 enim

744 2651 869 2719 sibi
915 2651 1129 2716 Deum
1175 2648 1632 2716 adversantem
1670 2652 2047 2731 sentientes,
2107 2651 2423 2719 adversus
2464 2652 2486 2715 i
2536 2671 2679 2716 sum

745 2756 1193 2814 murmurare,
1273 2741 1342 2799 et
1404 2733 1609 2801 veluti
1675 2736 1983 2804 dentibus
2048 2737 2348 2804 frendere
2413 2738 2479 2804 vi
2526 2735 2680 2802 eas?

745 2826 836 2889 At
890 2821 1177 2887 iudicem
1230 2821 1446 2903 ipsum
1488 2829 1555 2886 et
1596 2822 1863 2905 quidem
1907 2823 2155 2890 iustum
2200 2831 2679 2908 cognoscentes,

741 2919 886 2974 tum
943 2928 1135 2974 suum
1193 2927 1542 2990 agnoscere
1595 2918 1933 2990 peccatum
1979 2918 2045 2975 et
2084 2913 2156 2976 in
2200 2931 2271 2975 se
2313 2910 2489 2991 ipsos
2530 2928 2680 2974 sen-

744 2994 1018 3060 tentiam
1062 2994 1233 3058 ferre
1274 3012 1540 3060 necesse
1582 3001 1699 3073 est,
1758 2994 1984 3061 sedulo
2026 2995 2095 3061 in
2142 2997 2345 3061 vitam
2392 2995 2677 3077 priorem

742 3081 836 3147 sic
890 3079 1298 3163 inquirentes
1354 3088 1428 3143 ut
1484 3079 1787 3145 innatum
1830 3081 2069 3147 vitium
2113 3080 2388 3161 oderint,
2444 3091 2512 3145 et
2555 3079 2680 3143 ini-

742 3166 1026 3249 quitates
1091 3164 1586 3229 abominentur:
1667 3185 1953 3231 amorem
2033 3188 2194 3233 vero
2261 3174 2487 3233 contra
2552 3165 2682 3230 Dei

744 3251 1094 3327 retineant,
1152 3270 1282 3332 quo
1327 3248 1410 3313 ad
1467 3248 1654 3315 illum
1703 3252 1969 3336 propius
2012 3252 2325 3319 accedant
2367 3259 2435 3317 et
2474 3251 2682 3334 impe-

743 3345 916 3403 trata
969 3335 1169 3403 venia
1224 3334 1671 3402 concilientur.
1773 3336 1961 3418 Quae
2020 3338 2256 3404 deinde
2321 3347 2685 3420 sequuntur

745 3423 946 3508 digna
1011 3426 1169 3485 sunt
1231 3420 1435 3484 etiam
1500 3422 1988 3505 observatione,
2056 3445 2290 3508 nempe
2347 3422 2684 3489 Israelitas

744 3509 1104 3575 sentientes
1147 3505 1276 3571 Dei
1319 3526 1593 3571 manum
1637 3508 1956 3592 ultricem,
2016 3510 2275 3576 novisse
2318 3530 2449 3574 non
2495 3528 2684 3594 posse

746 3615 819 3659 se
872 3592 1189 3672 hostibus,
1246 3591 1374 3658 nisi
1432 3591 1654 3658 divino
1713 3594 1957 3660 auxilio
2015 3594 2290 3673 adiutos,
2357 3596 2680 3671 resistere,

746 3700 821 3745 ac
865 3675 1137 3763 proinde
1183 3675 1479 3742 divinum
1525 3678 1841 3743 auxilium
1891 3683 2330 3764 requisivisse.
2421 3679 2557 3747 Sed
2604 3679 2683 3746 de

746 3764 919 3830 seria
979 3763 1409 3829 conversione
1467 3761 1549 3828 ad
1607 3763 1827 3830 Deum
1881 3767 2064 3833 nulla
2123 3774 2223 3834 est
2275 3766 2447 3850 apud
2504 3768 2682 3850 ipsos

750 3849 1027 3914 mentio:
1085 3869 1160 3914 ac
1217 3847 1491 3930 proinde
1548 3850 1722 3932 quod
1779 3850 1903 3917 sibi
1948 3853 2167 3918 Deum
2224 3853 2573 3919 conciliare
2616 3862 2682 3917 et

747 3940 1298 4019 propugnatorem
1345 3933 1584 3999 habere
1626 3937 1916 4018 cupiunt,
1965 3960 2099 4003 non
2144 3960 2227 4004 ex
2272 3939 2507 4018 animo,
2567 3938 2681 4005 sed

747 4020 1185 4104 perfunctorie
1263 4026 1331 4084 et
1407 4019 1712 4085 simulate
1767 4022 2031 4088 faciunt.
2145 4023 2339 4089 Fides
2403 4026 2583 4090 enim
2643 4046 2683 4088 a

743 4104 1152 4190 poenitentia
1186 4103 1413 4171 divelli
1452 4127 1582 4170 non
1628 4115 1877 4189 potest:
1923 4109 2338 4191 quamobrem
2385 4111 2681 4193 quisquis

747 4193 828 4258 ab
874 4211 1010 4257 uno
1054 4191 1198 4255 Deo
1242 4190 1518 4255 salutem
1563 4213 1750 4258 suam
1795 4194 2079 4278 pendere
2123 4195 2387 4274 fatetur,
2447 4206 2511 4259 et
2567 4216 2679 4260 au-

747 4277 982 4343 xilium
1024 4277 1232 4360 ipsius
1275 4277 1600 4361 implorat,
1662 4280 1835 4344 seria
1891 4289 2299 4365 peccatorum
2350 4280 2682 4365 agnitione

744 4371 1060 4447 tangatur
1103 4382 1367 4428 necesse
1410 4371 1528 4441 est,
1587 4371 1661 4428 ut
1717 4364 1964 4447 pudore
2022 4367 2305 4433 suffusus
2364 4389 2439 4433 ac
2483 4389 2681 4433 sensu

744 4459 1162 4534 peccatorum
1196 4448 1484 4526 affectus,
1529 4462 1841 4533 agnoscat
1863 4452 1991 4517 Dei
2021 4454 2338 4517 iustitiam
2361 4453 2432 4518 in
2455 4474 2682 4520 omnes

744 4542 1116 4619 peccatores
1161 4534 1533 4600 incumbere
1577 4534 1781 4602 donec
1825 4538 1948 4603 sibi
1991 4538 2149 4622 ipsis
2193 4538 2536 4621 displicere
2584 4540 2679 4604 di-

746 4619 1043 4687 dicerint.
1130 4618 1352 4699 Quum
1421 4620 1641 4703 itaque
1704 4623 1884 4687 nulla
1942 4624 2027 4689 sit
2080 4625 2534 4690 Israelitarum
2599 4625 2681 4690 ad

744 4707 967 4772 Deum
1010 4706 1363 4785 conversio,
1407 4706 1591 4771 nulla
1634 4710 2052 4789 poenitentia,
2098 4711 2346 4775 nullam
2391 4711 2679 4794 ipsorum

746 4793 949 4858 fuisse
1014 4789 1212 4856 fidem
1279 4800 1377 4857 est
1440 4793 1898 4876 conspicuum,
1964 4816 2039 4861 ac
2103 4795 2375 4880 proinde
2440 4818 2680 4862 vanam

747 4875 1075 4962 quandam
1135 4884 1203 4942 et
1261 4877 1528 4942 inanem
1585 4879 1783 4945 fuisse
1847 4883 2135 4966 ipsorum
2201 4882 2681 4966 cogitationem,

749 4984 953 5046 quum
996 4962 1078 5028 de
1122 4961 1505 5029 adducenda
1547 4963 1619 5029 in
1663 4975 1883 5033 castra
1926 4965 2210 5035 foederis
2255 4990 2405 5034 arca
2441 4967 2683 5034 delibe-

748 5058 917 5113 rant.
1022 5048 1199 5115 Hinc
1264 5048 1606 5130 discamus,
1674 5072 1807 5117 non
1874 5063 2134 5119 tantum
2201 5062 2497 5137 oportere
2554 5055 2684 5119 Dei

746 5133 1074 5199 vindicem
1117 5156 1386 5200 manum
1441 5137 1794 5204 sentientes
1847 5141 2140 5225 cogitare
2191 5141 2425 5206 merito
2482 5162 2600 5206 nos
2644 5162 2684 5206 a

2408 313 2822 382 HOMILIA
2865 314 3060 380 XVI.

4601 306 4722 372 412

2785 502 2898 569 sed
2942 504 3141 568 etiam
3185 503 3354 568 serio
3407 503 3780 570 revertendi
3839 501 3922 568 ad
3965 504 4204 588 ipsum,
4260 513 4329 569 et
4371 501 4453 569 ad
4500 501 4721 567 melio-

2785 610 2925 654 rem
2967 590 3226 673 frugem
3284 588 3602 655 redeundi
3661 590 3902 656 affectu
3961 590 4179 675 tangi:
4240 610 4365 656 nec
4418 587 4720 655 simulate

2785 696 2903 741 nec
2947 675 3386 758 perfunctorie
3425 677 3644 759 ipsum
3687 697 3830 742 esse
3883 675 4354 759 quaerendum,
4413 674 4532 741 sed
4589 675 4720 738 sin·

2783 781 2929 826 cere
2970 769 3038 825 et
3080 781 3165 825 ex
3208 761 3450 841 animo,
3496 773 3575 827 ut
3608 761 3795 827 nobis
3830 762 3991 845 ipsis
4023 762 4503 836 renunciantes,
4548 760 4719 824 omni

2760 846 3204 930 corruptione
3276 854 3505 913 nostra
3581 847 3847 932 spoliari
3927 858 4344 931 expetamus,
4431 846 4717 929 vitiaque

2784 952 3185 1013 aversemur,
3247 934 3485 1015 quibus
3550 933 3636 999 ab
3697 934 3843 1017 ipso
3908 933 4153 1000 divulsi
4217 949 4480 1000 sumus:
4545 939 4714 998 certo

2782 1017 3082 1102 persuasi
3126 1040 3464 1102 nunquam
3507 1017 3883 1085 defuturum
3930 1019 4135 1103 ipsius
4174 1019 4496 1086 auxilium
4539 1016 4718 1084 nobis

2784 1103 2867 1170 ad
2910 1105 3243 1169 meliorem
3289 1107 3542 1190 frugem
3585 1105 3905 1172 reversis:
3965 1125 4178 1188 neque
4234 1124 4582 1190 passurum
4622 1105 4716 1187 ip·

2783 1211 2932 1256 sum
2975 1210 3266 1274 unquam
3309 1200 3389 1256 ut
3431 1212 3598 1256 vana
3639 1200 3708 1255 et
3748 1190 3940 1256 irrita
3980 1212 4129 1274 spes
4173 1199 4402 1257 nostra
4434 1190 4541 1256 sit.
4628 1193 4714 1255 At

2784 1285 3073 1360 quantus
3118 1276 3243 1354 hic,
3303 1281 3565 1343 obsecro
3610 1297 3731 1343 vos
3787 1276 4127 1356 attendite,
4186 1286 4414 1360 stupor
4453 1275 4716 1342 Israeli·

2784 1372 3019 1445 tarum,
3085 1382 3305 1428 arcam
3349 1362 3620 1428 Domini
3671 1363 3742 1427 in
3798 1384 3992 1429 suum
4044 1364 4362 1430 auxilium
4408 1375 4714 1445 expeten-

2785 1450 2968 1525 tium,
3028 1446 3109 1513 de
3155 1447 3282 1514 Dei
3338 1468 3495 1514 vero
3553 1449 3759 1532 ipsius
3816 1451 4164 1515 maiestate
4219 1448 4383 1514 nihil
4428 1447 4714 1532 cogitan-

2785 1534 2994 1599 tium?
3085 1533 3312 1616 Neque
3349 1555 3455 1599 me
3499 1533 3660 1599 latet
3701 1554 3921 1602 arcam
3963 1535 4168 1601 fuisse
4211 1534 4560 1600 israelitico
4606 1554 4716 1617 po·

2784 1620 2939 1703 pulo
2979 1621 3325 1686 certissimi
3371 1620 3663 1704 pignoris
3701 1621 3860 1698 loco,
3907 1641 4036 1704 quo
4082 1621 4162 1687 de
4185 1622 4314 1686 Dei
4357 1621 4716 1703 praesentia

2786 1715 2851 1771 et
2910 1706 3135 1771 favore
3188 1706 3385 1771 fiebat
3430 1706 3687 1783 certior,
3740 1716 3938 1789 atque
3981 1706 4062 1772 de
4105 1707 4434 1790 praesenti
4478 1704 4716 1770 auxilio

2783 1792 3038 1873 quoties
3092 1791 3527 1858 invocaretur.
3637 1794 3726 1858 At
3783 1812 3933 1857 cum
3988 1791 4118 1858 fide
4183 1803 4251 1857 et
4320 1791 4717 1875 poenitentia

2784 1879 3004 1943 Deum
3061 1877 3500 1942 invocandum
3557 1877 3758 1945 fuisse
3811 1886 4003 1944 extra
4041 1879 4557 1945 controversiam
4601 1886 4713 1942 est.

2785 1961 2919 2029 Sed
2963 1963 3298 2028 Israelitas
3341 1973 3562 2030 tantus
3606 1973 4041 2047 occupaverat
4083 1975 4327 2047 stupor,
4388 1973 4464 2029 ut
4505 1962 4587 2028 de
4632 1964 4718 2028 vi·

2784 2047 2958 2115 sibili
3002 2059 3068 2113 et
3111 2059 3382 2113 externo
3424 2049 3614 2133 signo
3659 2058 3916 2114 tantum
3951 2051 4331 2134 cogitarent,
4376 2051 4720 2132 Deumque

2785 2143 3059 2199 externa
3098 2135 3215 2199 illa
3256 2134 3470 2217 specie
3514 2135 3636 2201 sibi
3682 2135 4058 2202 devinctum
4101 2138 4195 2203 sio
4231 2135 4718 2210 arbitr-arentur¹

2785 2231 2859 2285 ut
2919 2221 3284 2286 necessario
3335 2219 3531 2286 fidem
3599 2242 3863 2287 servare
3915 2224 4130 2305 ipsum
4177 2221 4533 2306 foedifrago
4577 2221 4721 2288 lieet

2783 2306 3019 2390 populo
3080 2327 3343 2373 necesse
3400 2308 3504 2372 sit.
3608 2306 4139 2374 Animadvertite
4194 2328 4344 2373 cum
4400 2307 4718 2389 hypocrisi

2784 2413 3074 2457 crassam
3117 2392 3651 2475 superstitionem
3695 2394 4130 2471 coniunctam,
4180 2414 4382 2477 quum
4428 2393 4566 2458 suis
4610 2395 4718 2458 fia-

2785 2478 2965 2563 gitiis
3009 2498 3142 2542 non
3185 2488 3422 2561 putant
3464 2499 3653 2562 posse
3676 2479 3803 2544 Dei
3850 2480 4161 2545 virtutem
4205 2487 4272 2545 et
4316 2479 4600 2563 gratiam
4643 2479 4719 2543 ab

2784 2563 3074 2629 externis
3127 2564 3334 2647 signis
3393 2563 3641 2629 divelli.
3731 2564 3911 2630 Sane
3966 2586 4193 2632 verum
4250 2563 4418 2630 illud
4461 2564 4719 2647 quidem

2785 2662 2851 2715 et
2873 2652 3219 2716 immotum
3242 2661 3369 2714 est:
3408 2649 3622 2716 Deum
3645 2651 4105 2717 invariabilem
4150 2672 4320 2717 esse:
4366 2649 4720 2733 aequando

2784 2747 3268 2804 sacramentum
3319 2735 3490 2801 istud
3549 2736 3786 2819 populo
3829 2737 4181 2804 israelitico
4238 2736 4560 2814 instituit,
4620 2756 4717 2801 ar-

2785 2843 2924 2887 cam
2984 2822 3165 2886 iilam
3223 2820 3500 2887 foederis
3553 2843 3711 2887 suae
3770 2824 4174 2906 praesentiae
4239 2823 4718 2906 maiestatisque

2787 2909 3235 2974 testimonium
3280 2929 3420 2972 esse
3463 2909 3747 2982 iussisse,
3802 2921 3868 2974 et
3906 2909 3979 2973 in
4022 2929 4102 2974 ea
4147 2929 4290 2974 sese
4335 2909 4500 2992 ipsis
4542 2919 4718 2992 pate-

2787 2996 3045 3061 fecisse:
3105 3014 3334 3058 verum
3392 2994 3541 3075 quis
3598 2993 3744 3059 ideo
3787 2995 4003 3060 Deum
4045 2996 4241 3060 istius
4280 2994 4511 3078 populi
4553 2994 4718 3060 arbi·

2786 3082 2917 3146 trio
2962 3079 3329 3158 subiecerit,
3390 3088 3463 3144 ut
3519 3100 3603 3144 ex
3660 3081 3801 3145 eius
3861 3095 4024 3145 nutu
4082 3079 4383 3163 pendeat,
4437 3101 4642 3163 quum
4683 3100 4720 3144 a

2789 3167 2927 3232 solo
2970 3167 3026 3232 si
3123 3188 3182 3243 o,
3237 3186 3370 3230 non
3427 3165 3509 3230 ab
3565 3168 3707 3248 ipso
3751 3165 3914 3246 Deo,
3979 3166 4304 3232 auxilium
4360 3162 4716 3251 efflagitet?

2786 3252 2959 3318 Nam
3003 3273 3042 3318 a
3128 3251 3416 3333 ipsorum
3461 3250 3733 3335 perfidia
3787 3252 4140 3318 divortium
4197 3252 4373 3318 istud
4432 3252 4719 3318 veritatis

2788 3360 2827 3403 a
2870 3340 3085 3423 figura
3148 3337 3473 3418 manabat,
3537 3348 3733 3421 atque
3797 3337 3946 3403 ideo
4008 3338 4318 3424 indignos
4361 3359 4434 3405 se
4489 3339 4721 3415 fructu,

2785 3446 2980 3508 quem
3026 3423 3490 3505 exspectabant
3543 3423 3623 3489 ab
3680 3423 3815 3500 illa,
3852 3423 4136 3489 reddunt
4177 3424 4507 3510 indignos.
4597 3423 4721 3489 Ne-

2783 3510 3063 3576 cessaria
3098 3530 3257 3575 sane
3299 3509 3402 3575 his
3445 3510 3851 3592 temporibus
3886 3508 4198 3590 doctrina,
4259 3511 4432 3594 quod
4492 3521 4724 3575 natura

2783 3596 3084 3662 homines
3126 3595 3197 3659 in
3239 3594 3363 3661 hoc
3408 3595 3643 3660 vitium
3685 3596 4010 3679 proclives
4051 3597 4205 3677 sint,
4257 3610 4333 3662 ut
4374 3596 4573 3662 rebus
4615 3617 4724 3661 ex·

2783 3682 2989 3748 ternis
3031 3691 3098 3746 et
3133 3681 3411 3746 terrenis
3447 3682 3657 3765 magis
3694 3681 4182 3760 adhaerescent,
4228 3701 4428 3764 quam
4463 3681 4724 3760 divinis,

2781 3768 2846 3833 id
2893 3777 2992 3833 est
3035 3768 3230 3833 rebus
3275 3768 3567 3833 externis
3610 3767 3763 3832 freti
3805 3768 3925 3833 sibi
3963 3768 4179 3834 Deum
4224 3788 4562 3850 nunquam
4617 3767 4724 3833 de·

2782 3855 3099 3931 futurum,
3157 3852 3270 3919 sed
3316 3861 3630 3939 perpetuo
3674 3852 4034 3936 propitium
4077 3852 4420 3919 habituros
4474 3863 4722 3936 putent.

2782 3939 3036 4005 Idcirco
3116 3938 3430 4022 populum
3516 3938 3968 4005 Israelitarnm
4049 3939 4207 4004 olim
4304 3939 4726 4006 vehementer

2784 4026 2990 4091 Isaiae
3032 4026 3429 4109 increpabat,
3488 4023 3659 4108 quod
3705 4025 3919 4090 Deum
3977 4025 4224 4110 templo
4265 4045 4384 4090 suo
4425 4025 4720 4091 clausum

2782 4120 2851 4177 et
2891 4112 3225 4194 captivum
3265 4119 3486 4176 tenere
3542 4111 3710 4177 velle
3762 4111 4178 4177 viderentur:
4237 4112 4331 4176 ita
4385 4120 4722 4194 stuporem

2782 4218 3006 4262 eorum
3071 4217 3222 4261 cum
3287 4197 3493 4262 stulta
3554 4207 3621 4261 et
3674 4217 3846 4262 vana
3905 4198 4222 4282 religione
4279 4198 4722 4273 coniunctum,

2784 4290 2861 4348 et
2895 4282 3091 4348 nimis
3125 4283 3539 4348 temerariam
3585 4284 4050 4367 arrogantiam,
4093 4284 4167 4349 in
4210 4303 4410 4367 quam
4444 4283 4722 4348 nimium

2783 4379 2969 4433 erant
3026 4369 3347 4453 proclives
3403 4390 3707 4452 arguens,
3772 4390 3979 4452 quum
4047 4371 4169 4435 ait:
4242 4368 4495 4435 Οοάωκ
4551 4369 4722 4435 sedes

2781 4475 2957 4520 mea:
3008 4460 3176 4520 terra
3235 4461 3440 4520 autem
3494 4455 3824 4520 scabellum
3863 4456 4102 4537 pedum
4141 4475 4448 4521 meorum:
4499 4454 4723 4540 paucis

2785 4540 3001 4607 verbis
3057 4541 3780 4624 incomprehensibilem
3839 4540 3970 4606 Dei
4032 4542 4441 4606 maiestatem
4507 4539 4724 4625 expri-

2783 4647 2989 4705 mens,
3036 4647 3165 4709 quo
3212 4628 3292 4690 ab
3337 4627 3517 4691 omni
3560 4646 3733 4693 vana
3775 4626 3953 4693 illius
3995 4627 4468 4711 imaginatione
4511 4627 4724 4693 deter-

2785 4733 3069 4778 reamur.
3159 4712 3326 4776 Nam
3388 4712 3569 4777 Deus
3635 4733 3837 4795 quum
3900 4714 3989 4778 sit
4051 4713 4506 4796 incorporeus,
4569 4711 4724 4777 mdc

2784 4819 2947 4882 opus
2992 4818 3126 4863 non
3173 4797 3404 4863 habet:
3464 4797 3579 4863 sed
3636 4798 4006 4864 istiusmodi
4065 4799 4283 4866 verbis
4333 4800 4559 4864 omnia
4599 4800 4724 4863 im-

2783 4884 2963 4967 plere
3008 4905 3129 4949 sua
3155 4884 3494 4949 maiestate
3538 4883 3901 4950 denotatur.
3957 4884 4209 4951 Idcirco
4252 4883 4334 4949 ad
4381 4884 4726 4969 superiora

2782 4969 3037 5036 adiicit:
3092 4971 3262 5051 Quae
3304 4975 3393 5035 cst
3425 4970 3548 5035 ista
3582 4970 3803 5035 domus
3834 4991 4026 5052 quam
4062 4970 4480 5052 aedificabitis·
4511 4968 4719 5036 milti?

2783 5056 3288 5140 quandoquidem
3322 5056 3598 5139 potentia
3642 5057 3949 5123 immensa
3989 5078 4130 5123 mea
4161 5062 4219 5123 el
4248 5056 4722 5141 imcomprehen-

2782 5142 2994 5207 sibilis
3046 5162 3243 5224 neque
3294 5142 3480 5208 coelis
3534 5162 3730 5224 neque
3785 5147 3957 5209 terra
4005 5144 4349 5209 continetur
4366 5144 4404 5208 ἓ
4491 5144 4718 5209 Annon

748 5218 1031 5285 Domino
1052 5221 1379 5306 castigari,
1415 5242 1804 5308 quacunque
1839 5226 2099 5292 tandem
2134 5226 2331 5311 plaga
2351 5227 2683 5306 feriamur,
2784 5226 2932 5294 haec
2973 5230 3184 5295 onmia
3221 5248 3449 5294 monus
3489 5249 3628 5294 mea
3667 5229 3867 5311 fecit?
3950 5227 4208 5312 Quibus
4266 5230 4481 5297 verbis
4526 5228 4709 5296 vehe-
