5059 6059
791 313 921 382 407

797 503 959 582 lare,
1018 513 1091 569 nt
1136 504 1324 587 plene
1382 523 1763 586 persuasum
1807 502 2182 581 habeamus,
2244 503 2589 569 veritatem
2644 504 2742 588 ip-

798 590 938 656 sius
1018 590 1205 657 nobis
1276 610 1614 672 nunqnam
1680 587 2051 654 defuturam
2118 592 2411 673 proponi.
2522 589 2745 672 Quare

800 697 1003 759 quum
1064 677 1235 740 viam
1296 697 1424 758 qua
1479 675 1561 740 ad
1620 675 1841 762 ⁸ipsum
1900 676 2283 758 pervenitur
2338 697 2455 741 nos
2500 676 2745 757 doceat,

803 762 1023 828 verbis
1062 764 1199 827 eius
1244 760 1438 826 fidem
1483 760 1861 826 habeamus.
1930 761 2183 826 Idcirco
2205 760 2392 828 Deus
2430 783 2746 846 apparere

803 846 1054 924 dicitur,
1102 858 1168 912 et
1203 846 1461 930 quidem
1502 847 1573 911 in
1616 845 1839 912 verbo:
1887 846 2157 911 minime
2183 848 2251 912 id
2274 848 2535 930 quidem
2560 849 2746 931 quasi

800 933 968 998 visio
1032 943 1308 998 externa
1374 932 1692 1016 quaedam
1757 931 2038 1009 accedat,
2108 942 2226 998 aut
2289 936 2431 1017 ipse
2495 934 2745 1000 visibili

799 1018 1008 1083 forma
1071 1039 1194 1084 nos
1259 1017 1714 1101 alloquuturus
1781 1017 2159 1084 descendat:
2239 1020 2354 1085 sed
2431 1018 2602 1104 qnod
2673 1020 2744 1083 in

800 1105 1004 1169 verbo
1047 1125 1117 1169 se
1161 1106 1582 1190 conspicuum
1626 1104 1839 1169 faciat.
1908 1104 2133 1184 Quare
2180 1106 2428 1171 nullam
2473 1128 2514 1171 a
2556 1104 2744 1171 nobis

801 1191 1290 1257 excusationem
1350 1190 1591 1255 adferri
1648 1210 1836 1272 posse
1893 1199 2253 1274 teneamus,
2312 1193 2368 1258 si
2426 1192 2743 1257 ministris

800 1296 843 1341 a
899 1276 1044 1341 Deo
1101 1277 1446 1354 suscitatis,
1501 1276 1846 1342 veritatem
1904 1297 2023 1341 nos
2086 1276 2500 1359 docentibus,
2548 1276 2743 1342 fidem

801 1382 933 1428 non
979 1361 1481 1438 adhibuerimus,
1538 1372 1606 1426 et
1664 1371 2042 1428 constanter
2096 1363 2362 1438 illorum
2409 1363 2744 1430 doctrinae

805 1447 1317 1514 adhaeserimus.
1406 1446 1679 1512 Nullum
1733 1446 1844 1513 hic
1903 1455 2283 1530 praetextus
2326 1448 2744 1534 ignorantiae

801 1533 1019 1600 locum
1075 1534 1357 1599 obtinet:
1418 1533 1598 1598 nulla
1654 1532 2011 1615 quamlibet
2068 1536 2359 1617 speciosa
2409 1534 2743 1601 excusatio

804 1617 1223 1684 admittetur:
1282 1617 1458 1702 quod
1516 1619 1828 1684 nimirum
1888 1628 2124 1703 sponte
2167 1622 2373 1687 oculis
2417 1621 2744 1705 caligave-

802 1704 1026 1786 rimus‚
1081 1712 1150 1770 et
1203 1705 1423 1771 surdis
1484 1703 1750 1770 auribus
1794 1704 2257 1772 audiverimus.
2346 1706 2528 1774 Satis
2569 1706 2745 1771 enim

799 1790 868 1855 in
913 1791 1122 1874 ipsius
1166 1790 1362 1856 verbo
1406 1790 1536 1855 Dei
1579 1791 1888 1857 maiestas
1931 1791 2280 1875 conspicua
2313 1801 2431 1859 est.
2506 1792 2746 1857 Nullus

798 1875 1084 1960 denique
1139 1877 1318 1942 locus
1361 1876 1604 1961 effugio
1650 1877 2027 1956 multorum,
2073 1878 2155 1943 de
2199 1879 2580 1962 opinionum
2628 1898 2745 1944 va·

794 1961 1031 2028 rietate
1076 1971 1142 2028 et
1184 1962 1647 2028 incertitudine
1689 1964 2261 2046 conquerentium.-
2304 1985 2455 2029 nam
2501 1965 2747 2031 veritas

796 2069 940 2115 sese
986 2049 1133 2132 ipsa
1177 2047 1512 2132 patefacit:
1557 2059 1627 2113 et
1669 2048 1772 2115 sui
1817 2059 2296 2132 contemptores
2340 2071 2561 2116 coram
2608 2049 2746 2113 Do-

798 2134 981 2199 mino
1047 2154 1197 2199 reos
1288 2132 1473 2213 facit,
1556 2147 1629 2199 ut
1674 2134 1926 2199 nullus
2006 2156 2226 2201 coram
2294 2137 2580 2202 Domino
2660 2135 2744 2201 sit

795 2219 1199 2286 excusationi
1221 2219 1510 2302 reliquus
1542 2220 1744 2300 loeus,
1786 2220 1857 2285 in
1894 2219 2081 2286 verbi
2115 2223 2220 2288 sui
2263 2229 2748 2306 contemptores

796 2327 1023 2374 severe
1059 2304 1620 2371 animadversum.

968 2392 1114 2458 Iam
1156 2410 1331 2470 vero,
1376 2390 1633 2471 fratres,
1678 2391 1871 2476 agite,
1917 2397 2020 2459 ete.

1379 2732 1883 2818 HOMILIA
1928 2735 2151 2818 XVI.

1592 2872 1795 2939 off.
1840 2871 1961 2938 ιν.

971 3056 1061 3122 Et
1086 3058 1285 3124 evenit
1303 3077 1508 3124 sermo
1539 3057 1857 3125 Samuelis
1884 3060 2176 3125 universo
2197 3060 2455 3126 Israeli.
2538 3062 2597 3128 1.
2652 3061 2752 3127 Et

796 3145 1033 3229 factum
1087 3149 1178 3209 est
1233 3144 1304 3208 in
1345 3143 1562 3210 diebus
1604 3145 1760 3224 illis,
1820 3151 2227 3211 convenerunt
2271 3146 2627 3212 Philistiim
2675 3149 2747 3214 in

786 3249 1093 3313 puqnam.
1185 3228 1505 3313 Eyressus
1561 3234 1650 3294 est
1703 3250 1974 3313 namque
2030 3231 2241 3297 Israel
2291 3232 2536 3298 obviam
2592 3232 2746 3298 Phi-

800 3316 1023 3381 listiim
1058 3316 1130 3378 in
1152 3315 1492 3398 praelium,
1536 3319 1595 3379 et
1623 3319 2094 3382 casn-amdam
2126 3322 2217 3383 est
2248 3317 2433 3383 iuaeta
2468 3318 2747 3401 lapidem

799 3400 1124 3467 adiutorii.
1212 3400 1273 3465 2.
1321 3398 1528 3464 Porro
1575 3398 1926 3466 Phili-stiim
1967 3407 2264 3468 venerumt
2304 3405 2376 3468 in
2410 3404 2648 3486 ΛΡΜ,
2691 3409 2750 3470 et

796 3487 1237 3554 instruxerunt
1288 3487 1487 3552 aciem
1541 3490 1757 3551 cona-a
1808 3485 2036 3554 Israel.
2127 3487 2298 3553 Inito
2355 3494 2562 3556 atatem
2620 3510 2744 3557 cer-

798 3572 1052 3648 tamine,
1109 3576 1284 3654 terqa
1324 3572 1507 3637 vertit
1549 3569 1764 3636 Israel
1806 3571 2210 3639 Philistaei-3.-
2267 3579 2324 3640 et
2373 3595 2558 3641 caesa
2597 3581 2746 3643 sunt

797 3658 868 3724 in
921 3658 1033 3722 illo
1089 3657 1419 3723 certamine
1471 3657 1728 3738 passim
1780 3676 1902 3740 per
1956 3678 2162 3740 aqros,
2220 3662 2410 3742 quasi
2473 3667 2744 3743 quatuor

798 3741 1006 3807 millia
1045 3743 1341 3807 virorum.
1412 3741 1470 3808 3.
1517 3741 1604 3807 Et
1634 3762 1922 3808 reversus
1955 3749 2041 3809 est
2073 3745 2353 3828 populus
2380 3747 2467 3812 ad
2500 3752 2743 3814 eastra.-

798 3827 1215 3908 dixeruntque
1256 3829 1528 3893 maiores
1568 3833 1724 3894 natu
1756 3830 1833 3894 de
1876 3827 2113 3894 Israel:
2179 3831 2387 3912 Quare
2428 3835 2748 3914 peremit

798 3933 914 3978 nos
955 3912 1278 3979 Dominus
1317 3912 1500 3978 hodie
1541 3933 1747 3978 coram
1786 3912 2182 3981 Philistiim?
2250 3915 2620 3999 Afferamus
2661 3918 2745 3984 ad

798 4018 912 4065 nos
954 3997 1032 4063 de
1078 3995 1213 4064 Silo
1254 4018 1473 4063 arcam
1511 3998 1782 4080 foederis
1822 3999 2111 4080 Domini,
2165 4007 2219 4067 et
2259 4004 2467 4068 veniat
2508 4005 2583 4070 in
2622 4025 2747 4070 me-

800 4084 981 4150 dium
1023 4084 1241 4161 nostri,
1286 4089 1358 4148 ut
1397 4084 1589 4149 salvet
1629 4104 1746 4151 nos
1802 4085 1880 4151 de
1921 4107 2121 4152 manu
2172 4088 2568 4155 inimieorum
2608 4110 2747 4156 nos-

801 4176 1059 4236 trorum.
1160 4169 1222 4233 4.
1270 4169 1458 4234 Misit
1512 4190 1659 4252 erqo
1700 4171 1976 4253 populus
2031 4173 2100 4237 in
2156 4172 2310 4254 Silo,
2367 4179 2424 4240 et
2477 4175 2748 4241 tulerunt

802 4256 948 4321 inde
992 4274 1208 4320 arcam
1247 4255 1522 4338 foederis
1542 4255 1811 4322 Domini
1843 4259 2225 4324 exercituum
2259 4260 2527 4327 sederitis
2559 4282 2749 4344 super

809 4340 1166 4407 Cherubim:
1223 4346 1518 4423 erantque
1575 4341 1698 4406 duo
1734 4342 1862 4424 filii
1904 4342 2058 4409 Heli
2099 4364 2239 4410 eum
2281 4365 2433 4411 arca
2479 4347 2748 4429 foederis

804 4425 1090 4508 Domini,
1142 4425 1352 4508 Oplmi
1392 4432 1449 4492 et
1496 4426 1785 4493 Phinees

977 4614 1313 4681 Hesterna
1385 4615 1697 4681 concione
1762 4614 2166 4694 audivimus,
2231 4639 2434 4702 quum
2500 4619 2610 4685 hic
2673 4622 2750 4687 fit

809 4702 1055 4768 mentio
1098 4701 1417 4767 sermonis
1461 4701 1809 4781 Samuelis,
1875 4724 2007 4767 non
2065 4703 2220 4768 inde
2279 4715 2498 4770 tamen
2558 4707 2745 4786 effici,

806 4786 1007 4852 fuisse
1050 4786 1376 4870 peculiare
1419 4784 1799 4852 mandatnm
1846 4786 2163 4854 Israelitis
2208 4789 2431 4856 datum
2468 4790 2549 4856 ab
2584 4792 2744 4875 ipso,

809 4872 891 4939 de
934 4872 1256 4939 movendo
1300 4871 1615 4938 adversus
1650 4871 2037 4939 Philistaeos
2073 4877 2396 4942 exercitu:
2441 4877 2555 4942 sed
2591 4898 2744 4945 con·

812 4971 915 5022 tra
957 4961 1175 5041 potius
1216 4958 1728 5041 praedictionum
1773 4959 2220 5043 impletionem
2265 4962 2581 5043 denotari,
2636 4963 2747 5029 ad·

813 5064 1041 5108 versus
1102 5044 1478 5111 universnm
1525 5045 1856 5129 populum,
1916 5066 2045 5111 non
2095 5056 2350 5113 tantum
2395 5048 2743 5115 adversum

811 5128 969 5193 Heli
1032 5130 1376 5209 familiam,
1442 5151 1609 5214 quae
1665 5131 1873 5197 sensit
1936 5132 2243 5199 effectum
2286 5155 2515 5200 eorum
2575 5156 2744 5219 quae

809 5212 1079 5280 Samuel
1122 5216 1569 5298 praedixerat3
1634 5226 1707 5283 ιιι
1771 5217 1984 5285 fidelis
2045 5218 2348 5300 Domine,
2415 5242 2742 5306 verusque

2468 312 2884 383 HOMILIA
2923 312 3119 380 XVI.

4627 311 4726 379 408

2846 525 2989 570 esse
3053 502 3372 587 propheta
3436 501 3839 586 probaretur.
3944 499 4024 565 Id
4092 521 4250 566 vero
4313 499 4585 567 maxime
4639 507 4731 570 toti

2844 589 3090 675 populo
3135 590 3556 671 conspicuum
3601 588 3848 654 factum
3893 596 3995 651 est
4037 587 4104 651 in
4148 586 4265 652 illa
4298 586 4493 666 clade,
4531 586 4604 652 de
4632 610 4734 673 qua

2847 677 3150 759 deinceps
3192 674 3430 740 dicturi
3473 694 3719 738 sumus.
3793 672 3999 753 Quae
4032 692 4192 739 vero
4236 693 4429 738 cansa
4469 673 4608 738 belli
4643 679 4734 741 ad-

2845 783 3076 830 versus
3099 759 3499 828 Philistaeos
3542 759 3806 825 excitati
3851 758 4067 838 fuerit,
4111 779 4196 823 an
4241 759 4368 841 ipsi
4389 758 4734 828 Philistaeos

2847 871 2930 914 an
2989 857 3217 915 contra
3272 845 3606 912 Israelitas
3662 844 3762 910 illi
3817 844 4027 910 adorti
4083 844 4219 909 sint
4282 845 4588 910 incertum
4643 857 4733 914 est

2844 938 2941 1001 At
2982 932 3163 999 istud
3206 941 3481 1010 constat,
3512 930 3904 1000 Philistaeos
3940 930 4272 1013 perpetuis
4304 929 4469 996 odiis
4499 939 4736 999 certasse

2846 1019 3161 1085 adversus
3216 1018 3569 1097 Israelitas,
3633 1026 3702 1082 et
3757 1016 3946 1082 bellis
4001 1015 4149 1081 illos
4212 1016 4536 1082 continuis
4586 1039 4737 1084 exer·

2847 1106 3076 1187 cuisse,
3118 1114 3188 1170 et
3228 1124 3423 1186 saepe
3465 1102 3912 1169 crudelissime
3955 1111 4023 1166 et
4065 1101 4409 1188 tyrannice
4454 1113 4736 1170 tractasse.

2846 1191 3080 1275 Itaque
3166 1191 3485 1256 incertum
3568 1199 3668 1254 est
3748 1197 4070 1271 spontene
4145 1189 4307 1271 ipsis
4384 1192 4741 1255 occurrerint

2846 1277 3220 1342 Israelitae:
3308 1296 3687 1359 quanquam
3785 1295 3919 1340 non
4014 1276 4090 1340 fit
4185 1274 4532 1341 verisimile
4609 1277 4741 1356 bello

2846 1365 2928 1429 ab
2993 1362 3316 1429 Israelitis
3381 1362 3556 1427 ultro
3621 1361 3953 1427 lacessitos
4011 1360 4411 1427 Philistaeos
4475 1360 4743 1442 inimicos,

2848 1470 3050 1533 quum
3093 1449 3274 1532 pacis
3317 1447 3536 1530 potius
3577 1445 3888 1513 colendae
3931 1445 4395 1514 studiosissimi
4439 1446 4629 1512 sume
4669 1449 4744 1512 vi-

2848 1535 3149 1600 deantur.
3242 1532 3373 1599 Sed
3419 1532 3709 1616 oportuit
3751 1534 3832 1598 ab
3876 1532 4172 1599 hostibus
4213 1532 4468 1599 illatam
4512 1534 4634 1599 vim
4671 1555 4746 1598 re·

2847 1621 3151 1705 pulsuros
3227 1621 3296 1684 in
3357 1619 3593 1685 Heben
3647 1617 3864 1685 Hezer
3922 1620 4372 1685 castrametari
4437 1619 4519 1684 ad
4572 1618 4745 1685 occlu-

2848 1705 3060 1771 denda
3105 1706 3366 1770 itinera.
3433 1705 3785 1771 Caeterum
3822 1703 3950 1771 loci
3990 1704 4170 1770 illius
4206 1725 4338 1770 non
4375 1703 4552 1770 istud
4583 1705 4744 1770 fuisse

2848 1801 3004 1858 tunc
3046 1812 3286 1858 nomen
3330 1812 3414 1856 ex
3456 1791 3880 1874 sequentibus
3914 1799 4206 1874 apparet,
4252 1811 4329 1857 ac
4364 1790 4624 1874 proinde
4653 1812 4745 1874 per

2847 1878 3176 1961 prolepsin
3243 1885 3652 1960 usurpatum.
3758 1876 4087 1961 Deinceps
4149 1877 4327 1941 enim
4404 1876 4745 1954 videbimus,

2850 1962 3228 2031 Samuelem
3285 1964 3482 2029 huius
3541 1970 3833 2027 autorem
3877 1963 4076 2028 fuisse
4121 1962 4424 2041 nominis,
4480 1971 4660 2046 atque
4693 1964 4746 2026 in

2850 2051 3231 2115 memoriam
3275 2068 3352 2115 ac
3393 2049 3869 2114 monimentum
3914 2047 4143 2113 auxilii
4185 2048 4557 2132 singularis,
4609 2048 4747 2132 qaod

2848 2135 3032 2201 Deus
3056 2135 3294 2218 populo
3316 2135 3387 2199 in
3409 2157 3480 2201 re
3516 2134 3982 2218 angustissima
4015 2133 4346 2212 attulerat,
4383 2136 4745 2217 imposuisse.

2857 2220 2991 2286 Sed
3023 2221 3132 2286 hic
3158 2220 3517 2303 scripturae
3562 2240 3705 2286 mos
3748 2229 3866 2297 est,
3913 2229 3987 2285 ut
4029 2229 4280 2286 certum
4320 2221 4638 2305 quendam
4670 2219 4747 2284 le·

2850 2328 3000 2373 cum
3025 2306 3464 2391 designatnra,
3490 2304 3570 2370 de
3593 2306 3857 2371 nomine
3881 2306 3976 2371 rei
3999 2305 4132 2372 illic
4153 2316 4376 2390 gestae
4387 2306 4746 2372 denominat.

3023 2391 3355 2475 Deinceps
3417 2391 3764 2458 Philistaei
3837 2392 4082 2476 praelio
4153 2392 4525 2475 superiores
4587 2392 4750 2458 fiiisse

2851 2477 3174 2557 dicuntur,
3216 2488 3283 2543 et
3311 2478 3395 2543 ab
3437 2478 3602 2561 ipsis
3633 2477 3971 2543 Israelitae
4013 2479 4081 2542 in
4116 2476 4343 2561 fugam
4387 2478 4585 2556 versi,
4623 2498 4750 2560 quo·

2851 2584 2999 2630 rum
3043 2562 3126 2628 ad
3170 2563 3506 2629 hominum
3552 2571 3833 2646 quatuor
3875 2562 4081 2628 millia
4127 2563 4590 2630 occubuerunt.
4665 2564 4751 2629 En

2851 2659 2925 2715 ut
2957 2649 3228 2733 implere
3250 2649 3435 2715 Deus
3470 2647 3755 2731 coeperit
3791 2669 3954 2731 qnae
3989 2648 4425 2731 praedixerat,
4462 2671 4532 2717 se
4553 2667 4750 2732 nempe

2851 2745 2988 2801 tam
3041 2733 3448 2800 sacerdotum
3506 2755 3709 2817 quam
3765 2734 3984 2817 populi
4051 2744 4316 2818 peccata
4377 2738 4749 2819 puniturum.

2851 2822 3062 2888 Porro
3122 2821 3248 2886 filii
3298 2820 3472 2899 Heli,
3538 2819 3767 2901 Ophni
3820 2828 3890 2884 et
3952 2818 4259 2900 Phinees,
4326 2822 4485 2890 huic
4546 2821 4752 2906 praelio

2853 2929 2982 2973 non
3008 2906 3469 2986 interfuerunt,
3512 2905 3665 2971 licet
3698 2905 3765 2970 id
3803 2925 4045 2971 munus
4080 2908 4378 2990 ipsorum
4415 2907 4751 2991 postularet.

2852 2993 3138 3059 Oautum
3174 2992 3350 3057 enim
3386 2999 3527 3056 erat
3562 2989 3706 3074 lege
3730 2990 3876 3070 Dei,
3920 3000 3997 3056 ut
4040 3013 4190 3058 cum
4224 2992 4408 3059 tubis
4444 2993 4752 3078 argenteis,

2851 3098 3017 3162 quae
3075 3078 3144 3142 in
3203 3077 3569 3143 sanctuario
3623 3087 3831 3153 erant,
3887 3076 4191 3143 adessent
4224 3079 4612 3160 sacerdotes,
4661 3099 4750 3143 ex·

2850 3173 3048 3230 eunte
3090 3163 3330 3247 populo
3386 3164 3457 3227 in
3499 3161 3743 3228 bellum
3799 3161 4112 3229 adversus
4164 3163 4486 3246 inimicos,
4527 3175 4599 3230 ut
4636 3185 4753 3247 pro-

2848 3249 3001 3315 latis
3058 3268 3142 3313 ex
3203 3250 3570 3315 sanctuario
3613 3249 3789 3314 tubis
3831 3249 3961 3314 Dei
4005 3249 4209 3334 ipsius
4253 3250 4566 3335 auspiciis
4605 3249 4755 3314 velut

2848 3334 3187 3419 proprium
3246 3335 3511 3400 Domini
3579 3334 3820 3400 bellum
3885 3338 4027 3418 geri
4092 3335 4452 3402 videretur.
4561 3336 4755 3418 Neque

2847 3435 3067 3487 tamen
3123 3419 3667 3504 existimandum,
3726 3428 3976 3485 tantam
4035 3421 4339 3487 tubarum
4387 3424 4590 3489 fnisse
4625 3422 4753 3496 vim.

2845 3517 2921 3572 ut
2976 3507 3159 3590 ipsae
3216 3527 3335 3590 per
3391 3527 3463 3572 se
3517 3505 3815 3572 hostibus
3870 3515 4186 3572 terrorem
4231 3506 4604 3576 adferrent:
4663 3504 4756 3572 sed

2847 3594 3066 3658 Deum
3100 3592 3338 3658 talibus
3371 3613 3565 3657 usum
3603 3592 4076 3669 instrumentis,
4122 3592 4206 3659 ad
4241 3595 4564 3678 populum
4597 3609 4757 3659 suum

2844 3676 3279 3759 retinendum,
3324 3698 3409 3742 ne
3446 3676 3688 3744 bellum
3723 3687 3968 3745 temere
4002 3700 4078 3745 ac
4111 3680 4255 3745 sine
4277 3678 4416 3746 Dei
4451 3683 4757 3765 permissu,

2845 3774 2961 3829 aut
3018 3774 3283 3846 praeter
3340 3762 3546 3847 ipsius
3603 3763 4017 3829 voluntatem
4089 3766 4471 3849 susciperet.
4572 3769 4758 3848 Atque

2845 3850 2940 3915 ita
3005 3870 3161 3915 vore
3226 3849 3505 3933 populus
3568 3850 3798 3914 testari
3861 3859 4082 3933 posset
4136 3853 4581 3919 conscientiae
4632 3868 4758 3917 suae

2847 3933 3226 4001 testimonio
3293 3955 3426 3999 non
3485 3955 3526 3999 a
3584 3955 3655 3999 se
3700 3935 3946 4001 bellum
4003 3936 4311 4003 excitari:
4382 3961 4462 4006 ac
4525 3933 4757 4022 proinde

2850 4021 3192 4105 sanguinis
3226 4019 3607 4085 effundendi
3651 4020 3922 4086 minime
3966 4022 4294 4105 cupidum,
4339 4044 4554 4109 neque
4583 4041 4755 4102 reum,

2849 4107 2961 4173 sed
3020 4105 3238 4172 Deum
3285 4106 3505 4190 potius
3555 4127 3798 4190 poenas
3842 4107 3925 4173 ab
3968 4108 4270 4175 hostibus
4312 4109 4399 4176 de
4447 4106 4756 4194 tyrannide

2848 4194 3139 4275 ipsorum
3161 4203 3228 4258 et
3249 4193 3556 4258 violentis
3589 4192 3776 4258 factis
3809 4205 4258 4276 reposcentem
4293 4197 4440 4263 eius
4476 4205 4756 4262 autorem·

2850 4279 3032 4360 Quin
3071 4280 3289 4359 etiam,
3313 4287 3768 4362 praeterquam
3813 4279 3988 4362 quod
4033 4281 4313 4365 populus
4356 4282 4615 4348 nullum
4655 4277 4759 4343 bel·

2848 4363 2989 4429 lum
3053 4373 3296 4430 temere
3352 4365 3682 4448 suscipere
3740 4364 4112 4447 docebatur,
4179 4368 4378 4432 etiam
4449 4363 4757 4434 accedebat

2850 4450 3149 4534 specialis
3193 4451 3321 4516 Dei
3362 4450 3724 4534 promissio,
3784 4450 3926 4517 fore
3981 4461 4056 4515 nt
4109 4452 4573 4520 insonantibus
4611 4449 4756 4517 tubis

2849 4536 3130 4602 victoria
3183 4558 3386 4621 penes
3428 4537 3748 4621 populum
3793 4543 3981 4614 esset,
4040 4538 4212 4620 quod
4270 4539 4573 4606 coelestis
4617 4547 4756 4602 esset

2847 4631 2916 4686 et
2956 4622 3346 4705 spiritualis:
3409 4631 3477 4687 et
3534 4634 3765 4688 cuncta
3809 4643 3890 4687 ex
3936 4621 4148 4706 ipsius
4189 4635 4360 4690 nutu
4404 4635 4477 4692 et
4518 4621 4754 4691 arbitrio

2849 4728 2923 4774 ac
2944 4707 3246 4791 auspiciis
3267 4717 3672 4792 gererentur.
3735 4707 3960 4788 Quare
4003 4711 4291 4793 oportuit
4321 4711 4517 4778 tubas
4545 4713 4610 4776 in
4641 4727 4754 4774 css·

2849 4794 2972 4858 tris
3030 4814 3180 4859 cum
3236 4793 3679 4860 sacerdotibus
3738 4794 3987 4874 adesse,
4040 4803 4116 4860 ut
4175 4797 4566 4863 nominatim
4604 4793 4756 4861 iubet

2845 4879 3082 4959 Moses,
3131 4890 3264 4944 tam
3309 4888 3383 4943 ut
3428 4877 3766 4945 doceretur
3806 4881 4087 4964 populus
4130 4882 4283 4966 quid
4329 4882 4574 4964 liceret,
4599 4877 4754 4964 quid-

2844 4986 2925 5031 ve
2968 4964 3437 5047 prohiberetur,
3501 4986 3699 5049 quam
3742 4975 3816 5030 ut
3858 4966 4097 5032 certior
4141 4967 4222 5033 de
4265 4969 4544 5035 victoria
4581 4969 4752 5036 fieret.

2844 5052 3034 5115 modo
3070 5073 3152 5115 ex
3183 5051 3310 5116 Dei
3356 5052 3535 5118 iussu
3579 5062 3645 5117 et
3687 5053 3759 5117 in
3805 5052 4009 5135 ipsius
4053 5054 4289 5120 timore
4325 5055 4585 5140 singula
4621 5053 4754 5117 haee

2843 5136 3477 5204 administrarentur.
3566 5138 3793 5222 Ophni
3838 5159 3993 5205 vero
4036 5148 4102 5204 et
4144 5140 4434 5207 Phinees
4480 5140 4643 5207 domi
4679 5155 4751 5208 se.

2845 5221 3001 5288 dum
3045 5222 3364 5291 adversus
3409 5224 3627 5292 hostes
3668 5224 3917 5309 praelio
3949 5224 4295 5294 Israelitae
4338 5226 4753 5296 decernerent,
