5059 6059
280 306 392 374 237

1581 308 1682 374 IN
1718 310 1771 375 1.
1817 308 2000 374 LIB.
2046 308 2448 379 SAMUEL.
2495 309 2688 378 OAP.
2733 311 2960 382 XVII.

4123 312 4250 380 238

297 504 471 570 docet
511 498 704 566 verbo
749 517 887 576 suo,
948 507 1016 563 et
1057 499 1319 582 quidem
1364 507 1540 566 recto
1583 508 1650 566 et
1694 520 1857 583 puro
1901 498 2094 564 corde
2137 505 2207 562 et
2308 500 2377 564 in
2424 500 2549 566 diis
2609 502 2747 569 suis
2805 501 3320 586 reprehendisse.
3412 501 3581 567 Nam
3642 501 3751 567 ille
3796 500 4066 568 Goliath
4113 504 4249 568 Da·

297 589 522 657 unim0.
610 584 984 650 Caveamus
1029 597 1246 651 autem
1292 607 1375 651 ne
1421 587 1534 652 illa
1571 586 1855 670 cognitio
1898 583 2207 651 simulata
2307 586 2447 652 vidi
2491 587 2563 651 in
2606 587 2731 654 diis
2777 589 2914 655 suis
2958 587 3383 664 maledicens,
3445 588 3747 671 sperabat
3804 608 3874 654 se
3932 601 4245 670 tanquam

289 676 388 740 vel
432 681 649 740 coacta
691 671 794 746 sit,
843 690 1038 752 quam
1078 670 1383 755 deinceps
1418 672 1668 738 malitia
1703 681 1769 736 et
1804 668 2207 754 ingratitudo
2311 670 2586 736 fulmine
2629 674 2818 739 illum
2865 675 3298 757 percussisse:
3356 673 3470 740 sed
3529 674 3813 739 hominis
3856 674 4025 739 iram
4070 673 4246 741 blas·

287 783 362 828 ex
404 759 637 824 animis
687 755 901 821 deleat
949 766 1016 821 et
1059 758 1471 842 exstinguat:
1518 759 1632 824 sed
1678 757 1905 823 demus
1947 775 2208 820 omnem
2308 756 2616 840 phemam
2662 759 2883 825 David
2927 760 3155 840 eludit,
3199 781 3402 843 quum
3446 760 3570 825 ait:
3615 759 3826 825 Deum
3867 779 4000 825 esse
4040 761 4111 826 in
4146 760 4245 827 Is·

288 845 491 932 potius
546 863 830 926 operam,
888 853 965 907 ut
1021 863 1177 908 vere
1223 844 1350 909 Dei
1395 844 1709 908 virtutem
1759 840 2209 928 apprehenda-

286 953 424 997 mus
467 950 661 1013 quam
708 927 893 993 Deus
937 928 1074 994 suis
1119 929 1443 1010 patefacit,
1502 943 1573 995 ut
1632 931 1703 995 in
1761 950 1840 994 ea
1883 928 2214 1009 conquies-

285 1037 516 1099 camus,
561 1027 630 1080 et
676 1013 755 1077 de
798 1014 1004 1097 ipsius
1048 1016 1291 1080 auxilio
1336 1017 1629 1098 persuasi
1664 1017 1887 1081 simus.
1956 1012 2211 1078 Nihilo·

284 1103 496 1167 minus
538 1099 903 1177 Israelitae,
958 1099 1108 1165 licet
1154 1102 1311 1166 satis
1355 1101 1744 1167 docerentur
1787 1101 1930 1184 lege
1975 1099 2101 1164 Dei
2147 1107 2213 1163 et

285 1187 585 1272 peculiari
633 1187 1005 1250 testimonio
1052 1194 1299 1251 tantam
1348 1208 1488 1253 esse
1524 1186 1650 1252 Dei
1696 1188 2008 1252 virtutem
2044 1204 2212 1267 quae

284 1273 413 1340 suis
455 1271 815 1338 liberandis
873 1281 939 1335 et
998 1293 1078 1336 ex
1137 1272 1442 1354 periculis
1501 1271 1805 1338 eruendis
1865 1272 2211 1345 sufficeret,

282 1379 407 1424 non
473 1370 696 1423 tamen
763 1357 830 1421 in
899 1356 1016 1421 illa
1082 1380 1239 1423 vera
1305 1358 1430 1424 fide
1492 1359 2029 1442 conquieverunt,
2097 1352 2213 1421 sed

281 1443 454 1509 dubii
521 1453 589 1508 et
657 1441 1035 1509 vacillantes
1101 1446 1383 1509 fuerunt.
1488 1444 1928 1525 Quamobrem
1992 1439 2213 1506 David

276 1529 492 1594 verbis
550 1530 697 1595 istis
757 1527 1014 1611 oblique
1074 1529 1501 1596 diffidentiam
1565 1541 1630 1596 et
1691 1527 2214 1595 incredulitatem

275 1617 565 1699 ipsorum
613 1616 849 1698 arguit,
918 1616 1089 1696 quod
1136 1617 1449 1681 nimirum
1496 1639 1627 1682 non
1672 1615 2088 1681 attenderent
2131 1612 2214 1677 ad

275 1702 532 1767 divinas
577 1700 1045 1784 promissiones
1089 1722 1255 1783 quac
1316 1702 1459 1787 lege
1506 1703 1632 1767 Dei
1691 1700 2213 1774 continebantur,

276 1797 339 1853 et
381 1808 512 1852 non
560 1787 694 1852 illis
740 1794 814 1851 ut
856 1806 976 1869 par
1013 1799 1156 1851 erat
1200 1787 1495 1854 fiderent.
1563 1789 1731 1854 Nam
1778 1788 1832 1853 si
1879 1785 2216 1851 Israelitae

277 1874 438 1940 bene
497 1872 966 1956 cognovissent
1032 1873 1177 1937 Deo
1233 1874 1511 1938 salutem
1571 1875 1671 1938 sui
1729 1872 1954 1956 populi
2021 1889 2215 1937 curae

272 1980 410 2025 esse
446 1969 515 2024 et
554 1958 961 2023 liberationis
985 1958 1300 2023 honorem
1337 1969 1405 2024 et
1426 1959 1698 2043 gloriam
1735 1959 1851 2023 soli
1890 1956 2013 2023 sibi
2048 1955 2217 2020 velle

271 2045 637 2110 reservari:
707 2065 839 2108 non
909 2065 1066 2109 usus
1134 2044 1240 2110 his
1307 2046 1575 2111 vocibus
1630 2055 1801 2111 esset
1844 2041 2082 2119 David,
2150 2045 2220 2104 ut

267 2131 471 2197 omnis
538 2130 693 2195 haec
755 2129 1085 2196 multitudo
1150 2137 1208 2194 et
1286 2131 1536 2197 ecclesia
1613 2135 1927 2215 coquoscat
1986 2128 2216 2194 Deum.

271 2216 502 2298 Itaque
565 2215 714 2281 istis
774 2214 990 2282 verbis
1045 2216 1330 2281 ostendit
1394 2217 1707 2301 populum
1774 2216 1974 2280 fuisse
2039 2219 2218 2277 metu

267 2302 630 2367 attonitum
679 2309 750 2366 et
801 2302 1191 2384 perculsum,
1252 2311 1318 2367 et
1369 2305 1541 2368 intra
1601 2323 1782 2385 spem
1843 2310 2218 2381 metumque

265 2385 686 2453 collocatum.
756 2385 933 2467 Quid
974 2408 1127 2452 vero
1163 2389 1458 2470 ipsorum
1495 2390 1745 2454 animos
1784 2382 2213 2470 percellebat?

261 2472 521 2557 Nempe
567 2473 760 2556 gigas
795 2472 905 2536 ille
939 2472 1128 2539 miles
1163 2476 1623 2557 cataphractus
1658 2472 2078 2557 perterrebat,
2112 2470 2216 2534 cui

261 2559 641 2624 resistendo
686 2578 757 2622 se
801 2559 1084 2641 impares
1130 2560 1636 2642 arbitrabantur,
1683 2561 1945 2624 nemine
1988 2558 2215 2639 singu·

257 2643 378 2709 lari
439 2644 810 2710 certamine
869 2645 1178 2728 congredi
1246 2666 1394 2710 cum
1462 2646 1605 2729 ipso
1670 2645 1971 2710 audente.
2073 2643 2216 2706 Deo

255 2730 466 2814 igitur
537 2728 836 2796 debitum
901 2731 1213 2796 honorem
1279 2731 1428 2797 illos
1493 2752 1623 2795 non
1689 2732 1996 2797 tribuisse
2061 2727 2217 2793 hinc

257 2825 561 2900 apparet,
625 2816 740 2881 sed
801 2817 868 2879 in
929 2818 1220 2883 externis
1282 2817 1620 2898 praesidiis
1665 2816 1966 2883 fiduciam
2012 2813 2213 2880 collo-

254 2923 477 2967 casse:
546 2924 628 2967 ac
673 2902 947 2984 proinde
991 2904 1223 2968 merito
1267 2902 1485 2969 David
1533 2903 1690 2969 dicit
1731 2913 2027 2987 oportere
2069 2899 2216 2964 illos

256 2987 534 3066 discere,
601 2986 821 3051 Deum
878 3009 1030 3053 suos
1086 3009 1350 3055 servare
1414 3010 1545 3054 non
1607 2988 1952 3054 ordinariis
2008 2983 2217 3051 modis

253 3074 366 3139 sed
429 3094 722 3157 prorsus
779 3073 1346 3140 extraordinariis:
1413 3085 1482 3141 et
1538 3076 1706 3141 hanc
1749 3073 2088 3141 scientiam
2134 3092 2217 3136 ex

254 3180 417 3225 vera
463 3159 608 3225 Dei
667 3160 1041 3242 cognitione
1095 3162 1293 3226 nasci.
1382 3161 1579 3227 Certa
1639 3181 1792 3227 vero
1835 3159 2106 3226 scientia
2150 3166 2219 3220 et

249 3245 561 3331 cognitio
614 3245 879 3309 virtutis
929 3257 995 3311 et
1050 3246 1362 3311 bonitatis
1408 3246 1671 3311 divinae
1725 3253 1952 3312 manat
1993 3245 2075 3310 ab
2118 3244 2217 3326 ip·

252 3331 392 3397 sius
441 3332 680 3396 verbo.
768 3331 997 3414 Neque
1042 3333 1214 3396 enim
1262 3331 1422 3399 haec
1480 3333 1788 3398 inferiora
1829 3352 2058 3396 veram
2104 3349 2220 3394 no·

255 3417 353 3484 bis
401 3416 491 3485 de
542 3416 694 3481 Deo
737 3418 1177 3500 cognitionem
1238 3417 1576 3483 adferunt:
1638 3418 1750 3484 sed
1813 3417 1894 3483 ad
1952 3417 2216 3482 illorum

249 3503 592 3568 intuitum
653 3504 870 3585 potius
926 3504 1094 3569 oculi
1141 3505 1347 3569 nostri
1393 3504 1678 3588 caligant
1720 3511 1786 3568 et
1828 3524 2060 3569 sensus
2104 3501 2216 3566 he-

255 3587 572 3654 bescunt.
686 3589 776 3653 Et
852 3589 1169 3655 miracula
1251 3591 1468 3672 potius
1535 3591 1615 3654 ad
1698 3589 2217 3674 indignationem

245 3685 566 3751 movent,
616 3694 809 3756 quam
856 3675 937 3739 ad
976 3697 1200 3740 veram
1224 3676 1349 3740 Dei
1397 3678 1832 3761 cognitionem
1871 3675 2216 3750 deducunt,

249 3761 384 3824 nisi
409 3760 557 3824 Dei
597 3758 801 3824 verbo
835 3781 1143 3844 regamur
1182 3773 1247 3827 et
1281 3762 1706 3827 illustremur.
1772 3759 2218 3842 Quamobrem

247 3844 450 3913 Deus
515 3844 726 3913 verbo
778 3867 915 3926 suo,
976 3846 1145 3929 quod
1213 3849 1279 3911 in
1323 3847 1487 3931 lege,
1529 3847 1866 3932 prophetis
1909 3855 1976 3911 et
2019 3865 2215 3912 evan·

249 3934 433 4016 gelio
485 3931 885 4009 continetur,
932 3953 1053 3998 nos
1099 3931 1303 3998 docet.
1396 3933 1725 4015 Quoniam
1786 3941 2004 3998 autem
2052 3950 2217 3996 non·

245 4037 623 4101 nunquam
684 4018 957 4082 scientia
1017 4017 1131 4083 illa
1190 4021 1259 4082 in
1305 4018 1490 4084 uobis
1535 4032 1631 4084 est
1677 4018 1905 4083 debilis
1949 4029 2014 4081 et
2059 4051 2095 4099 a·
2152 4035 2217 4080 o-

244 4100 628 4168 dammodo
654 4103 938 4182 vacillat,
986 4124 1060 4170 ac
1099 4105 1284 4186 proni
1330 4126 1555 4170 sumus
1600 4104 1680 4169 ad
1724 4104 2217 4180 contumaciam,

242 4201 311 4254 et
360 4188 808 4254 rebellionem
857 4210 930 4255 ac
990 4188 1443 4255 diffidentiam:
1504 4191 1744 4256 idcirco
1800 4192 1996 4255 etiam
2058 4208 2219 4270 opus

242 4273 600 4341 habemus
644 4275 1157 4354 confirmatione,
1203 4290 1276 4340 ut·
1320 4274 1710 4358 quibusdam
1755 4278 2046 4341 externis
2090 4286 2218 4338 tcs·

241 4360 572 4427 timoniis
616 4360 798 4425 Deus
842 4381 914 4425 re
956 4361 1099 4443 ipsa
1141 4373 1358 4426 ratum
1404 4362 1611 4440 faciat,
1668 4383 1738 4427 se
1788 4383 1917 4426 non
1977 4361 2219 4427 frustra

238 4448 623 4531 loquutum
668 4467 809 4511 esse
853 4447 922 4511 in
971 4447 1167 4513 verbo
1211 4468 1349 4529 suc,
1393 4448 1463 4512 in
1508 4470 1637 4530 quo
1673 4448 1981 4513 maiestas
2016 4448 2221 4529 ipsius

243 4532 601 4617 splendet.
670 4529 848 4598 Sane
885 4533 1063 4597 utilis
1100 4532 1286 4598 nobis
1329 4545 1428 4598 est
1471 4532 1629 4598 haec
1674 4533 1987 4611 doctrina,
2025 4553 2220 4617 quam

239 4621 405 4685 istis
447 4616 687 4685 verbis
713 4618 1006 4698 Davidis,
1050 4624 1120 4683 ut
1151 4619 1298 4685 haec
1339 4619 1636 4685 universa
1679 4620 1930 4686 ecclesia
1967 4619 2222 4702 noverit,

235 4705 486 4859 (filetum
511 4723 914 4770 nonservare
953 4707 1020 4770 in
1050 4705 1283 4788 ρίαᾱίο,
1318 4725 1509 4787 neque
1543 4707 1613 4771 in
1655 4704 1856 4786 hasta,
1900 4706 2221 4770 contineri

369 4809 591 4856 imus.

439 4876 806 4943 Caeterum
850 4876 1328 4942 observandum
1375 4874 1700 4941 Davidem
1746 4896 1948 4959 quum
1995 4876 2221 4942 Golia-

239 4964 462 5031 thum
520 4961 958 5045 compellaret,
997 4983 1071 5028 ac
1109 4962 1369 5041 diceret,
1405 4967 1473 5027 ut
1506 4961 1655 5027 haec
1687 4963 2020 5028 multitudo
2062 4964 2223 5029 sciat

239 5051 431 5135 quod
483 5054 584 5113 est
625 5047 803 5113 Deus
846 5050 916 5113 in
961 5047 1221 5128 Ιεναέῑε,
1279 5049 1408 5114 illis
1465 5048 1681 5114 verbis
1738 5048 2220 5114 incredulorum

241 5155 489 5203 vanas
544 5135 1036 5216 superstitiones
1082 5144 1148 5198 et
1194 5133 1591 5199 idololatrias
1636 5137 1947 5219 arguisse,
1993 5145 2057 5199 et
2103 5156 2218 5199 no-

233 5220 592 5289 minatim
638 5220 1081 5306 blasphemam
1128 5220 1304 5286 illam
1365 5221 1655 5306 gigantis
1697 5220 2217 5288 maledictionem

2310 842 2513 909 mele.-
2579 853 2655 909 ut
2712 844 2957 912 indicet
3022 844 3388 911 incredulos
3444 845 3736 911 ethnicos
3791 845 4063 911 adorare
4127 867 4248 912 sua

2311 930 2568 994 somnia
2611 940 2678 995 et
2720 934 2949 998 inanes
2993 931 3526 1016 imaginationes:
3582 930 3697 996 sed
3756 951 3982 996 verum
4030 931 4246 997 Deum

2312 1036 2473 1094 esse,
2534 1026 2600 1080 et
2656 1017 2779 1083 coli
2837 1027 2903 1082 et
2946 1017 3201 1082 adorari
3242 1018 3311 1081 in
3359 1016 3622 1082 Israele.
3712 1017 4043 1101 Populum
4088 1038 4247 1083 vero

2312 1101 2763 1181 israeliticum,
2808 1104 3156 1168 attonitum
3203 1118 3269 1167 et
3312 1114 3493 1168 metu
3540 1101 3907 1185 perculsum
3953 1103 4246 1169 consola-

2315 1191 2442 1266 tur,
2497 1189 2780 1254 confisus
2828 1188 3043 1254 Deum
3100 1210 3172 1254 re
3229 1189 3372 1270 ipsa
3422 1190 3907 1272 patefacturum
3964 1210 4035 1253 se
4092 1189 4253 1255 satis

2314 1280 2647 1356 potentem
2693 1274 2776 1339 ad
2813 1296 2963 1340 suos
2998 1296 3034 1339 e
3070 1274 3373 1357 periculis
3409 1274 3734 1340 eruendos
3772 1284 3838 1340 et
3874 1274 4256 1352 servandos,

2315 1369 2381 1422 et
2423 1358 2577 1424 licet
2619 1362 2920 1426 omnibus
2965 1361 3270 1426 humanis
3292 1360 3636 1444 praesidiis
3689 1357 4051 1438 destitutos,
4093 1361 4255 1426 satis

2316 1445 2387 1507 in
2446 1445 2589 1510 Deo
2644 1445 2884 1511 habere
2943 1446 3266 1530 praesidii.
3356 1446 3536 1512 Sane
3592 1455 3955 1529 temporum
4002 1457 4254 1511 nostro-

2316 1551 2462 1594 rum
2500 1533 2906 1614 experientia
2942 1532 3129 1597 nobis
3162 1532 3332 1597 idem
3372 1541 3772 1615 compertum
3806 1534 3987 1599 facit:
4018 1553 4249 1615 quam·-

2317 1618 2541 1681 obrem
2606 1629 2699 1682 tot
2758 1619 3144 1685 testimoniis
3202 1628 3454 1701 oportet
3499 1638 3616 1683 nos
3660 1618 3869 1701 magis
3917 1619 4251 1701 magisque

2317 1704 2723 1768 confirmari:
2769 1715 2843 1769 ut
2893 1705 2947 1769 si
2981 1704 3109 1768 Dei
3148 1705 3344 1769 verbo
3381 1726 3507 1768 non
3553 1704 4039 1785 acquiescimus,
4086 1704 4252 1769 sicut

2319 1786 2660 1869 debemus,
2731 1790 2960 1855 saltem
3027 1811 3228 1873 quum
3292 1791 3697 1874 experientia
3757 1788 3974 1854 Deum
4041 1790 4250 1855 nostri

2317 1875 2658 1939 misertum
2716 1897 2858 1941 esse
2916 1876 3258 1954 sentimus,
3317 1889 3383 1941 et
3425 1875 3886 1958 promissiones
3929 1897 4083 1941 suas
4124 1877 4250 1941 im·

2316 1959 2617 2042 plevisse,
2673 1962 2974 2027 veritatis
3030 1962 3236 2044 ipsius
3294 1963 3606 2026 maiorem
3667 1961 3967 2026 notitiam
4008 1960 4250 2027 habea·

2319 2066 2481 2122 mus,
2529 2054 2598 2111 et
2640 2047 2712 2111 in
2749 2048 2889 2130 ipso
2927 2069 3056 2112 uno
3093 2069 3274 2131 spem
3312 2067 3569 2112 omnem
3610 2056 3900 2112 nostram
3937 2047 4251 2114 collocare

2320 2130 2665 2198 discamus.
2755 2133 3126 2217 Discipulos
3163 2133 3412 2199 Christi
3460 2132 3689 2199 saltem
3736 2133 4091 2213 imitemur,
4134 2134 4250 2216 qui

2319 2214 2399 2280 de
2458 2216 2711 2284 Christi
2767 2220 3243 2284 resurrectione
3301 2219 3674 2284 dubitantes
3742 2217 4050 2284 dicuntur
4112 2220 4251 2285 viso

2318 2303 2616 2385 sepulcro
2672 2325 2876 2371 vacuo
2922 2304 3065 2370 Deo
3123 2304 3493 2371 credidisse.
3581 2303 3809 2387 Neque
3851 2324 4008 2369 vero
4051 2324 4250 2387 quae-

2317 2408 2573 2470 cunque
2600 2399 2808 2456 ,antea
2850 2390 3157 2456 Christus
3200 2391 3527 2457 Dominus
3567 2400 3786 2456 noster
3834 2389 4252 2472 praedixerat

2320 2493 2488 2538 vana
2521 2486 2590 2540 et
2625 2476 2876 2542 ludicra
2914 2475 3249 2553 ducebant,
3285 2477 3522 2561 quibus
3557 2474 3751 2540 fidem
3775 2474 4246 2541 adhibuerant:

2320 2559 2433 2624 sed
2521 2570 2740 2627 tamen
2825 2561 3037 2627 adhuc
3112 2562 3343 2629 incerti
3422 2573 3488 2627 et
3566 2561 3746 2627 dubii
3821 2561 4248 2629 fluctuabant.

2321 2644 2577 2711 Deinde
2636 2647 2746 2711 ubi
2803 2648 3158 2730 perfectum
3217 2647 3448 2713 vident
3503 2646 3675 2731 quod
3720 2648 3858 2730 ipse
3900 2646 4029 2711 Dei
4072 2647 4252 2714 filius

2320 2751 2430 2796 ore
2472 2752 2593 2797 suo
2636 2735 3200 2817 pronunciaverat,
3244 2733 3522 2800 credunt
3563 2742 3630 2799 et
3672 2736 3815 2816 ipsa
3847 2734 4251 2814 experientia

2319 2816 2531 2883 edocti
2574 2828 2991 2903 cognoscunt.
3082 2819 3217 2885 Nos
3259 2840 3484 2885 eorum
3528 2820 3727 2902 igitur
3786 2818 4084 2902 exemplo
4123 2818 4251 2885 dis-

2318 2923 2563 2981 camus,
2607 2906 2662 2969 si
2708 2907 2948 2971 fuimus
2993 2905 3330 2983 increduli,
3396 2913 3461 2970 et
3506 2925 3636 2969 non
3680 2924 3821 2969 eam
3848 2902 3975 2968 Dei
4021 2904 4250 2969 volun-

2321 2990 2440 3053 tati
2496 2999 2565 3054 et
2624 2990 2820 3056 verbo
2876 2991 3073 3056 fidem
3135 3002 3202 3057 et
3245 2991 3661 3056 autoritatem
3709 2989 4007 3056 dedimus
4051 3010 4249 3072 quam

2322 3075 2683 3157 debuimus,
2742 3086 2964 3142 tamen
3023 3076 3284 3142 credere
3343 3087 3437 3142 tot
3480 3075 3868 3140 testimoniis
3911 3096 4075 3158 quae
4122 3076 4250 3140 Dei

2322 3161 2496 3226 filius
2530 3163 2855 3228 Dominus
2898 3170 3121 3228 noster
3153 3163 3344 3228 Iesus
3379 3162 3683 3229 Christus
3726 3159 3911 3225 nobis
3954 3161 4247 3227 exhibet:

2320 3255 2386 3312 et
2429 3269 2511 3313 ne
2555 3248 2801 3332 ingrati
2844 3250 3047 3314 simus
3090 3249 3158 3313 in
3216 3246 3589 3331 accipienda
3633 3247 3847 3331 gratia
3889 3267 4083 3330 quam
4132 3269 4251 3313 no·

2320 3332 2417 3398 bis
2459 3333 2686 3399 offert:
2744 3355 3220 3417 caveamusque
3279 3356 3361 3400 ne
3419 3333 3626 3417 ipsius
3670 3332 4134 3416 promissiones
4178 3333 4250 3398 in

2320 3418 2587 3484 dubium
2648 3439 2988 3486 vocemus:
3048 3419 3164 3486 sed
3220 3429 3402 3486 certo
3444 3419 3738 3503 persuasi
3781 3418 3986 3483 simus
4033 3419 4251 3484 Deum

2320 3525 2447 3570 non
2492 3504 2736 3571 frustra
2780 3505 3144 3588 loquutum,
3206 3526 3413 3590 neque
3469 3501 3776 3570 inanibus
3819 3524 3941 3569 nos
3986 3525 4251 3587 pascere

2316 3590 2921 3673 pollicitationibus:
2967 3592 3078 3658 sed
3122 3593 3342 3676 potius
3384 3592 3600 3675 ipsum
3638 3610 3898 3655 omnem
3932 3590 4251 3656 malitiam

2319 3687 2613 3741 nostram
2673 3697 2795 3743 sua
2853 3678 3166 3743 fidelitate
3224 3686 3705 3761 superaturum,
3764 3696 4013 3759 nosque
4071 3677 4126 3741 si
4185 3678 4258 3741 in

2318 3762 2458 3845 ipso
2500 3783 2680 3845 spem
2726 3770 3015 3829 nostram
3054 3765 3459 3846 posuerimus
3496 3764 3562 3827 in
3601 3782 3869 3827 suorum
3907 3781 4257 3829 numerum

2319 3858 2754 3931 recepturum,
2812 3849 3344 3933 quandoqu‘iem
3404 3848 3726 3932 pollicitus
3783 3856 3902 3913 est.
4001 3847 4254 3914 Verum

2320 3934 2657 3999 enimvero
2716 3936 2789 3999 in
2844 3936 3124 4018 speciem
3181 3936 3390 4000 videri
3456 3943 3677 4017 posset
3735 3935 3861 3998 ista
3924 3935 4255 4000 sententia

2321 4021 2578 4104 frigida,
2624 4019 2842 4087 Deum
2888 4042 3018 4085 non
3063 4042 3326 4087 servare
3371 4021 3438 4085 in
3484 4020 3726 4095 lancea,
3785 4040 3993 4102 neque
4035 4029 4252 4085 scuto:

2321 4107 2434 4172 sed
2494 4114 2745 4171 tantam
2804 4118 3023 4172 tamen
3069 4119 3330 4190 tamque
3375 4107 3644 4172 arduam
3690 4106 4026 4170 scientiam
4073 4126 4253 4170 com-

2321 4192 2648 4275 plectitur,
2686 4201 2760 4257 ut.
2804 4214 2932 4257 non
2978 4193 3120 4259 sine
3164 4213 3422 4259 summa
3457 4191 3839 4258 difficultate
3875 4192 3941 4254 in
3966 4202 4251 4256 mentem

2325 4279 2679 4342 humanam
2724 4278 2933 4345 cadat.
3020 4279 3130 4359 Et,
3175 4287 3251 4343 ut
3294 4278 3439 4344 heri
3482 4278 3786 4354 diximus,
3843 4296 3975 4339 non
4022 4273 4135 4341 abs
4182 4298 4254 4342 re

2322 4384 2509 4429 sacra
2551 4364 2878 4447 scriptura
2922 4364 3100 4443 dicit,
3160 4364 3378 4430 Deum
3427 4385 3561 4429 non
3606 4361 3910 4427 delectari
3954 4362 4024 4424 in
4069 4361 4253 4444 equis

2324 4470 2537 4533 neque
2580 4450 2646 4514 in
2696 4450 3028 4515 curribus:
3076 4450 3189 4516 sed
3235 4451 3302 4515 in
3347 4450 3431 4515 iis
3473 4451 3584 4532 qui
3631 4450 3842 4533 ipsum
3888 4447 4140 4522 timent,
4184 4455 4253 4513 et

2322 4535 2390 4601 in
2446 4535 2652 4618 ipsius
2707 4536 3147 4602 misericordia
3205 4536 3509 4601 fiduciam
3552 4533 3889 4602 collocant.
3977 4533 4253 4599 Minime

2324 4622 2583 4705 quidem
2643 4624 2822 4706 quasi
2884 4643 3099 4704 equos,
3166 4632 3231 4688 et
3290 4621 3609 4705 reliquum
3670 4625 4077 4702 apparatum,
4136 4620 4251 4701 qui

2325 4708 2405 4772 ab
2459 4707 2601 4791 ipso
2658 4717 2774 4787 est,
2833 4708 3083 4773 reiiciat
3139 4719 3204 4773 et
3259 4707 3683 4772 abominetur.
3787 4703 4011 4785 Quare
4075 4707 4251 4771 enim

2324 4795 2491 4876 equi,
2554 4813 2737 4859 arma
2781 4803 2845 4858 et
2889 4794 3017 4859 alia
3061 4793 3424 4861 istiusmodi
3468 4790 3793 4876 praesidia
3836 4788 3982 4854 Deo
4024 4789 4249 4874 displi-

2322 4885 2562 4958 cerent,
2627 4901 2905 4964 quorum
2963 4881 3106 4965 ipse
3169 4901 3253 4945 ex
3308 4900 3491 4944 mera
3544 4878 3757 4961 gratia
3813 4874 3994 4940 dedit
4058 4897 4248 4942 usum

2323 4964 2744 5032 hominibus?
2806 4965 2973 5046 Quis
3017 4965 3162 5031 Deo
3206 4964 3547 5046 displicere
3591 4962 3833 5027 dixerit
3876 4981 4027 5027 suas
4070 4981 4252 5028 crea-

2323 5062 2523 5128 turas,
2570 5071 2845 5133 quarum
2892 5072 3083 5118 usum
3144 5050 3517 5116 hominibus
3574 5046 3940 5115 concessit?
4030 5046 4253 5130 Quare

2321 5157 2523 5220 quum
2558 5135 2793 5205 dicitur
2816 5136 3000 5203 Deus
3035 5137 3166 5203 illis
3202 5156 3335 5202 non
3381 5134 3704 5214 delectari,
3749 5132 3903 5198 inde
3945 5135 4040 5214 fit,
4078 5133 4251 5218 quod

2320 5223 2620 5290 homines
2664 5232 2920 5290 tantum
2965 5223 3097 5290 illis
3142 5222 3437 5288 tribuant
3479 5231 3554 5287 ut
3597 5220 3677 5287 de
3722 5220 3849 5286 Dei
3893 5218 4103 5305 gloria
4148 5220 4255 5287 de-
