5059 6059
296 332 409 400 265

295 539 474 589 eausa
515 527 694 585 ortus
741 517 1062 597 videatur,
1106 518 1291 585 Deus
1336 525 1561 584 tamen
1604 541 1749 585 eam
1793 519 1876 584 ad
1921 525 2054 583 tam
2106 537 2209 582 ar·

293 606 500 672 dentes
541 623 766 689 preces
823 604 1094 674 excitari
1139 605 1209 670 in
1254 603 1447 688 longe
1500 604 1701 671 alium
1757 606 1958 671 finem
2012 623 2211 686 quam

292 694 421 776 ipsa
481 690 797 775 cogitaret
861 690 1085 769 voluit,
1149 700 1225 754 ut
1292 712 1526 773 nempe
1592 690 1970 758 Samuelem
2032 690 2212 755 futu-

291 797 423 844 rum
478 776 698 861 populi
742 777 846 843 sui
902 774 1179 842 iudicem
1226 797 1301 841 ao
1358 776 1748 859 prophetam
1806 778 2209 860 impetraret.

292 862 486 946 Saepe
531 861 795 945 quidem
840 862 1014 927 viros
1056 860 1370 943 quosdam
1418 863 1676 946 magnis
1716 861 1914 928 rebus
1958 861 2211 946 praefe-

290 951 386 1024 cit,
430 960 494 1014 et
536 950 605 1012 in
653 967 982 1014 summam
1028 947 1410 1031 dignitatem
1457 948 1713 1024 extulit,
1760 948 1946 1014 nulla
1989 947 2213 1030 stirpis

286 1045 387 1102 aut
427 1034 790 1100 nativitatis
836 1047 988 1110 nota
1030 1033 1342 1110 illustres,
1412 1046 1483 1099 ut
1526 1035 1595 1099 in
1640 1035 1800 1119 ipsis
1849 1056 2033 1099 suam
2082 1035 2210 1099 vir·

288 1133 500 1199 tutem,
544 1119 824 1204 gloriam
868 1129 934 1184 et
974 1119 1488 1185 misericordiam
1533 1122 1775 1187 faceret
1796 1123 2008 1204 magis
2062 1139 2207 1186 con·

292 1207 588 1289 spicuam.
650 1205 766 1272 Sic
801 1204 1101 1289 Iephthe,
1147 1205 1300 1270 lieet
1342 1218 1526 1271 ortus
1549 1227 1634 1271 ex
1675 1207 2054 1282 concubina,
2102 1226 2209 1270 res

288 1310 490 1357 tamen
544 1312 823 1375 magnas
868 1302 936 1356 et
992 1291 1452 1356 memorandas
1498 1291 1722 1375 gessit,
1786 1292 2001 1357 Deum
2049 1292 2206 1356 tide-

282 1378 422 1443 liter
470 1378 691 1457 coluit,
754 1377 963 1460 deque
1007 1378 1202 1443 rebus
1253 1378 1511 1462 magnis
1566 1378 1944 1461 prophetias
1988 1376 2208 1442 edidit.

282 1462 401 1530 Sed
442 1463 642 1529 etiam
681 1483 876 1546 saepe
921 1473 1145 1528 contra
1190 1463 1368 1528 viros
1412 1464 1495 1528 ab
1554 1475 1741 1530 utero
1794 1475 2052 1529 sanctos
2099 1485 2209 1528 ex-

282 1550 505 1629 citavit,
563 1571 652 1614 ex
696 1551 934 1632 quibus
979 1557 1342 1633 appareret,
1400 1570 1509 1615 eos
1554 1570 1830 1632 quorum
1876 1550 1958 1615 ad
2003 1548 2207 1615 eccle-

282 1637 402 1702 siae
465 1635 917 1700 liberationem
964 1646 1272 1712 ⁸uteretur
1330 1657 1528 1719 opera
1586 1657 1741 1701 vere
1798 1658 1835 1701 a
1893 1634 2036 1700 Deo
2097 1635 2208 1700 de-

279 1721 482 1786 lectos.
548 1721 704 1786 Hoc
750 1721 819 1784 in
861 1719 1110 1785 Ioanne
1160 1721 1461 1802 Baptista
1513 1723 1971 1803 conspicuum:
2015 1742 2206 1803 quem

282 1807 609 1890 oportebat
656 1826 799 1871 esse
835 1827 1218 1891 praeconem
1265 1809 1589 1872 adventus
1633 1807 1749 1872 filii
1784 1809 1909 1873 Dei
1952 1809 2023 1871 iu
2065 1826 2207 1871 ear·

284 1913 444 1969 nem,
494 1904 565 1957 ut
626 1892 928 1957 homines
987 1894 1377 1975 tempestive
1424 1891 1507 1956 ad
1549 1914 1699 1958 eum
1747 1891 2207 1977 excipiendum

282 1999 391 2060 per
445 1979 866 2061 praeconium
926 1978 1134 2062 ipsius
1195 1980 1657 2046 excitarentur.
1744 1979 2012 2045 Patrem
2065 1980 2207 2043 eius

282 2063 650 2129 Zachariam
728 2073 985 2129 mutum
1064 2064 1264 2128 etiam
1334 2075 1605 2149 propter
1680 2064 2203 2131 incredulitatem

281 2150 413 2214 fieri
459 2150 787 2232 oportuit:
851 2151 963 2233 qui
1030 2161 1293 2233 recepto
1350 2152 1528 2216 vocis
1604 2172 1747 2226 usu,
1828 2147 2207 2234 prophetias

280 2236 548 2318 insignes
640 2235 864 2300 edidit.
970 2234 1075 2299 Ita
1121 2237 1304 2301 Deus
1368 2258 1495 2301 non
1577 2235 1792 2302 dubiis
1857 2236 2065 2320 signis
2122 2236 2203 2300 ad

278 2319 438 2385 hunc
489 2323 821 2386 infantem
882 2342 1088 2404 quum
1151 2321 1545 2387 adolevisset
1609 2336 1916 2405 tanquam
1978 2344 2017 2387 a
2060 2320 2207 2386 Deo

278 2407 524 2471 missum
570 2407 1038 2491 excipiendum
1085 2428 1236 2473 suos
1280 2410 1623 2474 excitavit:
1672 2419 1738 2472 et
1782 2430 1908 2492 quo
1944 2408 2204 2472 maiori-

280 2492 386 2558 bus
426 2492 618 2558 donis
666 2493 947 2570 ornavit,
1011 2503 1195 2557 tanto
1238 2494 1552 2558 maiorem
1601 2494 2015 2560 autoritatem
2062 2493 2206 2557 eius

277 2581 603 2661 praeconio
679 2579 1073 2645 conciliavit.
1164 2579 1347 2644 Idem
1408 2593 1548 2645 esto
1605 2582 1686 2644 de
1734 2579 2046 2646 Samuele
2105 2581 2205 2644 iu-

276 2663 517 2748 dicium,
577 2688 629 2728 a
693 2665 840 2729 Deo
905 2664 1249 2748 designato
1318 2665 1531 2732 iudice
1597 2685 1662 2732 et
1729 2665 2065 2748 propheta,
2132 2677 2209 2730 ut

276 2749 471 2833 populi
537 2750 651 2817 sui
711 2769 963 2815 memor
1018 2751 1214 2815 fuisse
1275 2763 1753 2835 agnosceretur,
1813 2764 1879 2816 et
1931 2750 2206 2834 populus

270 2836 330 2900 iu
380 2857 556 2918 spem
606 2835 949 2901 meliorem
996 2837 1373 2920 erigeretur,
1419 2837 1558 2902 fore
1605 2837 1913 2902 nimirum
1962 2849 2037 2901 ut
2084 2837 2203 2901 mi-

272 2941 401 2986 sera
454 2921 756 2987 conditio
814 2921 947 2998 illa,
1007 2924 1075 2986 in
1138 2944 1268 3005 qua
1329 2922 1673 2989 videbatur
1722 2945 1762 2987 a
1806 2923 1949 2989 Deo
2008 2922 2201 3006 plane

273 3006 630 3087 derelictus,
677 3010 746 3072 in
791 3007 1123 3073 meliorem
1169 3019 1415 3074 statum
1461 3009 1942 3074 immutaretur.

419 3091 1010 3160 Transeamus‘ad
1072 3094 1184 3158 illa
1244 3095 1598 3180 prophetae
1667 3097 1898 3173 verba,
1964 3095 2200 3177 quibus

274 3181 450 3244 Anna
491 3179 744 3245 dicitur
785 3185 993 3244 cottam
1015 3178 1151 3246 Deo
1191 3181 1449 3262 vovisse,
1488 3181 1626 3264 fore
1665 3186 1735 3246 ut
1774 3182 1837 3245 si
1880 3179 2059 3246 Deus·
2099 3180 2200 3245 illi

262 3264 483 3345 procas
528 3263 883 3332 masculam
926 3266 1295 3349 laryiretur‚
1351 3267 1528 3333 daret
1569 3288 1710 3332 eum
1753 3266 2030 3332 Domino
2071 3287 2198 3332 om-

272 3350 437 3417 nibus
476 3351 709 3418 diebus
742 3352 907 3417 vitae
959 3354 1129 3431 eius,
1178 3373 1253 3419 ac
1282 3352 1682 3418 ·Nazaraeus
1722 3357 1910 3419 esset.-
1948 3353 2054 3417 hie
2099 3362 2200 3417 est

273 3436 430 3501 enim
472 3458 716 3502 sensus
743 3439 976 3502 horum
1003 3439 1373 3519 verborum,
1394 3439 1759 3504 novaculam
1784 3460 1904 3503 non
1947 3438 2199 3504 adscen-

272 3542 468 3587 samm
510 3543 711 3607 super
749 3528 937 3603 caput
978 3524 1149 3601 eius,
1202 3525 1373 3608 quod
1421 3526 1487 3589 in
1537 3525 1877 3591 Samsonis
1922 3524 2198 3589 historia

272 3607 754 3675 declaravimus.
846 3607 1045 3689 Quod
1095 3610 1333 3676 attinet
1378 3610 1459 3675 ad
1508 3621 1688 3686 vota,
1756 3613 1899 3676 fuse
1943 3609 2024 3675 de
2068 3610 2198 3677 illis

267 3694 326 3757 in
360 3695 632 3760 historia
668 3694 974 3762 Indicum
1020 3695 1290 3780 egimus,
1330 3698 1438 3761 ubi
1482 3697 1801 3779 quomodo
1823 3699 1981 3762 etin
2005 3718 2198 3779 quem

272 3779 451 3843 finem
494 3802 746 3847 vovere
794 3780 983 3847 nobis
1026 3783 1218 3847 liceat
1263 3781 1615 3849 docuimus.
1685 3783 1857 3848 Nam
1900 3784 1970 3847 in
2006 3780 2196 3866 Ieph-

270 3864 377 3929 the
415 3885 560 3931 casu
609 3866 1017 3950 praeclarum
1047 3867 1362 3933 habemus
1408 3869 1800 3954 exemplum,
1826 3891 2020 3952 quam
2045 3891 2194 3935 cau-

271 3963 364 4015 tos
397 3949 696 4017 homines
739 3953 809 4017 in
859 3953 1151 4018 vovendo
1197 3976 1338 4020 esse
1378 3967 1707 4036 oporteat,
1768 3976 1851 4020 ne
1897 3955 2051 4038 quid
2102 3968 2196 4019 te-

268 4056 436 4101 mere
485 4039 661 4103 inter
721 4038 1095 4104 vovendum
1152 4040 1284 4106 illis
1341 4042 1619 4107 excidat.
1709 4039 1889 4121 Quin
1950 4044 2083 4106 imo
2138 4040 2197 4105 si

268 4122 412 4204 quid
452 4140 708 4190 temere
751 4126 820 4189 in
848 4127 1146 4191 vovendo
1192 4126 1528 4204 exciderit,
1552 4128 1810 4192 irritum
1849 4148 1989 4191 esse
2013 4148 2197 4210 opor·

268 4208 727 4275 tel-ediximus.
780 4210 1155 4277 Pertinacia
1191 4211 1509 4295 siquidem
1556 4226 1673 4290 est,
1714 4236 1849 4278 non
1893 4227 2195 4279 constan·

270 4295 354 4358 tia
416 4296 497 4361 ad
565 4297 811 4360 mentis
874 4298 1327 4380 conceptiones
1395 4311 1771 4364 constanter
1837 4299 2197 4364 servandas

270 4378 450 4446 fidem
508 4403 679 4465 quae
727 4383 870 4448 Deo
929 4383 1202 4449 debetur
1260 4383 1643 4450 adulterare.
1733 4384 1904 4449 Nam
1949 4385 2042 4449 ita
2087 4407 2197 4451 vo·

270 4468 545 4533 vendum
588 4479 713 4552 est,
760 4482 836 4532 ut
878 4468 959 4533 ad
987 4469 1111 4534 Dei
1136 4470 1544 4536 voluntatem
1592 4484 1747 4536 vota
1791 4481 2017 4536 nostra
2060 4473 2198 4536 exi·

269 4573 506 4700 gamus.
570 4553 800 4635 Quare
844 4554 1009 4620 haec
1052 4556 1130 4622 de
1168 4558 1339 4621 votis
1386 4577 1588 4638 pauca
1633 4557 1754 4621 hoc
1797 4557 1934 4623 loeo
1980 4557 2196 4623 dieen-

308 4660 361 4704 a.
446 4639 790 4721 Primum,
850 4662 926 4706 ea
985 4642 1279 4706 vovenda
1337 4663 1501 4724 quae
1550 4643 1692 4707 Deo
1748 4654 1937 4726 grata
1982 4653 2050 4707 et
2093 4664 2197 4708 ae-

269 4733 447 4806 ccpta
486 4726 649 4800 fore,
677 4725 947 4791 minime
993 4727 1252 4811 quidem
1299 4749 1380 4792 ex
1426 4728 1709 4810 quadam
1754 4730 2062 4811 opinione
2088 4737 2202 4794 aut

270 4808 700 4889 divinatione,
756 4813 870 4877 sed
931 4814 1071 4877 eius
1124 4814 1328 4896 ipsius
1383 4835 1494 4879 ore
1540 4814 1708 4880 docti
1753 4816 2199 4898 cognovimus.

268 4894 407 4961 Nisi
449 4898 633 4962 enim
680 4908 832 4963 vota
875 4899 959 4963 ad
1004 4898 1212 4963 divini
1260 4899 1440 4965 verbi
1488 4901 1786 4984 regulam
1827 4899 2202 4984 appendan-

273 4991 391 5060 tur,
450 4982 646 5046 irrita
703 4991 770 5047 et
824 4984 1047 5049 inania
1109 4985 1242 5050 fore
1285 4999 1540 5050 eertum
1587 5000 1704 5052 est.
1797 4986 2052 5052 Deinde
2096 5007 2200 5053 ca·

275 5067 572 5146 vandum,
610 5091 699 5134 ne
733 5091 933 5153 supra
978 5071 1149 5136 vires
1193 5071 1434 5153 aliquid
1488 5073 1625 5137 Deo
1671 5092 2041 5147 voveamus,
2088 5071 2201 5136 sed

273 5171 346 5217 ca
396 5174 563 5237 quae
621 5155 703 5221 ab
767 5156 908 5240 ipso
974 5158 1415 5239 acceperimus
1479 5171 1668 5242 grato
1732 5158 2017 5224 vicissim
2063 5159 2203 5222 ani·

275 5257 375 5305 mo
452 5239 825 5309 offeramus.
935 5241 1204 5325 Quanta
1283 5244 1492 5322 enim,
1572 5265 1845 5328 quaese,
1912 5245 2205 5313 facinora

1640 329 1737 397 IN
1777 330 1836 396 1.
1880 330 2062 396 LIB.
2113 328 2518 396 SAMUEL.
2563 328 2762 394 OAP.
2811 328 2865 393 Ι.

2244 3669 2258 5293 ———--—————-—————-———-—-—-—-—-—-—·—
2244 2691 2262 3652 -—————-————

4117 337 4250 403 266

2314 515 2564 583 mundo
2624 517 2810 582 illata
2879 538 2962 582 ex
3035 516 3510 585 monachorum
3590 521 3791 600 votis,
3878 531 4264 607 perpetuam

2315 604 2687 669 castitatem
2747 612 2863 668 aut
2927 604 3399 669 continentiam
3437 609 3838 686 voventium,
3905 628 4104 692 quam
4150 610 4261 677 de-

2317 689 2662 755 testandus
2705 690 2892 764 finis,
2959 688 3130 771 quod
3192 689 3331 755 sola
3389 693 3694 775 opinione
3753 694 4073 761 eiusmodi
4108 705 4262 762 vota

2317 774 2734 841 niterentur?
2824 775 2916 839 Et
2973 788 3190 841 tamen
3250 774 3374 844 hoc
3431 778 3554 844 sibi
3599 780 3986 863 permissum
4033 802 4073 847 a
4116 781 4262 849 Deo

2317 860 2566 937 dieunt,
2591 861 2778 944 quasi
2814 881 2972 926 vero
3007 861 3476 929 continentiam
3523 865 3591 929 in
3637 886 3758 931 sua
3802 876 4126 950 potestate
4148 869 4261 934 ha-

2318 946 2546 1012 beant:
2593 967 2723 1029 qua
2766 947 2837 1010 in
2877 967 2946 1011 rc
2988 967 3121 1012 non
3155 947 3347 1014 modo
3391 950 3870 1016 condemnandi
3915 953 4029 1018 sed
4066 975 4255 1020 exse-

2316 1033 2546 1098 crandi
2588 1054 2661 1099 ae
2706 1032 3075 1097 detestandi
3118 1046 3292 1098 sunt.
3359 1035 3659 1118 Namque
3705 1058 3830 1102 non
3877 1040 4256 1123 coniugatus

2312 1129 2570 1202 oportet
2612 1118 2979 1184 necessario
3027 1120 3170 1183 Deo
3217 1120 3295 1184 ad
3341 1123 3718 1207 coniugium
3781 1124 3954 1205 ipsos
3992 1126 4255 1190 vocanti

2316 1205 2607 1288 obsequi,
2650 1225 2863 1288 neque
2907 1204 3328 1287 pertinaciter
3371 1209 3537 1290 quod
3586 1208 3828 1273 donum
3856 1231 3983 1275 non
4009 1211 4257 1276 babent

2315 1292 2438 1356 sibi
2484 1290 2797 1373 polliceri.
2846 1288 3065 1370 Quare
3111 1303 3424 1359 voventes
3466 1303 3724 1377 oportet
3749 1295 4098 1379 diligenter
4132 1296 4255 1365 hoe

2314 1376 2679 1461 providere,
2724 1387 2798 1439 ut
2841 1377 3008 1440 dona
3051 1397 3216 1459 quae
3261 1381 3632 1462 acceperint
3674 1380 3814 1446 sola
3854 1383 4150 1458 offerant,
4186 1390 4256 1450 et

2312 1484 2431 1547 pro
2494 1463 2630 1527 illis
2677 1461 2820 1527 Deo
2878 1464 3125 1546 gratias
3186 1475 3409 1548 agant.
3498 1465 3798 1549 Denique
3855 1467 4006 1532 finis
4050 1469 4251 1533 etiam

2313 1562 2619 1615 votorum
2665 1546 3130 1626 observandus,
3177 1571 3260 1615 ne
3306 1551 3616 1617 nimirum
3661 1552 3793 1617 illis
3827 1551 4044 1618 Deum
4090 1554 4250 1619 obli·

2314 1635 2454 1718 gari
2501 1654 2694 1717 posse
2739 1632 2925 1698 nobis
2969 1633 3507 1717 persuadeamus:
3558 1637 3672 1702 sed
3717 1647 3974 1703 tantum
4023 1649 4094 1704 ut
4127 1661 4248 1724 pro

2314 1721 2598 1803 acceptis
2642 1719 2972 1786 beneflciis
3017 1723 3265 1802 gratias
3311 1742 3619 1804 agamus,
3688 1735 3753 1787 et
3812 1733 4069 1806 gratum
4109 1727 4247 1790 ani-

2313 1827 2492 1871 mum
2539 1817 2858 1870 testantes
2900 1807 3220 1872 sacrificia
3264 1807 3475 1872 laudis
3532 1815 3598 1873 et
3641 1811 4002 1891 gratiarum
4049 1813 4249 1877 aetio·

2312 1915 2430 1957 nes
2486 1893 2857 1957 offeramus.
2961 1891 3144 1959 Haec
3201 1895 3418 1977 itaque
3478 1897 3533 1958 si
3594 1894 4043 1974 habuerimus,
4090 1907 4249 1963 tunc

2316 1997 2558 2043 vovere
2619 1977 2871 2043 licebit:
2933 1989 3386 2044 verumtamen
3446 1979 3761 2046 sobrietas
3815 1981 4063 2065 optima
4121 1983 4249 2048 erit

2311 2065 2574 2129 illorum
2623 2062 2870 2146 regula.
2951 2062 3120 2129 Nam
3164 2064 3645 2130 inconsiderate
3688 2075 4006 2131 voventes
4052 2077 4251 2134 teme-

2310 2150 2527 2215 ritatis
2588 2160 2814 2213 notam
2872 2149 2988 2213 vix
3045 2161 3317 2232 possunt
3374 2151 3681 2235 effugere.
3771 2151 3995 2233 Quare
4046 2173 4246 2236 quum

2311 2246 2568 2301 veteres
2612 2233 2928 2318 quaedam
2977 2238 3229 2301 vovisse
3269 2236 3570 2320 legimus,
3606 2258 3691 2302 ne
3736 2240 3937 2305 fuisse
3970 2237 4037 2303 id
4074 2241 4246 2305 ordi-

2312 2322 2568 2388 narium
2615 2321 2745 2386 illis
2788 2333 3127 2404 putemus:
3189 2323 3302 2387 sed
3347 2324 3604 2406 ingenti
3649 2324 3925 2407 quadam
3971 2326 4248 2392 uecessi-

2316 2417 2481 2487 tate,
2525 2419 2640 2472 aut
2683 2406 2959 2471 summis
3002 2406 3499 2474 difficultatibus
3545 2430 3804 2492 pressos
3847 2432 3988 2476 sese
4031 2410 4248 2477 istius-

2311 2494 2489 2558 modi
2538 2493 2708 2557 votis
2752 2492 2831 2556 ad
2879 2514 3103 2575 preces
3146 2492 3583 2572 ardentiores,
3640 2493 3848 2561 donec
3892 2497 4031 2561 voti
4090 2497 4248 2562 faeti

2311 2591 2531 2645 essent
2575 2593 2922 2661 compotes,
2968 2577 3396 2645 adstrinxisse
3443 2582 3746 2646 sciamus.
3794 2579 3905 2647 Sic
3936 2581 4249 2649 Iacobum

2308 2668 2378 2730 in
2424 2677 2602 2729 terra
2646 2666 2995 2748 peregrina
3039 2667 3292 2730 consilii
3336 2667 3597 2749 inopem
3656 2679 3723 2732 et
3766 2670 4062 2733 omnium
4106 2689 4251 2752 ege·
4360 2695 4363 2698 “

2313 2771 2467 2815 num
2515 2752 2658 2815 siue
2703 2750 3031 2832 praesenti
3080 2748 3205 2815 Dei
3248 2752 3527 2830 auxilie,
3587 2751 3846 2819 vovisse
3889 2753 4031 2819 Deo
4086 2754 4248 2838 legi-

2312 2858 2454 2903 mus
2500 2835 2794 2901 decinam
2839 2836 3161 2901 bonorum
3199 2838 3270 2901 in
3316 2837 3477 2903 haee
3521 2838 3751 2904 verba:
3815 2837 3921 2903 Mi
3940 2838 4143 2917 Deus,
4185 2840 4250 2905 si

2307 2941 2597 2988 reversus
2634 2922 2820 3005 fuero
2863 2923 2932 2986 in
2963 2941 3124 3002 pace
3165 2924 3251 2988 ad
3292 2924 3546 2989 domum
3575 2926 3792 3005 patris
3823 2926 3962 3001 mei,
3984 2926 4251 3006 denique

2302 3009 2505 3092 fuerit
2545 3008 2706 3073 mihi
2749 3005 2984 3073 Iehova
3026 3009 3099 3074 in
3140 3007 3383 3083 Deum,
3424 3009 3733 3091 quidquid
3772 3009 4022 3075 dederis
4063 3009 4241 3094 mihi,

2304 3095 2442 3160 eius
2500 3095 2777 3160 decimas
2821 3093 3068 3159 omnino
3121 3094 3280 3161 dabo
3336 3094 3467 3161 tibi.
3558 3093 3734 3176 Quid
3795 3095 3973 3161 aliud
4019 3108 4246 3162 votum

2303 3178 2478 3246 istud
2523 3201 2718 3262 quam
2767 3180 2968 3244 animi
3011 3183 3182 3264 grati
3228 3181 3747 3247 testificationem
3783 3182 4094 3259 continet,
4144 3180 4245 3246 Ia·

2301 3267 2461 3332 eobo
2528 3267 2624 3331 sic
2679 3265 2898 3350 palam
2958 3267 3238 3332 faciente
3294 3265 3607 3333 bonitatis
3665 3267 3792 3333 Dei
3856 3267 4243 3333 memoriam

2302 3354 2520 3418 animo
2542 3371 2660 3417 suo
2682 3351 2999 3434 pernitius
3022 3353 3311 3429 infixam,
3357 3361 3424 3417 et
3462 3352 3665 3431 nulla,
3712 3353 3768 3418 si
3811 3352 4112 3417 reduxin
4136 3373 4247 3436 pa-

2302 3437 2495 3504 triam
2542 3448 2610 3502 ct
2651 3450 2922 3521 paterna
2965 3438 3133 3503 bona
3177 3439 3393 3519 fuerit,
3441 3459 3725 3521 unquam
3762 3437 4087 3504 oblivione
4131 3439 4244 3503 de-

2302 3523 2609 3589 lendam?
2700 3523 2902 3605 Atqui
2961 3545 3043 3587 ne
3100 3524 3331 3607 pedem
3393 3524 3648 3607 quidem
3706 3535 3916 3590 terrae
3970 3533 4131 3589 tunc
4177 3525 4243 3589 in

2300 3632 2378 3676 ea
2421 3609 2688 3693 regione
2732 3609 3062 3674 habebant
3105 3613 3170 3674 in
3205 3613 3336 3675 'sua
3377 3619 3734 3694 potestate,
3777 3611 3884 3675 vel
3929 3611 4088 3693 ipse,
4135 3608 4242 3674 vel

2302 3709 2645 3780 parentes:
2702 3694 2817 3759 sed
2874 3694 3099 3760 divina
3155 3698 3361 3762 fretus
3428 3697 3852 3780 promissione
3920 3696 4000 3762 de
4069 3707 4245 3761 terra

2300 3782 2412 3847 illa
2455 3782 2613 3848 olim
2657 3778 3080 3864 possidenda,
3141 3781 3333 3847 fidem
3379 3803 3455 3848 ac
3498 3780 3913 3866 gratudinem
3960 3783 4244 3848 metaba-

2301 3880 2429 3934 tur.
2517 3866 2702 3932 Idem
2750 3879 2892 3932 esto
2943 3867 3024 3932 de
3063 3867 3332 3950 reliquis
3376 3879 3749 3933 sanctorum
3795 3867 3969 3933 votis
4012 3866 4241 3934 iudici-

2302 3975 2432 4020 um.
2494 3951 2938 4033 Quamobrem
2984 3955 3381 4035 papistarum
3422 3952 3733 4018 ridiculae
3777 3951 3857 4018 de
3900 3954 4073 4020 votis
4096 3954 4241 4018 Deo

2302 4039 2650 4105 reddendis
2694 4039 3204 4105 vociferationes.
3251 4039 3482 4121 Neque
3523 4040 3698 4104 enim
3746 4039 4009 4122 quicum
4056 4041 4241 4106 nobis

2301 4128 2385 4192 sit
2433 4125 2770 4209 negotium
2814 4127 2974 4189 satis
3030 4125 3479 4204 considerant,
3520 4126 3865 4208 Deumque
3923 4124 4242 4191 ludificari

2304 4210 2487 4278 velut
2529 4211 2846 4275 infantem
2909 4211 3234 4294 cogitant:
3301 4211 3486 4277 euius
3543 4219 3767 4276 tamen
3828 4212 3987 4277 adeo
4047 4232 4244 4276 vene·

2302 4296 2511 4362 randa
2557 4297 2865 4361 maiestas
2908 4307 3041 4374 est,
3102 4307 3175 4361 ut
3231 4298 3353 4380 ipsi
3394 4309 3578 4377 grata
3623 4309 3688 4360 et
3732 4306 3995 4380 accepta
4030 4296 4242 4362 solum

2306 4393 2454 4450 vota
2500 4380 2938 4464 nuncupanda
2981 4382 3130 4461 sint,
3155 4395 3509 4464 nostraque
3552 4382 3840 4447 tenuitas
3885 4403 4241 4465 agnoscen-

2303 4470 2404 4548 da,
2451 4490 2534 4533 ne
2578 4479 2960 4552 arroganter
3003 4467 3193 4532 nobis
3238 4490 3405 4552 quae
3465 4469 3587 4534 sibi
3632 4468 3752 4533 soli
3795 4468 3979 4533 Deus
4016 4467 4240 4533 vendi-

2303 4569 2410 4620 cat.
2452 4576 2854 4639 arrogemus.
2943 4552 3080 4620 Nos
3124 4575 3280 4621 vero
3325 4576 3526 4637 quum
3572 4554 3667 4621 sie
3705 4553 4098 4632 voverimus,
4144 4555 4241 4616 fa-

2303 4640 2425 4708 cile
2472 4651 2622 4706 vota
2665 4640 3174 4723 praestabimus,
3233 4662 3365 4704 non
3411 4638 3609 4705 alium
3658 4641 3725 4704 in
3769 4641 4003 4718 finem,
4044 4658 4238 4721 quam

2307 4748 2460 4792 vere
2504 4738 2571 4791 et
2614 4747 2697 4790 ex
2741 4727 2960 4790 animo
3003 4744 3226 4791 coram
3255 4727 3393 4790 Deo
3439 4726 3756 4799 testaturi,
3783 4747 3901 4789 nos
3944 4725 4239 4789 omnium

2306 4833 2475 4896 quae
2519 4814 2888 4895 accepimus
2935 4813 3250 4877 bonorum
3298 4830 3619 4877 memores
3662 4812 3774 4875 uni
3833 4810 3932 4874 illi
3976 4822 4243 4894 accepta

2303 4901 2508 4978 ferre,
2549 4907 2615 4963 et
2659 4920 2776 4981 pro
2820 4897 2951 4964 illis
2990 4901 3235 4982 gratias
3278 4896 3681 4962 immortales
3725 4915 3940 4979 agere.
4024 4894 4118 4961 Et
4160 4894 4240 4962 de

2308 4984 2474 5052 votis
2516 4984 2855 5049 haetenus.

2478 5070 2826 5136 Caeterum
2886 5079 2961 5134 ut
3016 5068 3097 5134 de
3141 5067 3448 5152 peculiari
3508 5065 3743 5132 Annae
3803 5074 3959 5132 voto
4009 5065 4240 5141 dicam,

2307 5155 2563 5221 licitum
2587 5156 2651 5220 id
2689 5156 2814 5239 ipsi
2851 5155 3055 5221 fuisse
3088 5177 3172 5220 ex
3209 5157 3349 5236 ipsa
3382 5152 3530 5237 lege
3565 5150 3788 5218 divina
3821 5152 4240 5218 manifestum

2308 5255 2426 5309 est.
2516 5242 2924 5308 Nominatim
2989 5243 3165 5307 enim
3230 5241 3301 5304 iu
3365 5260 3442 5303 ea
3501 5239 3759 5321 parenti
3824 5237 3953 5305 talc
4012 5253 4242 5305 votum
