5059 6059
314 347 442 415 281

317 532 615 617 benigna
656 553 858 599 manu
901 531 1019 598 illa
1061 530 1372 616 largiens,
1414 531 1520 598 vel
1553 531 1811 601 vindice
1842 533 2272 618 restringens.

320 617 555 701 Quare
626 619 752 685 hoe
804 618 1107 702 exemplo
1166 630 1472 701 parentes
1530 620 1929 685 commoveri
1989 622 2274 685 maxime

322 705 533 783 decet,
593 704 768 788 quod
825 705 1075 770 Eloana
1131 702 1399 769 divinae
1446 704 1907 771 beneficentiae
1950 707 2277 789 particeps

318 793 556 868 factus,
616 791 889 857 verbum
937 803 1155 855 tamen
1206 790 1471 854 Domini
1519 792 1739 873 perfici
1785 792 2063 874 supplex
2113 803 2275 856 orat.

323 876 688 944 Caeterum
732 878 983 961 gratiae
1029 873 1155 940 Dei
1200 885 1269 940 et
1313 874 1748 942 benedictioni
1792 877 2278 944 commendatos

323 962 426 1029 ita
483 961 743 1043 liberos,
822 982 906 1028 ne
966 971 1278 1027 verentur
1337 971 1636 1044 patentes
1694 962 1792 1029 illi
1847 965 2276 1039 committere,

325 1059 530 1132 atque
606 1047 886 1113 assiduis
961 1048 1261 1130 precibus
1325 1046 1693 1122 sollicitare,
1779 1058 1857 1113 ut
1922 1049 2092 1113 dona
2155 1069 2278 1113 sua

324 1143 564 1218 coepta
615 1134 683 1200 in
744 1133 904 1217 ipsis
964 1134 1291 1216 perficiat:
1352 1145 1420 1198 et
1473 1149 1725 1199 certum
1770 1143 1871 1199 est
1912 1134 2277 1199 Dominum

324 1219 415 1286 ad
463 1239 689 1302 preces
725 1239 950 1284 eorum
987 1240 1057 1283 se
1092 1218 1348 1285 facilem
1385 1221 1851 1303 praebiturum,
1898 1240 2095 1304 reque
2132 1221 2278 1303 ipsa

325 1306 962 1382 demonstraturum,
1013 1304 1178 1368 nihil
1210 1325 1279 1368 .a
1334 1325 1406 1369 se
1462 1307 1595 1388 peti
1654 1306 1824 1388 quod
1883 1328 2013 1370 non
2072 1306 2277 1389 impe·

326 1401 575 1458 tretur.
662 1390 916 1456 Multae
939 1390 1202 1473 quidem
1229 1391 1491 1455 interim
1521 1392 1807 1459 incident
1830 1390 2278 1456 difficultates:

326 1478 453 1543 sed
492 1496 660 1558 quae
684 1476 991 1542 facillime
1015 1476 1229 1541 studio
1254 1487 1321 1541 et
1341 1477 1752 1542 solicitudine
1776 1475 2274 1560 superabuntur.

330 1561 417 1630 Si
481 1562 641 1644 quid
698 1583 855 1627 vero
897 1583 1084 1628 secus
1121 1562 1442 1642 acciderit,
1501 1562 1626 1627 sibi
1670 1563 1947 1646 quisque
1989 1564 2280 1646 imputet,

342 1648 449 1713 vel
510 1649 797 1731 segnius,
856 1648 963 1712 vel
1022 1647 1213 1712 aliter
1258 1668 1453 1730 quam
1512 1651 1796 1732 oportuit
1852 1659 2149 1732 precato:
2207 1670 2282 1713 ac

330 1736 411 1800 in
449 1745 787 1817 posterum
827 1734 1169 1817 segnitiem
1197 1733 1576 1799 assiduitate
1600 1754 1864 1817 precum
1889 1742 2280 1817 compenset.

328 1821 435 1888 Et
475 1818 557 1885 de
601 1820 727 1886 hac
770 1840 843 1883 re
876 1820 1139 1902 quidem
1189 1819 1519 1885 hactenus.

512 1905 835 1988 Deinceps
910 1924 1070 1971 vero
1139 1908 1427 1987 sequitur
1504 1904 1896 1971 ablactatum
1984 1926 2280 1988 puerum,

334 1988 691 2056 adductum
730 2012 768 2055 a
808 1991 1208 2072 parentibus,
1254 2012 1400 2056 cum
1440 1991 1651 2056 tribus
1685 1992 1984 2056 iuvencis
2019 1991 2099 2056 ad
2138 1992 2280 2056 eius

339 2076 846 2154 nutrimentum,
890 2097 1038 2142 cum
1084 2076 1256 2160 epha
1298 2076 1549 2141 farinae
1586 2089 1654 2142 et
1696 2088 1845 2142 utre
1882 2078 2061 2142 viui:
2107 2076 2279 2159 quod

337 2166 681 2226 annuatim
770 2161 1016 2227 factum
1095 2163 1367 2227 inferius
1432 2163 1821 2229 videbimus.
1907 2162 2059 2228 Non
2123 2182 2281 2246 ergo

332 2247 467 2314 {uit
506 2247 684 2313 istud
723 2259 946 2313 votum
983 2249 1394 2332 papistarum
1430 2249 1660 2327 simile,
1706 2254 1815 2331 qui
1852 2249 2092 2314 liberos
2127 2269 2280 2314 suos

328 2333 403 2397 in
478 2336 875 2400 monasteria
947 2334 1258 2418 relegant,
1340 2344 1405 2399 et
1461 2334 1780 2419 religione
1840 2335 2278 2417 adstringunt.

326 2418 528 2494 Nam,
574 2419 857 2503 exempli
894 2420 1126 2503 gratia,
1163 2420 1221 2484 is
1256 2420 1357 2484 cui
1389 2420 1638 2486 multae
1675 2431 1863 2485 natae
1899 2431 2055 2485 sunt
2088 2420 2279 2498 filiae,

331 2507 638 2588 queritur
713 2506 786 2569 in
852 2525 962 2571 eas
1025 2504 1367 2572 elocandas
1432 2506 1702 2571 nimiam
1768 2506 2081 2589 pecuniae
2145 2505 2275 2570 vim

330 2591 827 2671 insumendam,
861 2611 935 2655 ae
970 2591 1244 2673 proinde
1278 2592 1361 2656 de
1394 2592 1528 2656 illis
1559 2593 1629 2656 in
1667 2592 2061 2657 monasteria
2096 2595 2281 2656 varia

328 2675 711 2757 relegandis
767 2677 1030 2760 cogitat,
1102 2689 1178 2742 ut
1237 2676 1396 2744 haec
1456 2677 1563 2742 hic
1621 2677 1945 2760 religioni,
2025 2676 2136 2742 illa
2180 2676 2279 2744 illi

327 2760 824 2846 adstringatur:
860 2763 963 2828 sin
999 2782 1214 2830 mares
1248 2763 1508 2843 fuerint,
1546 2763 1652 2830 hic
1687 2761 1949 2845 quidem
1985 2762 2052 2827 in
2089 2762 2280 2827 abba-

329 2856 472 2914 tem
519 2848 922 2932 designatur,
965 2847 1133 2914 alter
1176 2851 1244 2913 in
1288 2849 1700 2927 monachum,
1747 2849 1856 2913 ille
1898 2848 1967 2913 in
2004 2849 2274 2933 presby-

329 2945 559 3000 terum
600 2945 672 2999 et
713 2936 1123 3015 canonicum,
1167 2944 1242 2999 ut
1286 2936 1407 3001 hac
1452 2935 1702 3000 ratione
1739 2934 2076 3018 provisum
2115 2935 2277 3017 ipsis

328 3020 582 3103 optime
625 3020 713 3085 sit
754 3030 824 3085 et
865 3019 1134 3094 affatim.
1179 3041 1255 3087 ac
1300 3020 1536 3105 opimis
1578 3019 1965 3104 praebendis
1999 3040 2075 3086 ac
2104 3019 2274 3086 redi·

328 3106 510 3173 tibus
580 3105 887 3172 instructi
956 3107 1146 3190 genio
1219 3106 1617 3191 indulgeant.
1707 3106 1911 3188 Quae,
1989 3106 2274 3190 obsecro,

328 3201 709 3342 {lusumque
782 3190 1164 3275 hypocrisis,
1237 3193 1617 3277 religionem
1691 3193 1763 3257 in
1824 3192 2142 3258 vovendis
2200 3213 2273 3257 ao

380 3277 630 3342 ‘caudis
672 3276 819 3343 Deo
866 3278 1087 3345 liberis
1118 3277 1447 3359 simulare,
1492 3289 1558 3344 et
1595 3289 1782 3362 turpe
1817 3287 2037 3344 tamen
2073 3283 2273 3344 sacri·

330 3363 583 3447 legium
617 3362 1007 3429 admittere?
1046 3383 1403 3448 pauperum
1439 3373 1508 3430 et
1542 3385 1894 3449 egenorum
1933 3364 2275 3430 facultates

328 3447 615 3515 vorare?
663 3448 1134 3516 ecclesiasticos
1169 3450 1420 3517 reditus
1456 3449 1852 3535 compilare?
1890 3450 2274 3516 crucifixum

327 3533 480 3601 istis
522 3534 825 3600 omuibus
869 3535 1118 3602 alendis
1162 3536 1593 3603 sufficientem
1629 3534 1912 3601 iactare?
1960 3534 2097 3601 Sed
2132 3536 2276 3601 reli-

380 3621 601 3686 ’onem
659 3620 1009 3686 attendite:
1069 3624 1221 3687 Non
1278 3629 1454 3701 sunt,
1510 3623 1837 3706 inquiunt,
1883 3643 1963 3686 ex
2008 3621 2273 3687 mundo.

398 3725 498 3783 ae,
570 3727 700 3771 non
758 3728 840 3772 ex
900 3706 1167 3787 mundo,
1225 3709 1337 3774 sed
1398 3730 1480 3773 ex
1539 3708 1785 3773 inferis.
1872 3706 2041 3788 Quis
2098 3709 2274 3772 enim

328 3792 550 3857 nescit
589 3812 781 3874 qnam
830 3792 1038 3857 foedis
1072 3814 1147 3859 ac
1181 3796 1435 3877 spurcis
1470 3792 1848 3859 libidinibus
1884 3794 2276 3858 monasteria

194 3955 209 3970 ·
332 3876 677 3944 scateant?
724 3877 835 3961 qui
881 3880 1088 3945 nescit
1130 3880 1195 3944 in
1222 3879 1355 3944 illis
1380 3879 1546 3945 nihil
1568 3881 1697 3945 nisi
1720 3900 1916 3945 verae
1942 3879 2275 3978 religionis

331 3963 855 4047 profanationem
900 3964 1159 4030 audiri?
1222 3965 1357 4031 Nos
1403 3986 1559 4033 vero
1599 3965 1995 4033 contrarium
2042 3986 2110 4028 in
2159 3963 2273 4029 El·

329 4068 508 4116 eana
568 4062 631 4115 et
695 4054 894 4116 Anna
958 4051 1326 4135 exemplum
1395 4052 1791 4131 intueamur,
1856 4052 1966 4133 qui
2031 4049 2112 4115 ad
2156 4050 2275 4115 filii

330 4136 766 4202 nutritionem
805 4138 1169 4203 necessaria
1202 4158 1423 4204 secum
1446 4136 1800 4215 adducunt,
1838 4146 1909 4201 et
1930 4138 2272 4201 annuatim

328 4220 705 4307 provident,
743 4242 829 4286 ne
862 4221 971 4287 Eli
1006 4223 1380 4306 pontificem
1416 4224 1782 4307 sumptibus
1806 4221 1958 4287 ullis
1978 4232 2276 4305 gravent,

328 4328 543 4392 quum
596 4328 667 4372 se
712 4318 932 4373 tamen
975 4310 1153 4374 omni
1208 4309 1420 4392 patria
1472 4319 1794 4393 potestate
1847 4307 2274 4380 abdicassent,

328 4395 676 4476 filiumque
710 4414 905 4459 suum
941 4396 1230 4478 pontifici
1268 4395 1790 4461 ministraturum
1830 4393 2162 4459 dedissent
2200 4415 2275 4459 ao

327 4479 689 4547 dieassent.
777 4477 892 4546 Sic
933 4490 1165 4546 votum
1209 4483 1504 4565 ipsorum
1549 4484 1674 4547 rite
1715 4479 1843 4545 fuit
1875 4478 2273 4546 institutum.

326 4565 739 4632 Nominatim
786 4586 941 4632 vero
981 4588 1144 4650 puer
1188 4566 1422 4633 dicitur
1466 4567 1665 4632 fnisse
1710 4565 2059 4631 admodum
2094 4586 2275 4649 puer,

327 4651 402 4717 id
469 4659 575 4717 est
636 4652 897 4717 iuvenis
963 4674 1043 4718 ao
1105 4651 1351 4718 debilis.
1441 4652 1634 4719 Unde
1696 4654 1963 4717 Annam
2010 4651 2275 4716 minime

326 4740 848 4823 procrastinasse
892 4738 1210 4816 videmus,
1256 4746 1331 4804 ut
1374 4737 1758 4823 pleramque
1804 4737 2051 4802 multae
2094 4737 2277 4821 inep-

327 4824 515 4890 tulae
571 4844 649 4888 ac
707 4824 1089 4892 delicatulae
1146 4835 1390 4891 matres
1445 4824 1678 4905 solent,
1736 4844 1936 4907 quum
1986 4824 2065 4887 de
2114 4823 2274 4888 libe-

328 4930 565 4978 rorum
651 4910 1059 4976 institutione
1145 4910 1396 4996 agitur:
1483 4931 1819 4993 nunquam
1899 4908 2032 4973 illis
2111 4908 2273 4975 satis

328 5009 599 5065 natura
652 5006 836 5062 aetas
893 4996 974 5061 ad
1020 4997 1310 5063 scholam
1371 4995 1935 5079 frequentandam,
1998 4995 2274 5059 infirmi-

328 5093 545 5152 tatem
586 5103 664 5148 ac
706 5091 967 5148 teneros
1010 5102 1219 5148 annos
1263 5090 1686 5166 praetexunt;
1730 5081 2029 5145 lectionis
2073 5082 2273 5164 porti-

329 5170 648 5239 unculam
693 5169 879 5250 quasi
923 5191 1040 5253 per
1081 5169 1293 5235 iocum
1339 5167 1641 5234 sufficere
1685 5167 1940 5243 volunt,
1997 5164 2274 5250 denique

327 5258 413 5328 ad
508 5255 854 5321 minimam
936 5275 1165 5321 auram
1256 5253 1525 5338 periisse
1586 5252 2006 5318 arbitrantur.
2095 5251 2274 5318 Hinc

1720 344 1817 410 IN
1864 345 1918 411 I.
1965 345 2148 412 LIB.
2193 344 2598 412 SAMUEL.
2644 344 2845 412 OAP.
2889 345 2944 411 1.

4185 344 4314 411 282

2381 532 2735 599 multorum
2796 532 3090 598 exitium.
3178 531 3319 599 Nec
3377 530 3554 596 enim
3613 550 3692 598 ea
3750 550 3917 614 quae
3961 530 4318 600 debebatur

2379 641 2540 686 cura
2603 618 2974 685 adhibetur:
3056 618 3249 684 vilius
3313 616 3788 701 praestantiori,
3855 627 4015 702 puta
4079 640 4315 702 corpus

2379 707 2638 770 animae
2681 706 3062 789 praefertur,
3109 704 3406 786 voluptas
3449 710 3517 769 et
3561 702 3903 768 delectatio
3936 702 4309 771 educationi

2380 805 2445 857 et
2512 791 2882 868 eruditioni,
2961 811 3125 873 quae
3190 799 3413 855 tamen
3476 788 3609 854 illis
3675 787 3866 872 louge
3930 790 4175 855 maiore
4242 791 4311 856 in

2380 877 2591 960 pretio
2649 897 2793 943 esse
2835 897 3031 960 quam
3075 886 3335 942 caetera
3378 874 3598 940 omnia
3641 873 3936 942 debebat.
4022 875 4169 941 Non
4216 877 4310 944 sic

2384 965 2597 1040 Anna,
2666 983 2832 1046 quae
2898 963 3105 1026 fllium
3171 960 3557 1027 nominatim
3621 959 3863 1026 dicitur
3927 981 4058 1026 non
4117 962 4308 1045 quin-

2381 1068 2712 1132 quennem
2789 1067 3247 1125 sexennemve‚
3319 1046 3435 1111 sed
3495 1046 3846 1112 admodum
3903 1066 4180 1129 puerum
4242 1055 4309 1114 et

2383 1155 2609 1200 recens
2680 1133 3077 1200 ablactatum
3153 1131 3518 1210 adduxisse,
3592 1151 3916 1215 curaeque
3985 1134 4306 1216 pontificis

2384 1221 2750 1300 tradidisse,
2814 1241 2955 1285 sese
3013 1228 3307 1285 materna
3383 1219 3737 1283 autoritate
3803 1216 4154 1299 abdicasse,
4234 1227 4309 1284 ut

2381 1306 2526 1371 Deo
2573 1307 2965 1390 promissum
3012 1305 3426 1387 dicatumque
3467 1304 3747 1369 offerret.
3835 1303 4059 1384 Quare
4101 1325 4305 1388 quum

2382 1403 2616 1476 sponte
2651 1389 3065 1458 infantilibus
3103 1390 3436 1456 blanditiis
3461 1410 3590 1454 non
3619 1390 4117 1473 procrastinans,
4162 1411 4308 1455 sese

2379 1480 2614 1562 privat,
2672 1491 2746 1542 ut
2807 1478 2947 1542 Deo
2997 1485 3445 1543 consecratum
3503 1475 3753 1552 offerat,
3817 1475 3978 1541 satis
4022 1476 4308 1542 ostendit

2381 1585 2472 1647 se,
2543 1585 2754 1647 neque
2807 1563 3110 1640 invitam,
3181 1583 3390 1645 neque
3463 1571 3879 1638 moerentem,
3948 1558 4013 1624 id
4071 1560 4305 1642 facere,

2381 1651 2494 1716 sed
2543 1649 2696 1715 licet
2751 1650 3068 1715 lactatura
3126 1649 3438 1714 infantem
3485 1646 3658 1712 domi
3703 1647 3783 1711 ad
3827 1657 4087 1729 tempus
4133 1669 4308 1713 rese·

2381 1736 2571 1812 derit,
2610 1746 2831 1800 tamen
2868 1735 3420 1818 opportunitatem
3458 1742 3867 1816 exspectasse
3903 1732 4046 1797 Deo
4083 1743 4312 1798 votum

2382 1822 2572 1907 plene
2616 1821 3046 1906 persolvendi.

2555 1907 2900 1972 Caeterum
2947 1905 3119 1989 quod
3164 1904 3467 1970 dicuntur
3510 1902 3861 1969 adduxisse
3902 1925 4179 1986 puerum
4223 1902 4307 1969 ad

2382 1994 2581 2059 Helin
2630 2003 2698 2058 et
2739 1993 2936 2057 Anna
2980 1992 3076 2056 illi
3114 1990 3387 2055 dixisse:
3433 1991 3715 2055 Domine
3738 1990 3848 2068 mi,
3892 1989 4062 2056 vivit
4086 1990 4309 2055 anima

2383 2093 2513 2157 tua,
2574 2101 2715 2144 sum
2775 2077 3008 2143 mulier
3065 2076 3177 2141 illa
3234 2096 3400 2158 quae
3445 2074 3657 2140 stabat
3715 2085 3925 2141 tecum
3985 2074 4094 2141 hic
4153 2095 4308 2159 sup·

2382 2165 2682 2247 plicando
2761 2163 3114 2230 Iehovam:
3203 2182 3319 2244 pro
3387 2181 3587 2243 puero
3650 2163 3775 2225 isto
3839 2161 4306 2245 supplicabam,

2382 2252 2840 2336 praestititque
2895 2250 3059 2314 mihi
3110 2248 3358 2313 Iehova
3402 2248 3774 2329 petitionem
3820 2267 4051 2323 meam,
4111 2266 4309 2329 quam

2380 2339 2677 2422 petebam
2702 2336 2784 2401 ab
2814 2355 2925 2400 eo:
2966 2335 3381 2418 quamobrem
3405 2354 3525 2416 ego
3551 2353 3805 2415 quoque
3828 2330 4306 2398 commodatum

2382 2424 2652 2489 restituo
2698 2443 2848 2486 eum
2898 2420 3180 2485 Iehovae
3215 2418 3513 2485 omnibus
3551 2418 3778 2484 diebus
3813 2419 4050 2501 quibus
4087 2417 4301 2495 fuerit,

2379 2513 2518 2594 ipse
2561 2507 3009 2576 commodatus
3053 2515 3151 2572 est
3193 2505 3509 2570 Iehovae:
3555 2506 3842 2588 primum
3875 2503 4308 2587 expendenda

2382 2618 2508 2662 vox
2574 2595 2718 2659 illa:
2791 2593 3073 2658 Domine
3137 2592 3248 2656 mi.
3338 2591 3563 2673 Neque
3626 2609 3781 2655 vero
3847 2590 4143 2672 pluribus
4207 2599 4308 2653 est

2381 2680 2870 2764 disputandum,
2907 2697 2991 2743 an
3036 2698 3290 2744 summo
3333 2673 3653 2742 sacerdoti
3700 2673 3894 2740 fuerit
3929 2675 4040 2740 ille
4075 2674 4307 2741 titulus
4398 2700 4402 2704 ·

2382 2768 2760 2842 attributus,
2835 2773 3090 2829 tantum
3164 2762 3343 2828 huuc
3413 2761 3607 2827 fuisse
3666 2761 3931 2846 linguae
3987 2761 4303 2826 hebraeae

2381 2874 2573 2919 usum
2620 2849 3122 2917 observandum.
3211 2846 3430 2931 Atque
3474 2867 3618 2913 esse
3656 2846 3970 2929 quasdam
4009 2847 4304 2911 nationes

2381 2949 2448 3005 et
2489 2939 2789 3021 regiones
2831 2937 2901 3001 in
2946 2932 3310 3001 istiusmodi
3356 2933 3727 2999 honorificis
3759 2932 4303 3015 appellationibus

2379 3024 2707 3109 politiores
2751 3029 2817 3088 et
2859 3021 3250 3105 profusiores
3295 3039 3492 3102 quam
3533 3017 3693 3085 alias
3731 3017 4058 3083 videmus:
4102 3037 4304 3100 quare

2376 3132 2461 3176 ne
2496 3108 2651 3193 quid
2687 3109 2795 3174 hic
2830 3107 3184 3173 ambitione
3234 3116 3572 3190 peccatum
3623 3112 3943 3187 putemus,
4002 3100 4300 3185 equidem

2377 3197 2502 3262 hoc
2540 3194 2620 3260 ad
2657 3195 2937 3279 patriam
2973 3191 3508 3258 consuetudinem
3545 3188 3957 3261 referendum
3983 3188 4304 3267 existimo,

2377 3292 2443 3347 et
2506 3281 2676 3346 hanc
2733 3279 3281 3364 simplicissimam
3349 3298 3491 3343 esse
3555 3275 4051 3342 salutationem:
4132 3272 4303 3357 quod

2374 3366 2601 3433 Iudaei
2632 3379 2766 3431 tam
2812 3366 3030 3448 aliqua
3073 3364 3390 3448 dignitate
3432 3363 3605 3428 inter
3629 3383 3700 3428 se
3742 3360 4071 3445 praeditos
4106 3379 4304 3443 quam

2375 3454 2574 3519 etiam
2617 3454 2896 3536 ignotos,
2963 3449 3084 3516 hoc
3129 3450 3394 3527 honore,
3452 3469 3686 3532 nempe
3730 3446 3975 3513 domini
4019 3444 4304 3529 appella-

2373 3540 2570 3615 tione,
2616 3536 2969 3603 afficerent.

2546 3623 2981 3707 Praecipuum
3041 3639 3203 3686 vero
3262 3627 3459 3702 caput
3499 3619 3697 3685 huius
3741 3617 4050 3683 historiae
4094 3615 4305 3682 censi-

2376 3709 2737 3777 derandum
2769 3718 3098 3790 superest:
3144 3709 3402 3771 Annam
3424 3724 3702 3788 puerum
3719 3704 4083 3784 adduxisse,
4127 3721 4309 3784 quem

2375 3796 2556 3863 Deus
2640 3796 2770 3877 ipsi
2843 3794 3112 3860 dederat.
3200 3789 3454 3873 Quibus
3533 3793 3771 3856 iterum
3849 3788 4069 3855 verbis
4133 3788 4309 3853 idem

2376 3881 2547 3966 quod
2593 3881 2892 3964 superius
2938 3879 3241 3958 diximus,
3286 3897 3485 3959 quum
3533 3875 3902 3943 Samuelem
3951 3895 4102 3939 eum
4137 3896 4309 3939 nuu-

2375 3968 2660 4053 cupavit,
2727 3967 2870 4050 ipsa
2941 3973 3229 4030 testatur.
3318 3962 3545 4028 Palam
3606 3962 3779 4026 euim
3834 3981 4022 4026 suam
4080 3979 4119 4024 a
4167 3960 4308 4024 Deo

2375 4053 2752 4120 exauditam
2811 4051 3345 4135 supplicationem
3418 4050 3791 4134 profitetur:
3858 4066 4073 4129 neque
4131 4047 4308 4110 enim

2378 4151 2637 4204 tantum
2684 4138 2909 4204 datum
2975 4136 3291 4202 infantem
3338 4134 3461 4200 sibi
3504 4136 3615 4214 ait,
3673 4133 3785 4199 sed
3832 4129 4132 4217 precibus
4171 4131 4308 4195 suis

2378 4225 2633 4291 datum:
2697 4223 2966 4288 minime
3025 4222 3284 4306 quidem
3347 4231 3655 4304 tanquam
3716 4238 3982 4302 precum
4037 4235 4309 4283 suarum

2376 4310 2630 4376 meritis
2690 4309 2863 4375 istud
2933 4306 3194 4383 tribuat,
3262 4304 3374 4371 sed
3443 4327 3576 4372 non
3644 4306 3662 4370 i
3759 4325 3873 4370 ara
3937 4301 4153 4367 Deum
4214 4302 4310 4364 ita

2376 4417 2643 4463 suorum
2689 4416 2992 4461 exercere
3034 4394 3228 4458 fidem
3276 4393 3462 4468 velle,
3519 4403 3586 4458 et
3623 4325 3875 4456 agitium
3920 4387 3998 4454 ad
4047 4408 4118 4453 se
4160 4407 4308 4470 pre-

2376 4485 2559 4549 cibus
2603 4501 2830 4547 eorum
2875 4478 3258 4564 patefacere,
3303 4492 3379 4543 ut
3421 4479 3727 4545 certiores
3769 4475 3964 4540 faciat
4003 4493 4175 4548 suos,
4237 4491 4307 4536 se

2377 4570 2446 4634 in
2507 4568 2786 4634 veritate
2843 4567 3058 4650 ipsum
3117 4566 3496 4631 invocantes
3539 4559 4021 4628 exauditurum.
4111 4553 4309 4656 Quod

2378 4656 2589 4739 magis
2634 4653 2830 4719 etiam
2875 4652 3218 4717 confirmat
3261 4649 3413 4716 dum
3482 4650 3576 4714 ait
3639 4646 3719 4711 ad
3764 4645 4000 4711 Helin:
4069 4645 4312 4708 Anima

2379 4749 2491 4806 tua
2540 4740 2720 4805 vivit.
2810 4737 3039 4821 Neque
3084 4756 3238 4802 vero
3285 4733 3732 4801 arbitrandum
3782 4731 3964 4795 illam
4011 4748 4126 4812 per
4171 4728 4310 4792 ani-

2378 4847 2554 4892 mam
2600 4825 2756 4891 Heli
2801 4826 3071 4902 iurasse,
3138 4820 3310 4906 quod
3354 4823 3549 4905 plane
3593 4827 3764 4884 esset
3805 4815 4307 4914 idololatr-icum.

2377 4912 2604 4995 Neque
2664 4911 2838 4977 enim
2898 4931 3014 4993 per
3073 4908 3343 4974 alterius
3402 4926 3594 4991 quam
3640 4903 3766 4968 Dei
3813 4922 4045 4966 nomen
4089 4919 4314 4965 iurare

2376 4999 2548 5065 licet.
2638 4997 2861 5079 Quare
2896 5018 3014 5080 per
3043 4996 3167 5059 Dei
3205 5015 3441 5059 nomen
3466 4991 3780 5068 iurantes,
3815 4985 4092 5051 iudicem
4120 4986 4312 5051 illum

2376 5092 2674 5150 nostrum
2731 5104 2872 5148 esse
2933 5080 3336 5163 profitemur,
3398 5085 3550 5142 ante
3595 5075 3779 5139 cuius
3823 5070 4113 5137 tribunal
4157 5070 4314 5136 olim

2376 5191 2602 5236 omnes
2647 5170 2787 5236 sisti
2832 5187 3096 5234 necesse
3139 5167 3245 5232 sit.
3307 5168 3504 5229 Anna
3539 5166 3759 5242 itaque
3794 5158 4066 5224 minime
4104 5157 4317 5224 voluit

2384 5258 2454 5322 in
2499 5256 2846 5322 mortalem
2895 5274 3061 5336 quae
3107 5249 3393 5318 viventis
3428 5248 3554 5315 Dei
3597 5261 3754 5311 sunt
3799 5246 4062 5329 propria
4103 5253 4316 5309 trans-
