<?xml version="1.0" encoding="UTF-8"?>
<!DOCTYPE html PUBLIC "-//W3C//DTD XHTML 1.0 Transitional//EN"
    "http://www.w3.org/TR/xhtml1/DTD/xhtml1-transitional.dtd">
<html xmlns="http://www.w3.org/1999/xhtml" xml:lang="en" lang="en">
 <head>
  <title>
</title>
<meta http-equiv="Content-Type" content="text/html;charset=utf-8" />
  <meta name='ocr-system' content='tesseract 3.04.00' />
  <meta name='ocr-capabilities' content='ocr_page ocr_carea ocr_par ocr_line ocrx_word'/>
</head>
<body>
  <div class='ocr_page' id='page_1' title='image "./ioanniscalvinio07unkngoog_0842.png"; bbox 0 0 5059 6059; ppageno 0'>
   <div class='ocr_carea' id='block_1_1' title="bbox 810 350 935 412">
    <p class='ocr_par' dir='ltr' id='par_1_1' title="bbox 810 350 935 412">
     <span class='ocr_line' id='line_1_1' title="bbox 810 350 935 412; baseline 0 -1"><span class='ocrx_word' id='word_1_1' title='bbox 810 350 935 412; x_wconf 77' lang='lat'><strong>715</strong></span> 
     </span>
    </p>
   </div>
   <div class='ocr_carea' id='block_1_2' title="bbox 809 530 2756 700">
    <p class='ocr_par' dir='ltr' id='par_1_2' title="bbox 809 530 2756 700">
     <span class='ocr_line' id='line_1_2' title="bbox 809 530 2752 617; baseline -0.006 -12"><span class='ocrx_word' id='word_1_2' title='bbox 809 536 1239 606; x_wconf 80' lang='lat' dir='ltr'>nihilominus</span> <span class='ocrx_word' id='word_1_3' title='bbox 1309 534 1523 617; x_wconf 90' lang='lat' dir='ltr'><strong>ipsum</strong></span> <span class='ocrx_word' id='word_1_4' title='bbox 1601 533 1942 610; x_wconf 80' lang='lat' dir='ltr'><strong>lacessant,</strong></span> <span class='ocrx_word' id='word_1_5' title='bbox 2020 552 2152 595; x_wconf 91' lang='lat' dir='ltr'><strong>non</strong></span> <span class='ocrx_word' id='word_1_6' title='bbox 2212 530 2434 614; x_wconf 91' lang='lat' dir='ltr'><strong>aliquo</strong></span> <span class='ocrx_word' id='word_1_7' title='bbox 2495 538 2752 594; x_wconf 89' lang='lat' dir='ltr'><strong>tantum</strong></span> 
     </span>
     <span class='ocr_line' id='line_1_3' title="bbox 810 617 2756 700; baseline -0.006 -9"><span class='ocrx_word' id='word_1_8' title='bbox 810 626 1047 691; x_wconf 87' lang='lat' dir='ltr'><strong>damno</strong></span> <span class='ocrx_word' id='word_1_9' title='bbox 1092 620 1408 694; x_wconf 86' lang='lat' dir='ltr'><strong>affecturi,</strong></span> <span class='ocrx_word' id='word_1_10' title='bbox 1454 619 1568 683; x_wconf 89' lang='lat' dir='ltr'><strong>sed</strong></span> <span class='ocrx_word' id='word_1_11' title='bbox 1605 619 1812 682; x_wconf 85' lang='lat' dir='ltr'><strong>vitam</strong></span> <span class='ocrx_word' id='word_1_12' title='bbox 1858 618 1983 700; x_wconf 90' lang='lat' dir='ltr'><strong>ipsi</strong></span> <span class='ocrx_word' id='word_1_13' title='bbox 2013 617 2321 698; x_wconf 81' lang='lat' dir='ltr'>erepturi,</span> <span class='ocrx_word' id='word_1_14' title='bbox 2368 638 2502 682; x_wconf 92' lang='lat' dir='ltr'><strong>non</strong></span> <span class='ocrx_word' id='word_1_15' title='bbox 2540 618 2756 680; x_wconf 91' lang='lat' dir='ltr'><strong>minus</strong></span> 
     </span>
    </p>
   </div>
   <div class='ocr_carea' id='block_1_3' title="bbox 2437 341 3101 409">
    <p class='ocr_par' dir='ltr' id='par_1_3' title="bbox 2437 341 3101 409">
     <span class='ocr_line' id='line_1_4' title="bbox 2437 341 3101 409; baseline -0.005 -1"><span class='ocrx_word' id='word_1_16' title='bbox 2437 342 2876 409; x_wconf 83' lang='lat' dir='ltr'><strong>.HOM1L1A</strong></span> <span class='ocrx_word' id='word_1_17' title='bbox 2921 341 3101 407; x_wconf 81' lang='lat' dir='ltr'><strong>CVI.</strong></span> 
     </span>
    </p>
   </div>
   <div class='ocr_carea' id='block_1_4' title="bbox 4683 342 4789 405">
    <p class='ocr_par' dir='ltr' id='par_1_4' title="bbox 4683 342 4789 405">
     <span class='ocr_line' id='line_1_5' title="bbox 4683 342 4789 405; baseline 0.019 -2"><span class='ocrx_word' id='word_1_18' title='bbox 4683 342 4789 405; x_wconf 70' lang='lat'><strong>&#39;116</strong></span> 
     </span>
    </p>
   </div>
   <div class='ocr_carea' id='block_1_5' title="bbox 2860 529 4794 699">
    <p class='ocr_par' dir='ltr' id='par_1_5' title="bbox 2860 529 4794 699">
     <span class='ocr_line' id='line_1_6' title="bbox 2861 529 4792 614; baseline 0 -20"><span class='ocrx_word' id='word_1_19' title='bbox 2861 531 3057 596; x_wconf 91' lang='lat' dir='ltr'><strong>rebus</strong></span> <span class='ocrx_word' id='word_1_20' title='bbox 3100 530 3400 595; x_wconf 89' lang='lat' dir='ltr'><strong>omnibus</strong></span> <span class='ocrx_word' id='word_1_21' title='bbox 3444 532 3640 594; x_wconf 89' lang='lat' dir='ltr'><strong>finem</strong></span> <span class='ocrx_word' id='word_1_22' title='bbox 3689 530 4005 594; x_wconf 82' lang='lat' dir='ltr'><strong>adferret:</strong></span> <span class='ocrx_word' id='word_1_23' title='bbox 4067 551 4142 595; x_wconf 91' lang='lat' dir='ltr'><strong>ac</strong></span> <span class='ocrx_word' id='word_1_24' title='bbox 4196 529 4475 614; x_wconf 84' lang='lat' dir='ltr'>proinde</span> <span class='ocrx_word' id='word_1_25' title='bbox 4519 540 4792 594; x_wconf 82' lang='lat' dir='ltr'><strong>mortuos</strong></span> 
     </span>
     <span class='ocr_line' id='line_1_7' title="bbox 2860 615 4794 699; baseline -0.001 -20"><span class='ocrx_word' id='word_1_26' title='bbox 2860 617 3047 681; x_wconf 92' lang='lat' dir='ltr'><strong>Deus</strong></span> <span class='ocrx_word' id='word_1_27' title='bbox 3093 637 3208 699; x_wconf 91' lang='lat' dir='ltr'><strong>spe</strong></span> <span class='ocrx_word' id='word_1_28' title='bbox 3252 636 3375 681; x_wconf 88' lang='lat' dir='ltr'><strong>sua</strong></span> <span class='ocrx_word' id='word_1_29' title='bbox 3417 615 3865 693; x_wconf 80' lang='lat' dir='ltr'><strong>frustraretur,</strong></span> <span class='ocrx_word' id='word_1_30' title='bbox 3922 615 4156 698; x_wconf 89' lang='lat' dir='ltr'><strong>quibus</strong></span> <span class='ocrx_word' id='word_1_31' title='bbox 4200 637 4272 681; x_wconf 91' lang='lat' dir='ltr'><strong>se</strong></span> <span class='ocrx_word' id='word_1_32' title='bbox 4316 615 4794 681; x_wconf 65' lang='lat' dir='ltr'><strong>benefacturum</strong></span> 
     </span>
    </p>
   </div>
   <div class='ocr_carea' id='block_1_6' title="bbox 808 701 4799 785">
    <p class='ocr_par' dir='ltr' id='par_1_6' title="bbox 808 701 4799 785">
     <span class='ocr_line' id='line_1_8' title="bbox 808 701 4799 785; baseline -0.003 -9"><span class='ocrx_word' id='word_1_33' title='bbox 808 730 1030 776; x_wconf 90' lang='lat' dir='ltr'><strong>coram</strong></span> <span class='ocrx_word' id='word_1_34' title='bbox 1076 708 1218 773; x_wconf 92' lang='lat' dir='ltr'><strong>Deo</strong></span> <span class='ocrx_word' id='word_1_35' title='bbox 1273 717 1499 770; x_wconf 87' lang='lat' dir='ltr'><strong>sontes</strong></span> <span class='ocrx_word' id='word_1_36' title='bbox 1562 703 1989 782; x_wconf 79' lang='lat' dir='ltr'><strong>habebantur,</strong></span> <span class='ocrx_word' id='word_1_37' title='bbox 2035 722 2232 785; x_wconf 91' lang='lat' dir='ltr'><strong>quam</strong></span> <span class='ocrx_word' id='word_1_38' title='bbox 2278 704 2335 768; x_wconf 91' lang='lat' dir='ltr'><strong>si</strong></span> <span class='ocrx_word' id='word_1_39' title='bbox 2379 702 2589 767; x_wconf 82' lang='lat' dir='ltr'><strong>vitam</strong></span> <span class='ocrx_word' id='word_1_40' title='bbox 2632 703 2757 784; x_wconf 90' lang='lat' dir='ltr'><strong>ipsi</strong></span> <span class='ocrx_word' id='word_1_41' title='bbox 2806 718 2811 767; x_wconf 75' lang='grc' dir='ltr'>ι</span> <span class='ocrx_word' id='word_1_42' title='bbox 2859 703 3262 785; x_wconf 87' lang='lat' dir='ltr'><strong>promiserat.</strong></span> <span class='ocrx_word' id='word_1_43' title='bbox 3357 701 3493 766; x_wconf 89' lang='lat' dir='ltr'><strong>Nos</strong></span> <span class='ocrx_word' id='word_1_44' title='bbox 3551 702 3774 783; x_wconf 66' lang='lat' dir='ltr'><strong>imque</strong></span> <span class='ocrx_word' id='word_1_45' title='bbox 3838 701 4141 767; x_wconf 85' lang='lat' dir='ltr'><strong>videntes</strong></span> <span class='ocrx_word' id='word_1_46' title='bbox 4195 702 4481 785; x_wconf 91' lang='lat' dir='ltr'><strong>optimos</strong></span> <span class='ocrx_word' id='word_1_47' title='bbox 4527 721 4799 783; x_wconf 84' lang='lat' dir='ltr'><strong>quosque</strong></span> 
     </span>
    </p>
   </div>
   <div class='ocr_carea' id='block_1_7' title="bbox 804 789 2767 5163">
    <p class='ocr_par' dir='ltr' id='par_1_7' title="bbox 804 789 2761 2603">
     <span class='ocr_line' id='line_1_9' title="bbox 809 789 2754 879; baseline -0.005 -18"><span class='ocrx_word' id='word_1_48' title='bbox 809 794 1220 879; x_wconf 87' lang='lat' dir='ltr'><strong>eripuissent,</strong></span> <span class='ocrx_word' id='word_1_49' title='bbox 1321 811 1519 874; x_wconf 89' lang='lat' dir='ltr'><strong>quam</strong></span> <span class='ocrx_word' id='word_1_50' title='bbox 1606 790 1766 855; x_wconf 89' lang='lat' dir='ltr'><strong>adeo</strong></span> <span class='ocrx_word' id='word_1_51' title='bbox 1867 790 2274 854; x_wconf 83' lang='lat' dir='ltr'><strong>obstinanter</strong></span> <span class='ocrx_word' id='word_1_52' title='bbox 2359 789 2754 872; x_wconf 85' lang='lat' dir='ltr'><strong>petiverunt.</strong></span> 
     </span>
     <span class='ocr_line' id='line_1_10' title="bbox 807 872 2758 963; baseline -0.005 -16"><span class='ocrx_word' id='word_1_53' title='bbox 807 883 1033 963; x_wconf 80' lang='lat' dir='ltr'><strong>Quare</strong></span> <span class='ocrx_word' id='word_1_54' title='bbox 1090 898 1293 962; x_wconf 89' lang='lat' dir='ltr'><strong>quum</strong></span> <span class='ocrx_word' id='word_1_55' title='bbox 1347 877 1660 942; x_wconf 85' lang='lat' dir='ltr'><strong>adversus</strong></span> <span class='ocrx_word' id='word_1_56' title='bbox 1724 876 1943 959; x_wconf 90' lang='lat' dir='ltr'><strong>ipsum</strong></span> <span class='ocrx_word' id='word_1_57' title='bbox 1999 874 2238 952; x_wconf 91' lang='lat' dir='ltr'><strong>Deum,</strong></span> <span class='ocrx_word' id='word_1_58' title='bbox 2310 884 2377 939; x_wconf 95' lang='lat' dir='ltr'><strong>et</strong></span> <span class='ocrx_word' id='word_1_59' title='bbox 2441 872 2758 940; x_wconf 87' lang='lat' dir='ltr'><strong>adversus</strong></span> 
     </span>
     <span class='ocr_line' id='line_1_11' title="bbox 807 963 2760 1045; baseline -0.006 -11"><span class='ocrx_word' id='word_1_60' title='bbox 807 970 1195 1034; x_wconf 75' lang='lat' dir='ltr'><strong>electionem</strong></span> <span class='ocrx_word' id='word_1_61' title='bbox 1277 964 1485 1045; x_wconf 89' lang='lat' dir='ltr'><strong>ipsius</strong></span> <span class='ocrx_word' id='word_1_62' title='bbox 1564 963 2022 1044; x_wconf 83' lang='lat' dir='ltr'><strong>pugnaverint,</strong></span> <span class='ocrx_word' id='word_1_63' title='bbox 2114 980 2276 1043; x_wconf 91' lang='lat' dir='ltr'><strong>quas</strong></span> <span class='ocrx_word' id='word_1_64' title='bbox 2343 981 2586 1042; x_wconf 89' lang='lat' dir='ltr'><strong>poenas</strong></span> <span class='ocrx_word' id='word_1_65' title='bbox 2651 980 2760 1024; x_wconf 89' lang='lat' dir='ltr'><strong>eos</strong></span> 
     </span>
     <span class='ocr_line' id='line_1_12' title="bbox 804 1044 2757 1130; baseline -0.007 -9"><span class='ocrx_word' id='word_1_66' title='bbox 804 1058 1004 1120; x_wconf 83' lang='lat' dir='ltr'><strong>fuisse</strong></span> <span class='ocrx_word' id='word_1_67' title='bbox 1040 1051 1311 1116; x_wconf 88' lang='lat' dir='ltr'><strong>meritos</strong></span> <span class='ocrx_word' id='word_1_68' title='bbox 1334 1048 1777 1113; x_wconf 80' lang='lat' dir='ltr'><strong>arbitramur?</strong></span> <span class='ocrx_word' id='word_1_69' title='bbox 1828 1047 2106 1111; x_wconf 86' lang='lat' dir='ltr'><strong>Minime</strong></span> <span class='ocrx_word' id='word_1_70' title='bbox 2138 1046 2343 1130; x_wconf 86' lang='lat' dir='ltr'><strong>igitur</strong></span> <span class='ocrx_word' id='word_1_71' title='bbox 2364 1044 2757 1122; x_wconf 86' lang='lat' dir='ltr'><strong>mirandum,</strong></span> 
     </span>
     <span class='ocr_line' id='line_1_13' title="bbox 807 1131 2760 1215; baseline -0.007 -8"><span class='ocrx_word' id='word_1_72' title='bbox 807 1144 859 1208; x_wconf 89' lang='lat' dir='ltr'><strong>si</strong></span> <span class='ocrx_word' id='word_1_73' title='bbox 907 1140 1094 1205; x_wconf 91' lang='lat' dir='ltr'><strong>Deus</strong></span> <span class='ocrx_word' id='word_1_74' title='bbox 1140 1157 1253 1201; x_wconf 87' lang='lat' dir='ltr'><strong>eos</strong></span> <span class='ocrx_word' id='word_1_75' title='bbox 1298 1134 1680 1199; x_wconf 83' lang='lat' dir='ltr'><strong>Philistaeis</strong></span> <span class='ocrx_word' id='word_1_76' title='bbox 1726 1134 2042 1215; x_wconf 89' lang='lat' dir='ltr'><strong>permisit,</strong></span> <span class='ocrx_word' id='word_1_77' title='bbox 2109 1153 2269 1215; x_wconf 90' lang='lat' dir='ltr'><strong>quos</strong></span> <span class='ocrx_word' id='word_1_78' title='bbox 2314 1133 2381 1195; x_wconf 93' lang='lat' dir='ltr'><strong>in</strong></span> <span class='ocrx_word' id='word_1_79' title='bbox 2429 1131 2760 1214; x_wconf 90' lang='lat' dir='ltr'><strong>peculium</strong></span> 
     </span>
     <span class='ocr_line' id='line_1_14' title="bbox 807 1216 2760 1309; baseline -0.007 -17"><span class='ocrx_word' id='word_1_80' title='bbox 807 1229 1114 1309; x_wconf 86' lang='lat' dir='ltr'><strong>elegerat,</strong></span> <span class='ocrx_word' id='word_1_81' title='bbox 1159 1222 1271 1305; x_wconf 91' lang='lat' dir='ltr'><strong>qui</strong></span> <span class='ocrx_word' id='word_1_82' title='bbox 1316 1220 1830 1286; x_wconf 76' lang='lat' dir='ltr'><strong>circumcisionis</strong></span> <span class='ocrx_word' id='word_1_83' title='bbox 1851 1219 2118 1302; x_wconf 88' lang='lat' dir='ltr'><strong>signum</strong></span> <span class='ocrx_word' id='word_1_84' title='bbox 2142 1238 2298 1301; x_wconf 91' lang='lat' dir='ltr'><strong>prae</strong></span> <span class='ocrx_word' id='word_1_85' title='bbox 2327 1238 2397 1282; x_wconf 93' lang='lat' dir='ltr'><strong>se</strong></span> <span class='ocrx_word' id='word_1_86' title='bbox 2441 1216 2760 1296; x_wconf 87' lang='lat' dir='ltr'><strong>ferebant,</strong></span> 
     </span>
     <span class='ocr_line' id='line_1_15' title="bbox 806 1303 2760 1386; baseline -0.007 -7"><span class='ocrx_word' id='word_1_87' title='bbox 806 1326 874 1380; x_wconf 89' lang='lat' dir='ltr'><strong>et</strong></span> <span class='ocrx_word' id='word_1_88' title='bbox 916 1312 1198 1377; x_wconf 89' lang='lat' dir='ltr'><strong>filiorum</strong></span> <span class='ocrx_word' id='word_1_89' title='bbox 1246 1306 1375 1371; x_wconf 91' lang='lat' dir='ltr'><strong>Dei</strong></span> <span class='ocrx_word' id='word_1_90' title='bbox 1434 1305 1901 1371; x_wconf 91' lang='lat' dir='ltr'><strong>testimonium.</strong></span> <span class='ocrx_word' id='word_1_91' title='bbox 1974 1305 2127 1369; x_wconf 92' lang='lat' dir='ltr'><strong>Non</strong></span> <span class='ocrx_word' id='word_1_92' title='bbox 2172 1303 2349 1368; x_wconf 90' lang='lat' dir='ltr'><strong>enim</strong></span> <span class='ocrx_word' id='word_1_93' title='bbox 2393 1303 2760 1386; x_wconf 90' lang='lat' dir='ltr'><strong>quicunque</strong></span> 
     </span>
     <span class='ocr_line' id='line_1_16' title="bbox 808 1388 2755 1483; baseline -0.007 -19"><span class='ocrx_word' id='word_1_94' title='bbox 808 1400 1072 1483; x_wconf 86' lang='lat' dir='ltr'><strong>signum</strong></span> <span class='ocrx_word' id='word_1_95' title='bbox 1120 1392 1363 1459; x_wconf 90' lang='lat' dir='ltr'><strong>habent</strong></span> <span class='ocrx_word' id='word_1_96' title='bbox 1407 1392 1720 1468; x_wconf 82' lang='lat' dir='ltr'><strong>exterius,</strong></span> <span class='ocrx_word' id='word_1_97' title='bbox 1768 1400 1833 1454; x_wconf 91' lang='lat' dir='ltr'><strong>et</strong></span> <span class='ocrx_word' id='word_1_98' title='bbox 1875 1411 1946 1456; x_wconf 91' lang='lat' dir='ltr'><strong>se</strong></span> <span class='ocrx_word' id='word_1_99' title='bbox 1981 1391 2377 1474; x_wconf 86' lang='lat' dir='ltr'><strong>profitentur</strong></span> <span class='ocrx_word' id='word_1_100' title='bbox 2417 1388 2755 1454; x_wconf 90' lang='lat' dir='ltr'><strong>ecclesiam</strong></span> 
     </span>
     <span class='ocr_line' id='line_1_17' title="bbox 807 1475 2757 1560; baseline -0.007 -9"><span class='ocrx_word' id='word_1_101' title='bbox 807 1507 951 1551; x_wconf 90' lang='lat' dir='ltr'><strong>esse</strong></span> <span class='ocrx_word' id='word_1_102' title='bbox 997 1482 1143 1558; x_wconf 92' lang='lat' dir='ltr'><strong>Dei,</strong></span> <span class='ocrx_word' id='word_1_103' title='bbox 1204 1489 1365 1544; x_wconf 88' lang='lat' dir='ltr'><strong>sunt</strong></span> <span class='ocrx_word' id='word_1_104' title='bbox 1424 1498 1495 1542; x_wconf 91' lang='lat' dir='ltr'><strong>re</strong></span> <span class='ocrx_word' id='word_1_105' title='bbox 1550 1477 1694 1560; x_wconf 90' lang='lat' dir='ltr'><strong>ipsa</strong></span> <span class='ocrx_word' id='word_1_106' title='bbox 1739 1477 1936 1542; x_wconf 89' lang='lat' dir='ltr'><strong>tales:</strong></span> <span class='ocrx_word' id='word_1_107' title='bbox 1999 1475 2548 1559; x_wconf 86' lang='lat' dir='ltr'><strong>quemadmodum</strong></span> <span class='ocrx_word' id='word_1_108' title='bbox 2608 1494 2757 1556; x_wconf 86' lang='lat' dir='ltr'><strong>pro·</strong></span> 
     </span>
     <span class='ocr_line' id='line_1_18' title="bbox 806 1560 2757 1656; baseline -0.007 -19"><span class='ocrx_word' id='word_1_109' title='bbox 806 1573 1008 1656; x_wconf 85' lang='lat' dir='ltr'><strong>pheta</strong></span> <span class='ocrx_word' id='word_1_110' title='bbox 1050 1566 1336 1634; x_wconf 89' lang='lat' dir='ltr'><strong>Psalmis</strong></span> <span class='ocrx_word' id='word_1_111' title='bbox 1384 1563 1482 1628; x_wconf 81' lang='lat'><strong>15.</strong></span> <span class='ocrx_word' id='word_1_112' title='bbox 1530 1575 1594 1627; x_wconf 90' lang='lat' dir='ltr'><strong>et</strong></span> <span class='ocrx_word' id='word_1_113' title='bbox 1638 1563 1741 1628; x_wconf 81' lang='lat'><strong>24.</strong></span> <span class='ocrx_word' id='word_1_114' title='bbox 1791 1560 2031 1626; x_wconf 86' lang='lat' dir='ltr'><strong>multos</strong></span> <span class='ocrx_word' id='word_1_115' title='bbox 2076 1560 2256 1644; x_wconf 65' lang='lat' dir='ltr'><strong>aut*)</strong></span> <span class='ocrx_word' id='word_1_116' title='bbox 2302 1562 2369 1624; x_wconf 89' lang='lat' dir='ltr'><strong>in</strong></span> <span class='ocrx_word' id='word_1_117' title='bbox 2416 1560 2757 1626; x_wconf 89' lang='lat' dir='ltr'><strong>ecclesiam</strong></span> 
     </span>
     <span class='ocr_line' id='line_1_19' title="bbox 808 1644 2759 1733; baseline -0.008 -11"><span class='ocrx_word' id='word_1_118' title='bbox 808 1657 1054 1733; x_wconf 80' lang='lat' dir='ltr'><strong>venire,</strong></span> <span class='ocrx_word' id='word_1_119' title='bbox 1117 1661 1183 1716; x_wconf 89' lang='lat' dir='ltr'><strong>et</strong></span> <span class='ocrx_word' id='word_1_120' title='bbox 1226 1650 1545 1715; x_wconf 87' lang='lat' dir='ltr'><strong>sacrificia</strong></span> <span class='ocrx_word' id='word_1_121' title='bbox 1588 1649 1733 1713; x_wconf 92' lang='lat' dir='ltr'><strong>Deo</strong></span> <span class='ocrx_word' id='word_1_122' title='bbox 1793 1649 2029 1713; x_wconf 86' lang='lat' dir='ltr'><strong>offerre</strong></span> <span class='ocrx_word' id='word_1_123' title='bbox 2074 1668 2219 1712; x_wconf 88' lang='lat' dir='ltr'><strong>cum</strong></span> <span class='ocrx_word' id='word_1_124' title='bbox 2268 1646 2586 1723; x_wconf 89' lang='lat' dir='ltr'><strong>fidelibus,</strong></span> <span class='ocrx_word' id='word_1_125' title='bbox 2647 1644 2759 1728; x_wconf 87' lang='lat' dir='ltr'><strong>qui</strong></span> 
     </span>
     <span class='ocr_line' id='line_1_20' title="bbox 808 1731 2758 1813; baseline -0.007 -7"><span class='ocrx_word' id='word_1_126' title='bbox 808 1754 1029 1808; x_wconf 85' lang='lat' dir='ltr'><strong>tamen</strong></span> <span class='ocrx_word' id='word_1_127' title='bbox 1074 1739 1142 1803; x_wconf 92' lang='lat' dir='ltr'><strong>in</strong></span> <span class='ocrx_word' id='word_1_128' title='bbox 1189 1736 1319 1800; x_wconf 92' lang='lat' dir='ltr'><strong>Dei</strong></span> <span class='ocrx_word' id='word_1_129' title='bbox 1364 1735 1553 1800; x_wconf 91' lang='lat' dir='ltr'><strong>domo</strong></span> <span class='ocrx_word' id='word_1_130' title='bbox 1596 1755 1731 1798; x_wconf 91' lang='lat' dir='ltr'><strong>non</strong></span> <span class='ocrx_word' id='word_1_131' title='bbox 1774 1736 1907 1799; x_wconf 90' lang='lat' dir='ltr'><strong>sint</strong></span> <span class='ocrx_word' id='word_1_132' title='bbox 1952 1734 2263 1798; x_wconf 90' lang='lat' dir='ltr'><strong>mansuri.</strong></span> <span class='ocrx_word' id='word_1_133' title='bbox 2327 1732 2479 1809; x_wconf 78' lang='lat' dir='ltr'><strong>Sed,</strong></span> <span class='ocrx_word' id='word_1_134' title='bbox 2525 1731 2758 1813; x_wconf 86' lang='lat' dir='ltr'><strong>inquit,</strong></span> 
     </span>
     <span class='ocr_line' id='line_1_21' title="bbox 808 1815 2758 1911; baseline -0.008 -17"><span class='ocrx_word' id='word_1_135' title='bbox 808 1830 921 1911; x_wconf 91' lang='lat' dir='ltr'><strong>qui</strong></span> <span class='ocrx_word' id='word_1_136' title='bbox 968 1845 1205 1891; x_wconf 88' lang='lat' dir='ltr'><strong>manus</strong></span> <span class='ocrx_word' id='word_1_137' title='bbox 1242 1828 1308 1887; x_wconf 88' lang='lat' dir='ltr'><strong>et</strong></span> <span class='ocrx_word' id='word_1_138' title='bbox 1342 1841 1454 1886; x_wconf 90' lang='lat' dir='ltr'><strong>cor</strong></span> <span class='ocrx_word' id='word_1_139' title='bbox 1487 1819 1808 1885; x_wconf 92' lang='lat' dir='ltr'><strong>mundum</strong></span> <span class='ocrx_word' id='word_1_140' title='bbox 1846 1819 2194 1883; x_wconf 90' lang='lat' dir='ltr'><strong>habebunt.</strong></span> <span class='ocrx_word' id='word_1_141' title='bbox 2243 1817 2504 1898; x_wconf 74' lang='lat' dir='ltr'><strong>Quibus</strong></span> <span class='ocrx_word' id='word_1_142' title='bbox 2542 1815 2758 1881; x_wconf 85' lang='lat' dir='ltr'><strong>verbis</strong></span> 
     </span>
     <span class='ocr_line' id='line_1_22' title="bbox 810 1905 2759 1994; baseline -0.007 -15"><span class='ocrx_word' id='word_1_143' title='bbox 810 1915 1056 1979; x_wconf 83' lang='lat' dir='ltr'><strong>indicat</strong></span> <span class='ocrx_word' id='word_1_144' title='bbox 1132 1908 1512 1994; x_wconf 83' lang='lat' dir='ltr'><strong>hypocritas</strong></span> <span class='ocrx_word' id='word_1_145' title='bbox 1591 1906 1746 1970; x_wconf 91' lang='lat' dir='ltr'><strong>licet</strong></span> <span class='ocrx_word' id='word_1_146' title='bbox 1826 1905 2157 1970; x_wconf 87' lang='lat' dir='ltr'><strong>interdum</strong></span> <span class='ocrx_word' id='word_1_147' title='bbox 2236 1905 2614 1983; x_wconf 85' lang='lat' dir='ltr'><strong>efferantur,</strong></span> <span class='ocrx_word' id='word_1_148' title='bbox 2694 1915 2759 1967; x_wconf 91' lang='lat' dir='ltr'><strong>et</strong></span> 
     </span>
     <span class='ocr_line' id='line_1_23' title="bbox 809 1989 2758 2084; baseline -0.007 -19"><span class='ocrx_word' id='word_1_149' title='bbox 809 2001 1094 2084; x_wconf 88' lang='lat' dir='ltr'><strong>primum</strong></span> <span class='ocrx_word' id='word_1_150' title='bbox 1135 1996 1209 2060; x_wconf 91' lang='lat' dir='ltr'><strong>in</strong></span> <span class='ocrx_word' id='word_1_151' title='bbox 1245 1992 1518 2061; x_wconf 89' lang='lat' dir='ltr'><strong>ecclesia</strong></span> <span class='ocrx_word' id='word_1_152' title='bbox 1551 1992 1771 2057; x_wconf 83' lang='lat' dir='ltr'><strong>locum</strong></span> <span class='ocrx_word' id='word_1_153' title='bbox 1804 1998 2155 2074; x_wconf 85' lang='lat' dir='ltr'><strong>occupent:</strong></span> <span class='ocrx_word' id='word_1_154' title='bbox 2196 2010 2328 2053; x_wconf 91' lang='lat' dir='ltr'><strong>non</strong></span> <span class='ocrx_word' id='word_1_155' title='bbox 2352 1989 2497 2053; x_wconf 91' lang='lat' dir='ltr'><strong>ideo</strong></span> <span class='ocrx_word' id='word_1_156' title='bbox 2535 1998 2758 2053; x_wconf 88' lang='lat' dir='ltr'><strong>tamen</strong></span> 
     </span>
     <span class='ocr_line' id='line_1_24' title="bbox 811 2072 2759 2152; baseline -0.008 0"><span class='ocrx_word' id='word_1_157' title='bbox 811 2089 1011 2152; x_wconf 85' lang='lat' dir='ltr'><strong>fixam</strong></span> <span class='ocrx_word' id='word_1_158' title='bbox 1071 2081 1293 2149; x_wconf 90' lang='lat' dir='ltr'><strong>sedem</strong></span> <span class='ocrx_word' id='word_1_159' title='bbox 1353 2087 1419 2144; x_wconf 92' lang='lat' dir='ltr'><strong>et</strong></span> <span class='ocrx_word' id='word_1_160' title='bbox 1475 2078 1949 2143; x_wconf 87' lang='lat' dir='ltr'><strong>habitationem</strong></span> <span class='ocrx_word' id='word_1_161' title='bbox 2006 2077 2080 2139; x_wconf 88' lang='lat' dir='ltr'><strong>in</strong></span> <span class='ocrx_word' id='word_1_162' title='bbox 2135 2076 2264 2140; x_wconf 91' lang='lat' dir='ltr'><strong>Dei</strong></span> <span class='ocrx_word' id='word_1_163' title='bbox 2324 2075 2516 2140; x_wconf 92' lang='lat' dir='ltr'><strong>domo</strong></span> <span class='ocrx_word' id='word_1_164' title='bbox 2577 2072 2759 2137; x_wconf 87' lang='lat' dir='ltr'><strong>habi—</strong></span> 
     </span>
     <span class='ocr_line' id='line_1_25' title="bbox 810 2158 2761 2247; baseline -0.007 -10"><span class='ocrx_word' id='word_1_165' title='bbox 810 2183 1019 2247; x_wconf 90' lang='lat' dir='ltr'><strong>turos,</strong></span> <span class='ocrx_word' id='word_1_166' title='bbox 1080 2166 1193 2234; x_wconf 90' lang='lat' dir='ltr'><strong>sed</strong></span> <span class='ocrx_word' id='word_1_167' title='bbox 1255 2187 1340 2231; x_wconf 84' lang='lat' dir='ltr'><strong>ex</strong></span> <span class='ocrx_word' id='word_1_168' title='bbox 1381 2164 1498 2229; x_wconf 90' lang='lat' dir='ltr'><strong>illa</strong></span> <span class='ocrx_word' id='word_1_169' title='bbox 1541 2164 1806 2229; x_wconf 86' lang='lat' dir='ltr'><strong>tandem</strong></span> <span class='ocrx_word' id='word_1_170' title='bbox 1869 2161 2220 2227; x_wconf 89' lang='lat' dir='ltr'><strong>eiiciendos</strong></span> <span class='ocrx_word' id='word_1_171' title='bbox 2265 2168 2332 2227; x_wconf 91' lang='lat' dir='ltr'><strong>et</strong></span> <span class='ocrx_word' id='word_1_172' title='bbox 2375 2158 2761 2226; x_wconf 87' lang='lat' dir='ltr'><strong>exscinden-</strong></span> 
     </span>
     <span class='ocr_line' id='line_1_26' title="bbox 812 2248 2758 2336; baseline -0.008 -13"><span class='ocrx_word' id='word_1_173' title='bbox 812 2259 950 2325; x_wconf 89' lang='lat' dir='ltr'><strong>dos.</strong></span> <span class='ocrx_word' id='word_1_174' title='bbox 1041 2253 1368 2336; x_wconf 80' lang='lat' dir='ltr'><strong>Quamvis</strong></span> <span class='ocrx_word' id='word_1_175' title='bbox 1426 2251 1633 2333; x_wconf 87' lang='lat' dir='ltr'><strong>igitur</strong></span> <span class='ocrx_word' id='word_1_176' title='bbox 1691 2249 2031 2314; x_wconf 82' lang='lat' dir='ltr'><strong>Israelitae</strong></span> <span class='ocrx_word' id='word_1_177' title='bbox 2095 2248 2458 2314; x_wconf 90' lang='lat' dir='ltr'><strong>circumcisi</strong></span> <span class='ocrx_word' id='word_1_178' title='bbox 2519 2256 2758 2323; x_wconf 91' lang='lat' dir='ltr'><strong>essent,</strong></span> 
     </span>
     <span class='ocr_line' id='line_1_27' title="bbox 807 2332 2757 2416; baseline -0.007 -5"><span class='ocrx_word' id='word_1_179' title='bbox 807 2367 944 2411; x_wconf 92' lang='lat' dir='ltr'><strong>non</strong></span> <span class='ocrx_word' id='word_1_180' title='bbox 1010 2342 1158 2407; x_wconf 90' lang='lat' dir='ltr'><strong>ideo</strong></span> <span class='ocrx_word' id='word_1_181' title='bbox 1227 2348 1448 2402; x_wconf 89' lang='lat' dir='ltr'><strong>tamen</strong></span> <span class='ocrx_word' id='word_1_182' title='bbox 1527 2356 1658 2400; x_wconf 92' lang='lat' dir='ltr'><strong>non</strong></span> <span class='ocrx_word' id='word_1_183' title='bbox 1725 2347 1915 2400; x_wconf 88' lang='lat' dir='ltr'><strong>erant</strong></span> <span class='ocrx_word' id='word_1_184' title='bbox 1982 2333 2258 2416; x_wconf 88' lang='lat' dir='ltr'><strong>improbi</strong></span> <span class='ocrx_word' id='word_1_185' title='bbox 2330 2345 2398 2398; x_wconf 88' lang='lat' dir='ltr'><strong>et</strong></span> <span class='ocrx_word' id='word_1_186' title='bbox 2463 2332 2757 2416; x_wconf 87' lang='lat' dir='ltr'><strong>maligni.</strong></span> 
     </span>
     <span class='ocr_line' id='line_1_28' title="bbox 809 2418 2757 2511; baseline -0.007 -15"><span class='ocrx_word' id='word_1_187' title='bbox 809 2430 988 2511; x_wconf 80' lang='lat' dir='ltr'><strong>Quid</strong></span> <span class='ocrx_word' id='word_1_188' title='bbox 1055 2425 1192 2492; x_wconf 81' lang='lat' dir='ltr'><strong>ita?</strong></span> <span class='ocrx_word' id='word_1_189' title='bbox 1283 2423 1539 2505; x_wconf 88' lang='lat' dir='ltr'><strong>Nempe</strong></span> <span class='ocrx_word' id='word_1_190' title='bbox 1611 2420 1750 2486; x_wconf 91' lang='lat' dir='ltr'><strong>solo</strong></span> <span class='ocrx_word' id='word_1_191' title='bbox 1812 2423 2094 2497; x_wconf 90' lang='lat' dir='ltr'><strong>nomine,</strong></span> <span class='ocrx_word' id='word_1_192' title='bbox 2168 2430 2235 2485; x_wconf 91' lang='lat' dir='ltr'><strong>et</strong></span> <span class='ocrx_word' id='word_1_193' title='bbox 2299 2418 2482 2484; x_wconf 90' lang='lat' dir='ltr'><strong>inani</strong></span> <span class='ocrx_word' id='word_1_194' title='bbox 2569 2418 2757 2483; x_wconf 88' lang='lat' dir='ltr'><strong>titulo</strong></span> 
     </span>
     <span class='ocr_line' id='line_1_29' title="bbox 809 2506 1932 2603; baseline -0.012 -19"><span class='ocrx_word' id='word_1_195' title='bbox 809 2516 1031 2603; x_wconf 89' lang='lat' dir='ltr'><strong>populi</strong></span> <span class='ocrx_word' id='word_1_196' title='bbox 1076 2509 1421 2577; x_wconf 82' lang='lat' dir='ltr'><strong>Israelitici</strong></span> <span class='ocrx_word' id='word_1_197' title='bbox 1468 2506 1932 2592; x_wconf 83' lang='lat' dir='ltr'><strong>gloriabantur.</strong></span> 
     </span>
    </p>

    <p class='ocr_par' dir='ltr' id='par_1_8' title="bbox 809 2591 2767 5163">
     <span class='ocr_line' id='line_1_30' title="bbox 983 2591 2758 2676; baseline -0.007 -10"><span class='ocrx_word' id='word_1_198' title='bbox 983 2601 1333 2667; x_wconf 85' lang='lat' dir='ltr'><strong>Caeterum</strong></span> <span class='ocrx_word' id='word_1_199' title='bbox 1372 2615 1564 2675; x_wconf 89' lang='lat' dir='ltr'><strong>saepe</strong></span> <span class='ocrx_word' id='word_1_200' title='bbox 1599 2592 1923 2676; x_wconf 87' lang='lat' dir='ltr'><strong>contingit</strong></span> <span class='ocrx_word' id='word_1_201' title='bbox 1955 2593 2172 2657; x_wconf 91' lang='lat' dir='ltr'><strong>Deum</strong></span> <span class='ocrx_word' id='word_1_202' title='bbox 2217 2612 2371 2656; x_wconf 87' lang='lat' dir='ltr'><strong>suos</strong></span> <span class='ocrx_word' id='word_1_203' title='bbox 2414 2591 2758 2673; x_wconf 85' lang='lat' dir='ltr'><strong>castigare,</strong></span> 
     </span>
     <span class='ocr_line' id='line_1_31' title="bbox 810 2676 2757 2770; baseline -0.008 -15"><span class='ocrx_word' id='word_1_204' title='bbox 810 2706 875 2755; x_wconf 92' lang='lat' dir='ltr'><strong>et</strong></span> <span class='ocrx_word' id='word_1_205' title='bbox 932 2685 1197 2770; x_wconf 87' lang='lat' dir='ltr'><strong>quidem</strong></span> <span class='ocrx_word' id='word_1_206' title='bbox 1258 2701 1422 2763; x_wconf 90' lang='lat' dir='ltr'><strong>quos</strong></span> <span class='ocrx_word' id='word_1_207' title='bbox 1480 2682 1550 2744; x_wconf 92' lang='lat' dir='ltr'><strong>in</strong></span> <span class='ocrx_word' id='word_1_208' title='bbox 1607 2679 1892 2743; x_wconf 88' lang='lat' dir='ltr'><strong>filiorum</strong></span> <span class='ocrx_word' id='word_1_209' title='bbox 1959 2677 2157 2742; x_wconf 87' lang='lat' dir='ltr'><strong>habet</strong></span> <span class='ocrx_word' id='word_1_210' title='bbox 2221 2697 2494 2741; x_wconf 89' lang='lat' dir='ltr'><strong>numero</strong></span> <span class='ocrx_word' id='word_1_211' title='bbox 2556 2676 2757 2741; x_wconf 82' lang='lat' dir='ltr'><strong>variis</strong></span> 
     </span>
     <span class='ocr_line' id='line_1_32' title="bbox 810 2763 2757 2847; baseline -0.009 -5"><span class='ocrx_word' id='word_1_212' title='bbox 810 2770 1273 2842; x_wconf 85' lang='lat' dir='ltr'><strong>afflictionibus</strong></span> <span class='ocrx_word' id='word_1_213' title='bbox 1330 2785 1646 2841; x_wconf 88' lang='lat' dir='ltr'><strong>coercere,</strong></span> <span class='ocrx_word' id='word_1_214' title='bbox 1707 2765 1776 2828; x_wconf 92' lang='lat' dir='ltr'><strong>in</strong></span> <span class='ocrx_word' id='word_1_215' title='bbox 1833 2763 2066 2847; x_wconf 90' lang='lat' dir='ltr'><strong>quibus</strong></span> <span class='ocrx_word' id='word_1_216' title='bbox 2123 2764 2321 2826; x_wconf 86' lang='lat' dir='ltr'><strong>etiam</strong></span> <span class='ocrx_word' id='word_1_217' title='bbox 2379 2763 2520 2844; x_wconf 89' lang='lat' dir='ltr'><strong>ipsa</strong></span> <span class='ocrx_word' id='word_1_218' title='bbox 2579 2781 2757 2825; x_wconf 89' lang='lat' dir='ltr'><strong>mors</strong></span> 
     </span>
     <span class='ocr_line' id='line_1_33' title="bbox 809 2847 2757 2944; baseline -0.009 -17"><span class='ocrx_word' id='word_1_219' title='bbox 809 2854 1409 2944; x_wconf 86' lang='lat' dir='ltr'><strong>comprehenditur,</strong></span> <span class='ocrx_word' id='word_1_220' title='bbox 1468 2864 1535 2916; x_wconf 90' lang='lat' dir='ltr'><strong>et</strong></span> <span class='ocrx_word' id='word_1_221' title='bbox 1591 2860 1810 2914; x_wconf 88' lang='lat' dir='ltr'><strong>tamen</strong></span> <span class='ocrx_word' id='word_1_222' title='bbox 1867 2847 2357 2914; x_wconf 85' lang='lat' dir='ltr'><strong>misericordem</strong></span> <span class='ocrx_word' id='word_1_223' title='bbox 2411 2867 2555 2913; x_wconf 88' lang='lat' dir='ltr'><strong>esse</strong></span> <span class='ocrx_word' id='word_1_224' title='bbox 2600 2868 2757 2930; x_wconf 85' lang='lat' dir='ltr'><strong>erga</strong></span> 
     </span>
     <span class='ocr_line' id='line_1_34' title="bbox 809 2932 2758 3032; baseline -0.009 -18"><span class='ocrx_word' id='word_1_225' title='bbox 809 2952 1004 3032; x_wconf 89' lang='lat' dir='ltr'><strong>ipsos,</strong></span> <span class='ocrx_word' id='word_1_226' title='bbox 1051 2938 1221 3025; x_wconf 90' lang='lat' dir='ltr'><strong>quod</strong></span> <span class='ocrx_word' id='word_1_227' title='bbox 1266 2938 1420 3004; x_wconf 90' lang='lat' dir='ltr'><strong>huic</strong></span> <span class='ocrx_word' id='word_1_228' title='bbox 1463 2935 1705 3020; x_wconf 89' lang='lat' dir='ltr'><strong>populo</strong></span> <span class='ocrx_word' id='word_1_229' title='bbox 1751 2937 2101 3019; x_wconf 85' lang='lat' dir='ltr'><strong>contigisse</strong></span> <span class='ocrx_word' id='word_1_230' title='bbox 2144 2934 2470 3000; x_wconf 79' lang='lat' dir='ltr'><strong>videmus.</strong></span> <span class='ocrx_word' id='word_1_231' title='bbox 2529 2932 2758 3014; x_wconf 90' lang='lat' dir='ltr'><strong>Neque</strong></span> 
     </span>
     <span class='ocr_line' id='line_1_35' title="bbox 810 3020 2759 3106; baseline -0.009 -5"><span class='ocrx_word' id='word_1_232' title='bbox 810 3034 989 3101; x_wconf 90' lang='lat' dir='ltr'><strong>enim</strong></span> <span class='ocrx_word' id='word_1_233' title='bbox 1045 3028 1317 3094; x_wconf 87' lang='lat' dir='ltr'><strong>dubium</strong></span> <span class='ocrx_word' id='word_1_234' title='bbox 1385 3034 1484 3089; x_wconf 88' lang='lat' dir='ltr'><strong>est</strong></span> <span class='ocrx_word' id='word_1_235' title='bbox 1550 3023 1708 3106; x_wconf 91' lang='lat' dir='ltr'><strong>quin</strong></span> <span class='ocrx_word' id='word_1_236' title='bbox 1776 3023 2023 3086; x_wconf 84' lang='lat' dir='ltr'><strong>fuerint</strong></span> <span class='ocrx_word' id='word_1_237' title='bbox 2078 3020 2152 3084; x_wconf 90' lang='lat' dir='ltr'><strong>in</strong></span> <span class='ocrx_word' id='word_1_238' title='bbox 2213 3029 2398 3084; x_wconf 89' lang='lat' dir='ltr'><strong>tanto</strong></span> <span class='ocrx_word' id='word_1_239' title='bbox 2464 3020 2759 3084; x_wconf 87' lang='lat' dir='ltr'><strong>exercitu</strong></span> 
     </span>
     <span class='ocr_line' id='line_1_36' title="bbox 810 3103 2760 3199; baseline -0.009 -14"><span class='ocrx_word' id='word_1_240' title='bbox 810 3119 1002 3185; x_wconf 87' lang='lat' dir='ltr'><strong>multi</strong></span> <span class='ocrx_word' id='word_1_241' title='bbox 1062 3115 1174 3199; x_wconf 92' lang='lat' dir='ltr'><strong>qui</strong></span> <span class='ocrx_word' id='word_1_242' title='bbox 1221 3110 1350 3178; x_wconf 93' lang='lat' dir='ltr'><strong>Dei</strong></span> <span class='ocrx_word' id='word_1_243' title='bbox 1390 3109 1647 3173; x_wconf 87' lang='lat' dir='ltr'><strong>timoris</strong></span> <span class='ocrx_word' id='word_1_244' title='bbox 1705 3129 1924 3174; x_wconf 82' lang='lat' dir='ltr'><strong>semen</strong></span> <span class='ocrx_word' id='word_1_245' title='bbox 1968 3107 2039 3171; x_wconf 90' lang='lat' dir='ltr'><strong>in</strong></span> <span class='ocrx_word' id='word_1_246' title='bbox 2083 3127 2155 3172; x_wconf 92' lang='lat' dir='ltr'><strong>se</strong></span> <span class='ocrx_word' id='word_1_247' title='bbox 2197 3103 2592 3178; x_wconf 86' lang='lat' dir='ltr'><strong>retinebant,</strong></span> <span class='ocrx_word' id='word_1_248' title='bbox 2645 3103 2760 3187; x_wconf 91' lang='lat' dir='ltr'><strong>qui</strong></span> 
     </span>
     <span class='ocr_line' id='line_1_37' title="bbox 809 3192 2758 3276; baseline -0.008 -5"><span class='ocrx_word' id='word_1_249' title='bbox 809 3218 1031 3271; x_wconf 87' lang='lat' dir='ltr'><strong>tamen</strong></span> <span class='ocrx_word' id='word_1_250' title='bbox 1075 3224 1117 3266; x_wconf 89' lang='lat' dir='ltr'><strong>a</strong></span> <span class='ocrx_word' id='word_1_251' title='bbox 1160 3207 1370 3265; x_wconf 89' lang='lat' dir='ltr'><strong>morte</strong></span> <span class='ocrx_word' id='word_1_252' title='bbox 1426 3215 1562 3259; x_wconf 91' lang='lat' dir='ltr'><strong>non</strong></span> <span class='ocrx_word' id='word_1_253' title='bbox 1606 3195 1874 3259; x_wconf 89' lang='lat' dir='ltr'><strong>fuerunt</strong></span> <span class='ocrx_word' id='word_1_254' title='bbox 1930 3192 2241 3276; x_wconf 87' lang='lat' dir='ltr'><strong>exempti.</strong></span> <span class='ocrx_word' id='word_1_255' title='bbox 2345 3192 2560 3257; x_wconf 74' lang='lat' dir='ltr'><strong>Testis</strong></span> <span class='ocrx_word' id='word_1_256' title='bbox 2618 3197 2758 3255; x_wconf 87' lang='lat' dir='ltr'><strong>esto</strong></span> 
     </span>
     <span class='ocr_line' id='line_1_38' title="bbox 809 3278 2761 3374; baseline -0.009 -17"><span class='ocrx_word' id='word_1_257' title='bbox 809 3293 951 3374; x_wconf 87' lang='lat' dir='ltr'><strong>ipse</strong></span> <span class='ocrx_word' id='word_1_258' title='bbox 993 3286 1421 3359; x_wconf 88' lang='lat' dir='ltr'><strong>Ionathanus,</strong></span> <span class='ocrx_word' id='word_1_259' title='bbox 1479 3281 1667 3346; x_wconf 90' lang='lat' dir='ltr'><strong>cuius</strong></span> <span class='ocrx_word' id='word_1_260' title='bbox 1724 3278 1925 3344; x_wconf 91' lang='lat' dir='ltr'><strong>fidem</strong></span> <span class='ocrx_word' id='word_1_261' title='bbox 1972 3286 2041 3343; x_wconf 91' lang='lat' dir='ltr'><strong>et</strong></span> <span class='ocrx_word' id='word_1_262' title='bbox 2095 3278 2546 3362; x_wconf 83' lang='lat' dir='ltr'><strong>integritatem</strong></span> <span class='ocrx_word' id='word_1_263' title='bbox 2603 3296 2761 3359; x_wconf 87' lang='lat' dir='ltr'><strong>erga</strong></span> 
     </span>
     <span class='ocr_line' id='line_1_39' title="bbox 811 3361 2759 3446; baseline -0.007 -5"><span class='ocrx_word' id='word_1_264' title='bbox 811 3374 1140 3444; x_wconf 83' lang='lat' dir='ltr'><strong>Davidem</strong></span> <span class='ocrx_word' id='word_1_265' title='bbox 1199 3369 1504 3445; x_wconf 83' lang='lat' dir='ltr'><strong>vidimus,</strong></span> <span class='ocrx_word' id='word_1_266' title='bbox 1575 3365 1762 3431; x_wconf 88' lang='lat' dir='ltr'><strong>cuius</strong></span> <span class='ocrx_word' id='word_1_267' title='bbox 1826 3364 2208 3430; x_wconf 89' lang='lat' dir='ltr'><strong>modestiam</strong></span> <span class='ocrx_word' id='word_1_268' title='bbox 2279 3361 2759 3446; x_wconf 84' lang='lat' dir='ltr'><strong>conspeximus,</strong></span> 
     </span>
     <span class='ocr_line' id='line_1_40' title="bbox 811 3449 2762 3546; baseline -0.008 -18"><span class='ocrx_word' id='word_1_269' title='bbox 811 3484 1012 3546; x_wconf 90' lang='lat' dir='ltr'><strong>quum</strong></span> <span class='ocrx_word' id='word_1_270' title='bbox 1059 3461 1234 3525; x_wconf 88' lang='lat' dir='ltr'><strong>ultro</strong></span> <span class='ocrx_word' id='word_1_271' title='bbox 1281 3452 1524 3520; x_wconf 84' lang='lat' dir='ltr'><strong>Davidi</strong></span> <span class='ocrx_word' id='word_1_272' title='bbox 1558 3470 1752 3534; x_wconf 89' lang='lat' dir='ltr'><strong>quam</strong></span> <span class='ocrx_word' id='word_1_273' title='bbox 1798 3451 1940 3515; x_wconf 89' lang='lat' dir='ltr'><strong>iure</strong></span> <span class='ocrx_word' id='word_1_274' title='bbox 1995 3449 2432 3514; x_wconf 88' lang='lat' dir='ltr'><strong>haereditario</strong></span> <span class='ocrx_word' id='word_1_275' title='bbox 2476 3449 2762 3513; x_wconf 87' lang='lat' dir='ltr'><strong>retinere</strong></span> 
     </span>
     <span class='ocr_line' id='line_1_41' title="bbox 809 3535 2763 3634; baseline -0.009 -19"><span class='ocrx_word' id='word_1_276' title='bbox 809 3569 1000 3634; x_wconf 92' lang='lat' dir='ltr'><strong>posse</strong></span> <span class='ocrx_word' id='word_1_277' title='bbox 1060 3543 1405 3613; x_wconf 83' lang='lat' dir='ltr'><strong>videbatur</strong></span> <span class='ocrx_word' id='word_1_278' title='bbox 1465 3542 1713 3622; x_wconf 88' lang='lat' dir='ltr'><strong>regiam</strong></span> <span class='ocrx_word' id='word_1_279' title='bbox 1760 3537 2147 3621; x_wconf 89' lang='lat' dir='ltr'><strong>dignitatem</strong></span> <span class='ocrx_word' id='word_1_280' title='bbox 2193 3537 2363 3600; x_wconf 86' lang='lat' dir='ltr'><strong>ultro</strong></span> <span class='ocrx_word' id='word_1_281' title='bbox 2406 3535 2637 3601; x_wconf 84' lang='lat' dir='ltr'><strong>cessit:</strong></span> <span class='ocrx_word' id='word_1_282' title='bbox 2696 3543 2763 3599; x_wconf 88' lang='lat' dir='ltr'><strong>et</strong></span> 
     </span>
     <span class='ocr_line' id='line_1_42' title="bbox 811 3616 2762 3707; baseline -0.008 -8"><span class='ocrx_word' id='word_1_283' title='bbox 811 3633 924 3699; x_wconf 81' lang='lat' dir='ltr'><strong>vel</strong></span> <span class='ocrx_word' id='word_1_284' title='bbox 1001 3650 1159 3697; x_wconf 88' lang='lat' dir='ltr'><strong>suae</strong></span> <span class='ocrx_word' id='word_1_285' title='bbox 1252 3629 1426 3694; x_wconf 84' lang='lat' dir='ltr'><strong>vitae</strong></span> <span class='ocrx_word' id='word_1_286' title='bbox 1504 3616 1796 3707; x_wconf 70' lang='lat' dir='ltr'><strong>periculo</strong></span> <span class='ocrx_word' id='word_1_287' title='bbox 1884 3621 2166 3687; x_wconf 83' lang='lat' dir='ltr'><strong>Davidis</strong></span> <span class='ocrx_word' id='word_1_288' title='bbox 2243 3641 2507 3687; x_wconf 88' lang='lat' dir='ltr'><strong>causam</strong></span> <span class='ocrx_word' id='word_1_289' title='bbox 2589 3619 2762 3703; x_wconf 88' lang='lat' dir='ltr'><strong>apud</strong></span> 
     </span>
     <span class='ocr_line' id='line_1_43' title="bbox 812 3706 2765 3804; baseline -0.006 -21"><span class='ocrx_word' id='word_1_290' title='bbox 812 3726 1073 3804; x_wconf 84' lang='lat' dir='ltr'><strong>patrem</strong></span> <span class='ocrx_word' id='word_1_291' title='bbox 1106 3716 1259 3799; x_wconf 87' lang='lat' dir='ltr'><strong>egit,</strong></span> <span class='ocrx_word' id='word_1_292' title='bbox 1306 3713 1419 3796; x_wconf 90' lang='lat' dir='ltr'><strong>qui</strong></span> <span class='ocrx_word' id='word_1_293' title='bbox 1454 3709 1800 3775; x_wconf 91' lang='lat' dir='ltr'><strong>hominum</strong></span> <span class='ocrx_word' id='word_1_294' title='bbox 1839 3708 2147 3792; x_wconf 89' lang='lat' dir='ltr'><strong>opinione</strong></span> <span class='ocrx_word' id='word_1_295' title='bbox 2182 3707 2335 3774; x_wconf 86' lang='lat' dir='ltr'><strong>vilis</strong></span> <span class='ocrx_word' id='word_1_296' title='bbox 2370 3718 2438 3771; x_wconf 88' lang='lat' dir='ltr'><strong>et</strong></span> <span class='ocrx_word' id='word_1_297' title='bbox 2471 3706 2765 3791; x_wconf 66' lang='lat' dir='ltr'><strong>abiectus</strong></span> 
     </span>
     <span class='ocr_line' id='line_1_44' title="bbox 813 3792 2766 3879; baseline -0.007 -8"><span class='ocrx_word' id='word_1_298' title='bbox 813 3803 1162 3871; x_wconf 90' lang='lat' dir='ltr'><strong>homuncio</strong></span> <span class='ocrx_word' id='word_1_299' title='bbox 1207 3799 1415 3866; x_wconf 82' lang='lat' dir='ltr'><strong>videri</strong></span> <span class='ocrx_word' id='word_1_300' title='bbox 1463 3805 1735 3879; x_wconf 88' lang='lat' dir='ltr'><strong>poterat,</strong></span> <span class='ocrx_word' id='word_1_301' title='bbox 1781 3802 1849 3859; x_wconf 89' lang='lat' dir='ltr'><strong>et</strong></span> <span class='ocrx_word' id='word_1_302' title='bbox 1889 3814 2085 3876; x_wconf 88' lang='lat' dir='ltr'><strong>quem</strong></span> <span class='ocrx_word' id='word_1_303' title='bbox 2132 3792 2294 3859; x_wconf 83' lang='lat' dir='ltr'><strong>Saul</strong></span> <span class='ocrx_word' id='word_1_304' title='bbox 2341 3793 2766 3859; x_wconf 88' lang='lat' dir='ltr'><strong>vehementer</strong></span> 
     </span>
     <span class='ocr_line' id='line_1_45' title="bbox 811 3878 2764 3963; baseline -0.007 -6"><span class='ocrx_word' id='word_1_305' title='bbox 811 3889 1076 3957; x_wconf 89' lang='lat' dir='ltr'><strong>oderat:</strong></span> <span class='ocrx_word' id='word_1_306' title='bbox 1136 3906 1371 3951; x_wconf 85' lang='lat' dir='ltr'><strong>verum</strong></span> <span class='ocrx_word' id='word_1_307' title='bbox 1415 3884 1599 3949; x_wconf 87' lang='lat' dir='ltr'><strong>cuius</strong></span> <span class='ocrx_word' id='word_1_308' title='bbox 1643 3880 2029 3946; x_wconf 87' lang='lat' dir='ltr'><strong>electionem</strong></span> <span class='ocrx_word' id='word_1_309' title='bbox 2071 3878 2269 3963; x_wconf 89' lang='lat' dir='ltr'><strong>longe</strong></span> <span class='ocrx_word' id='word_1_310' title='bbox 2311 3879 2523 3963; x_wconf 87' lang='lat' dir='ltr'><strong>pluris</strong></span> <span class='ocrx_word' id='word_1_311' title='bbox 2567 3899 2764 3962; x_wconf 90' lang='lat' dir='ltr'><strong>quam</strong></span> 
     </span>
     <span class='ocr_line' id='line_1_46' title="bbox 812 3964 2761 4056; baseline -0.008 -13"><span class='ocrx_word' id='word_1_312' title='bbox 812 3987 1079 4042; x_wconf 90' lang='lat' dir='ltr'><strong>terrena</strong></span> <span class='ocrx_word' id='word_1_313' title='bbox 1122 3970 1446 4056; x_wconf 78' lang='lat' dir='ltr'><strong>quaelibet</strong></span> <span class='ocrx_word' id='word_1_314' title='bbox 1501 3988 1708 4051; x_wconf 88' lang='lat' dir='ltr'><strong>regna</strong></span> <span class='ocrx_word' id='word_1_315' title='bbox 1748 3967 1918 4031; x_wconf 88' lang='lat' dir='ltr'><strong>fecit.</strong></span> <span class='ocrx_word' id='word_1_316' title='bbox 2010 3964 2143 4033; x_wconf 83' lang='lat' dir='ltr'><strong>Sed</strong></span> <span class='ocrx_word' id='word_1_317' title='bbox 2186 3966 2297 4030; x_wconf 92' lang='lat' dir='ltr'><strong>ille</strong></span> <span class='ocrx_word' id='word_1_318' title='bbox 2340 3974 2567 4031; x_wconf 85' lang='lat' dir='ltr'><strong>tamen</strong></span> <span class='ocrx_word' id='word_1_319' title='bbox 2614 3985 2761 4029; x_wconf 91' lang='lat' dir='ltr'><strong>cum</strong></span> 
     </span>
     <span class='ocr_line' id='line_1_47' title="bbox 812 4049 2763 4145; baseline -0.007 -16"><span class='ocrx_word' id='word_1_320' title='bbox 812 4063 1073 4145; x_wconf 89' lang='lat' dir='ltr'><strong>reliqua</strong></span> <span class='ocrx_word' id='word_1_321' title='bbox 1116 4058 1305 4143; x_wconf 90' lang='lat' dir='ltr'><strong>plebe</strong></span> <span class='ocrx_word' id='word_1_322' title='bbox 1350 4055 1492 4121; x_wconf 91' lang='lat' dir='ltr'><strong>sine</strong></span> <span class='ocrx_word' id='word_1_323' title='bbox 1534 4053 1669 4119; x_wconf 92' lang='lat' dir='ltr'><strong>ullo</strong></span> <span class='ocrx_word' id='word_1_324' title='bbox 1714 4052 2090 4118; x_wconf 90' lang='lat' dir='ltr'><strong>discrimine</strong></span> <span class='ocrx_word' id='word_1_325' title='bbox 2133 4051 2430 4117; x_wconf 88' lang='lat' dir='ltr'><strong>moritur.</strong></span> <span class='ocrx_word' id='word_1_326' title='bbox 2498 4049 2763 4117; x_wconf 81' lang='lat' dir='ltr'><strong>Siccine</strong></span> 
     </span>
     <span class='ocr_line' id='line_1_48' title="bbox 812 4136 2763 4221; baseline -0.008 -5"><span class='ocrx_word' id='word_1_327' title='bbox 812 4169 972 4215; x_wconf 82' lang='lat' dir='ltr'><strong>vero</strong></span> <span class='ocrx_word' id='word_1_328' title='bbox 1037 4144 1221 4213; x_wconf 89' lang='lat' dir='ltr'><strong>caedi</strong></span> <span class='ocrx_word' id='word_1_329' title='bbox 1283 4140 1725 4207; x_wconf 90' lang='lat' dir='ltr'><strong>Ionathanum</strong></span> <span class='ocrx_word' id='word_1_330' title='bbox 1800 4139 1915 4221; x_wconf 89' lang='lat' dir='ltr'><strong>qui</strong></span> <span class='ocrx_word' id='word_1_331' title='bbox 1980 4157 2129 4203; x_wconf 90' lang='lat' dir='ltr'><strong>cum</strong></span> <span class='ocrx_word' id='word_1_332' title='bbox 2197 4137 2461 4202; x_wconf 85' lang='lat' dir='ltr'><strong>Davide</strong></span> <span class='ocrx_word' id='word_1_333' title='bbox 2535 4136 2763 4201; x_wconf 81' lang='lat' dir='ltr'><strong>foedus</strong></span> 
     </span>
     <span class='ocr_line' id='line_1_49' title="bbox 812 4220 2762 4311; baseline -0.007 -11"><span class='ocrx_word' id='word_1_334' title='bbox 812 4235 1072 4311; x_wconf 89' lang='lat' dir='ltr'><strong>inierat,</strong></span> <span class='ocrx_word' id='word_1_335' title='bbox 1118 4242 1188 4297; x_wconf 91' lang='lat' dir='ltr'><strong>et</strong></span> <span class='ocrx_word' id='word_1_336' title='bbox 1226 4247 1535 4294; x_wconf 89' lang='lat' dir='ltr'><strong>coronam</strong></span> <span class='ocrx_word' id='word_1_337' title='bbox 1578 4224 1674 4288; x_wconf 91' lang='lat' dir='ltr'><strong>illi</strong></span> <span class='ocrx_word' id='word_1_338' title='bbox 1719 4235 2024 4302; x_wconf 88' lang='lat' dir='ltr'><strong>cesserat,</strong></span> <span class='ocrx_word' id='word_1_339' title='bbox 2082 4244 2213 4307; x_wconf 90' lang='lat' dir='ltr'><strong>quo</strong></span> <span class='ocrx_word' id='word_1_340' title='bbox 2258 4232 2552 4306; x_wconf 88' lang='lat' dir='ltr'><strong>tempore</strong></span> <span class='ocrx_word' id='word_1_341' title='bbox 2598 4220 2762 4288; x_wconf 85' lang='lat' dir='ltr'><strong>Saul</strong></span> 
     </span>
     <span class='ocr_line' id='line_1_50' title="bbox 813 4307 2760 4405; baseline -0.008 -19"><span class='ocrx_word' id='word_1_342' title='bbox 813 4327 1004 4405; x_wconf 86' lang='lat' dir='ltr'><strong>pater</strong></span> <span class='ocrx_word' id='word_1_343' title='bbox 1024 4337 1305 4402; x_wconf 88' lang='lat' dir='ltr'><strong>regnum</strong></span> <span class='ocrx_word' id='word_1_344' title='bbox 1339 4311 1624 4386; x_wconf 87' lang='lat' dir='ltr'><strong>tenebat,</strong></span> <span class='ocrx_word' id='word_1_345' title='bbox 1664 4310 1942 4393; x_wconf 84' lang='lat' dir='ltr'><strong>fugitivo</strong></span> <span class='ocrx_word' id='word_1_346' title='bbox 1960 4320 2030 4375; x_wconf 91' lang='lat' dir='ltr'><strong>et</strong></span> <span class='ocrx_word' id='word_1_347' title='bbox 2064 4310 2303 4376; x_wconf 90' lang='lat' dir='ltr'><strong>misero</strong></span> <span class='ocrx_word' id='word_1_348' title='bbox 2347 4329 2488 4374; x_wconf 84' lang='lat' dir='ltr'><strong>sese</strong></span> <span class='ocrx_word' id='word_1_349' title='bbox 2545 4307 2760 4374; x_wconf 89' lang='lat' dir='ltr'><strong>subie-</strong></span> 
     </span>
     <span class='ocr_line' id='line_1_51' title="bbox 814 4395 2761 4485; baseline -0.007 -13"><span class='ocrx_word' id='word_1_350' title='bbox 814 4414 1013 4485; x_wconf 88' lang='lat' dir='ltr'><strong>cerat,</strong></span> <span class='ocrx_word' id='word_1_351' title='bbox 1074 4412 1142 4468; x_wconf 90' lang='lat' dir='ltr'><strong>et</strong></span> <span class='ocrx_word' id='word_1_352' title='bbox 1184 4401 1388 4467; x_wconf 87' lang='lat' dir='ltr'><strong>solius</strong></span> <span class='ocrx_word' id='word_1_353' title='bbox 1430 4395 1835 4464; x_wconf 83' lang='lat' dir='ltr'><strong>obedientiae</strong></span> <span class='ocrx_word' id='word_1_354' title='bbox 1879 4418 2036 4462; x_wconf 88' lang='lat' dir='ltr'><strong>suae</strong></span> <span class='ocrx_word' id='word_1_355' title='bbox 2088 4395 2378 4461; x_wconf 86' lang='lat' dir='ltr'><strong>fructum</strong></span> <span class='ocrx_word' id='word_1_356' title='bbox 2422 4404 2761 4477; x_wconf 85' lang='lat' dir='ltr'><strong>exspecta·</strong></span> 
     </span>
     <span class='ocr_line' id='line_1_52' title="bbox 815 4479 2763 4566; baseline -0.008 -8"><span class='ocrx_word' id='word_1_357' title='bbox 815 4490 973 4558; x_wconf 81' lang='lat' dir='ltr'><strong>bat?</strong></span> <span class='ocrx_word' id='word_1_358' title='bbox 1033 4488 1276 4556; x_wconf 88' lang='lat' dir='ltr'><strong>siccine</strong></span> <span class='ocrx_word' id='word_1_359' title='bbox 1317 4485 1508 4550; x_wconf 87' lang='lat' dir='ltr'><strong>illum</strong></span> <span class='ocrx_word' id='word_1_360' title='bbox 1551 4503 1668 4566; x_wconf 89' lang='lat' dir='ltr'><strong>spe</strong></span> <span class='ocrx_word' id='word_1_361' title='bbox 1711 4500 1832 4547; x_wconf 84' lang='lat' dir='ltr'><strong>sua</strong></span> <span class='ocrx_word' id='word_1_362' title='bbox 1874 4502 2015 4547; x_wconf 88' lang='lat' dir='ltr'><strong>esse</strong></span> <span class='ocrx_word' id='word_1_363' title='bbox 2057 4479 2491 4547; x_wconf 82' lang='lat' dir='ltr'><strong>frustratum?</strong></span> <span class='ocrx_word' id='word_1_364' title='bbox 2581 4479 2763 4546; x_wconf 81' lang='lat' dir='ltr'><strong>Sane</strong></span> 
     </span>
     <span class='ocr_line' id='line_1_53' title="bbox 815 4565 2758 4663; baseline -0.007 -20"><span class='ocrx_word' id='word_1_365' title='bbox 815 4572 1357 4663; x_wconf 88' lang='lat' dir='ltr'><strong>promissionibus</strong></span> <span class='ocrx_word' id='word_1_366' title='bbox 1437 4569 1678 4634; x_wconf 84' lang='lat' dir='ltr'><strong>divinis</strong></span> <span class='ocrx_word' id='word_1_367' title='bbox 1762 4568 1890 4633; x_wconf 81' lang='lat' dir='ltr'><strong>ista</strong></span> <span class='ocrx_word' id='word_1_368' title='bbox 1966 4588 2339 4652; x_wconf 88' lang='lat' dir='ltr'><strong>repugnare</strong></span> <span class='ocrx_word' id='word_1_369' title='bbox 2416 4565 2758 4632; x_wconf 82' lang='lat' dir='ltr'><strong>videntur:</strong></span> 
     </span>
     <span class='ocr_line' id='line_1_54' title="bbox 815 4652 2762 4740; baseline -0.007 -10"><span class='ocrx_word' id='word_1_370' title='bbox 815 4683 1067 4740; x_wconf 82' lang='lat' dir='ltr'><strong>verum,</strong></span> <span class='ocrx_word' id='word_1_371' title='bbox 1124 4667 1205 4725; x_wconf 90' lang='lat' dir='ltr'><strong>ut</strong></span> <span class='ocrx_word' id='word_1_372' title='bbox 1247 4667 1401 4723; x_wconf 88' lang='lat' dir='ltr'><strong>ante</strong></span> <span class='ocrx_word' id='word_1_373' title='bbox 1446 4655 1752 4734; x_wconf 72' lang='lat' dir='ltr'><strong>diximuS,</strong></span> <span class='ocrx_word' id='word_1_374' title='bbox 1810 4653 1963 4721; x_wconf 86' lang='lat' dir='ltr'><strong>licet</strong></span> <span class='ocrx_word' id='word_1_375' title='bbox 2006 4652 2335 4719; x_wconf 91' lang='lat' dir='ltr'><strong>Dominus</strong></span> <span class='ocrx_word' id='word_1_376' title='bbox 2362 4734 2367 4739; x_wconf 11' lang='grc' dir='ltr'><strong><em>ἡ</em></strong></span> <span class='ocrx_word' id='word_1_377' title='bbox 2390 4672 2543 4718; x_wconf 88' lang='lat' dir='ltr'><strong>suos</strong></span> <span class='ocrx_word' id='word_1_378' title='bbox 2585 4652 2762 4716; x_wconf 88' lang='lat' dir='ltr'><strong>iusto</strong></span> 
     </span>
     <span class='ocr_line' id='line_1_55' title="bbox 815 4738 2761 4824; baseline -0.007 -10"><span class='ocrx_word' id='word_1_379' title='bbox 815 4748 1059 4814; x_wconf 90' lang='lat' dir='ltr'><strong>iudicio</strong></span> <span class='ocrx_word' id='word_1_380' title='bbox 1100 4746 1273 4811; x_wconf 88' lang='lat' dir='ltr'><strong>mori</strong></span> <span class='ocrx_word' id='word_1_381' title='bbox 1319 4742 1499 4822; x_wconf 83' lang='lat' dir='ltr'><strong>velit,</strong></span> <span class='ocrx_word' id='word_1_382' title='bbox 1556 4739 1986 4805; x_wconf 89' lang='lat' dir='ltr'><strong>nihilominus</strong></span> <span class='ocrx_word' id='word_1_383' title='bbox 2029 4761 2100 4804; x_wconf 90' lang='lat' dir='ltr'><strong>se</strong></span> <span class='ocrx_word' id='word_1_384' title='bbox 2144 4759 2300 4824; x_wconf 86' lang='lat' dir='ltr'><strong>erga</strong></span> <span class='ocrx_word' id='word_1_385' title='bbox 2343 4738 2521 4823; x_wconf 90' lang='lat' dir='ltr'><strong>ipsos</strong></span> <span class='ocrx_word' id='word_1_386' title='bbox 2564 4738 2761 4802; x_wconf 89' lang='lat' dir='ltr'><strong>mise-</strong></span> 
     </span>
     <span class='ocr_line' id='line_1_56' title="bbox 815 4825 2767 4907; baseline -0.006 -8"><span class='ocrx_word' id='word_1_387' title='bbox 815 4833 1139 4901; x_wconf 90' lang='lat' dir='ltr'><strong>ricordem</strong></span> <span class='ocrx_word' id='word_1_388' title='bbox 1182 4827 1466 4895; x_wconf 86' lang='lat' dir='ltr'><strong>exhibet.</strong></span> <span class='ocrx_word' id='word_1_389' title='bbox 1511 4827 1697 4893; x_wconf 91' lang='lat' dir='ltr'><strong>Deus</strong></span> <span class='ocrx_word' id='word_1_390' title='bbox 1734 4826 1911 4891; x_wconf 91' lang='lat' dir='ltr'><strong>enim</strong></span> <span class='ocrx_word' id='word_1_391' title='bbox 1933 4826 2133 4891; x_wconf 88' lang='lat' dir='ltr'><strong>habet</strong></span> <span class='ocrx_word' id='word_1_392' title='bbox 2176 4825 2350 4891; x_wconf 89' lang='lat' dir='ltr'><strong>unde</strong></span> <span class='ocrx_word' id='word_1_393' title='bbox 2391 4830 2767 4907; x_wconf 88' lang='lat' dir='ltr'><strong>compenset</strong></span> 
     </span>
     <span class='ocr_line' id='line_1_57' title="bbox 817 4910 2763 5002; baseline -0.007 -15"><span class='ocrx_word' id='word_1_394' title='bbox 817 4943 945 5000; x_wconf 90' lang='lat' dir='ltr'><strong>eos,</strong></span> <span class='ocrx_word' id='word_1_395' title='bbox 1006 4918 1120 5002; x_wconf 90' lang='lat' dir='ltr'><strong>qui</strong></span> <span class='ocrx_word' id='word_1_396' title='bbox 1176 4937 1359 4998; x_wconf 91' lang='lat' dir='ltr'><strong>spem</strong></span> <span class='ocrx_word' id='word_1_397' title='bbox 1402 4915 1475 4979; x_wconf 92' lang='lat' dir='ltr'><strong>in</strong></span> <span class='ocrx_word' id='word_1_398' title='bbox 1532 4914 1676 4997; x_wconf 90' lang='lat' dir='ltr'><strong>ipso</strong></span> <span class='ocrx_word' id='word_1_399' title='bbox 1719 4934 1906 4978; x_wconf 90' lang='lat' dir='ltr'><strong>suam</strong></span> <span class='ocrx_word' id='word_1_400' title='bbox 1950 4920 2401 4995; x_wconf 88' lang='lat' dir='ltr'><strong>reposuerunt,</strong></span> <span class='ocrx_word' id='word_1_401' title='bbox 2461 4912 2663 4976; x_wconf 90' lang='lat' dir='ltr'><strong>etiam</strong></span> <span class='ocrx_word' id='word_1_402' title='bbox 2707 4910 2763 4975; x_wconf 91' lang='lat' dir='ltr'><strong>si</strong></span> 
     </span>
     <span class='ocr_line' id='line_1_58' title="bbox 817 4995 2763 5084; baseline -0.007 -12"><span class='ocrx_word' id='word_1_403' title='bbox 817 5028 899 5072; x_wconf 84' lang='lat' dir='ltr'><strong>ex</strong></span> <span class='ocrx_word' id='word_1_404' title='bbox 942 5007 1068 5071; x_wconf 91' lang='lat' dir='ltr'><strong>hoc</strong></span> <span class='ocrx_word' id='word_1_405' title='bbox 1110 5001 1358 5067; x_wconf 91' lang='lat' dir='ltr'><strong>mundo</strong></span> <span class='ocrx_word' id='word_1_406' title='bbox 1392 5001 1568 5084; x_wconf 89' lang='lat' dir='ltr'><strong>ipsos</strong></span> <span class='ocrx_word' id='word_1_407' title='bbox 1612 4999 1866 5082; x_wconf 86' lang='lat' dir='ltr'><strong>eripiat.</strong></span> <span class='ocrx_word' id='word_1_408' title='bbox 1913 4998 2055 5064; x_wconf 88' lang='lat' dir='ltr'><strong>Nae</strong></span> <span class='ocrx_word' id='word_1_409' title='bbox 2091 4999 2143 5064; x_wconf 89' lang='lat' dir='ltr'><strong>si</strong></span> <span class='ocrx_word' id='word_1_410' title='bbox 2183 5018 2515 5063; x_wconf 90' lang='lat' dir='ltr'><strong>summum</strong></span> <span class='ocrx_word' id='word_1_411' title='bbox 2549 4995 2763 5060; x_wconf 92' lang='lat' dir='ltr'><strong>homi-</strong></span> 
     </span>
     <span class='ocr_line' id='line_1_59' title="bbox 816 5084 2765 5163; baseline -0.006 -6"><span class='ocrx_word' id='word_1_412' title='bbox 816 5093 920 5157; x_wconf 86' lang='lat' dir='ltr'><strong>nis</strong></span> <span class='ocrx_word' id='word_1_413' title='bbox 975 5090 1222 5156; x_wconf 88' lang='lat' dir='ltr'><strong>bonum</strong></span> <span class='ocrx_word' id='word_1_414' title='bbox 1279 5088 1348 5152; x_wconf 91' lang='lat' dir='ltr'><strong>in</strong></span> <span class='ocrx_word' id='word_1_415' title='bbox 1395 5084 1658 5153; x_wconf 86' lang='lat' dir='ltr'><strong>caducis</strong></span> <span class='ocrx_word' id='word_1_416' title='bbox 1714 5085 1857 5151; x_wconf 89' lang='lat' dir='ltr'><strong>istis</strong></span> <span class='ocrx_word' id='word_1_417' title='bbox 1902 5085 2096 5151; x_wconf 88' lang='lat' dir='ltr'><strong>rebus</strong></span> <span class='ocrx_word' id='word_1_418' title='bbox 2138 5084 2543 5163; x_wconf 88' lang='lat' dir='ltr'><strong>consisteret,</strong></span> <span class='ocrx_word' id='word_1_419' title='bbox 2586 5101 2765 5146; x_wconf 90' lang='lat' dir='ltr'><strong>mors</strong></span> 
     </span>
    </p>
   </div>
   <div class='ocr_carea' id='block_1_8' title="bbox 817 5213 1227 5225">
    <p class='ocr_par' dir='ltr' id='par_1_9' title="bbox 817 5213 1227 5225">
     <span class='ocr_line' id='line_1_60' title="bbox 817 5213 1227 5225; baseline 0 834"><span class='ocrx_word' id='word_1_420' title='bbox 817 5213 1227 5225; x_wconf 95' lang='lat' dir='ltr'><strong> </strong></span> 
     </span>
    </p>
   </div>
   <div class='ocr_carea' id='block_1_9' title="bbox 990 5274 1383 5345">
    <p class='ocr_par' dir='ltr' id='par_1_10' title="bbox 990 5274 1383 5345">
     <span class='ocr_line' id='line_1_61' title="bbox 990 5274 1383 5345; baseline -0.008 -14"><span class='ocrx_word' id='word_1_421' title='bbox 990 5278 1048 5345; x_wconf 77' lang='lat'>⁸⁸¹)</span> <span class='ocrx_word' id='word_1_422' title='bbox 1085 5274 1228 5345; x_wconf 72' lang='lat' dir='ltr'><strong>Leye</strong></span> <span class='ocrx_word' id='word_1_423' title='bbox 1240 5298 1256 5326; x_wconf 83' lang='grc'><strong>.·</strong></span> <span class='ocrx_word' id='word_1_424' title='bbox 1291 5274 1383 5329; x_wconf 76' lang='lat' dir='ltr'><strong>ait.</strong></span> 
     </span>
    </p>
   </div>
   <div class='ocr_carea' id='block_1_10' title="bbox 2860 787 4810 5335">
    <p class='ocr_par' dir='ltr' id='par_1_11' title="bbox 2860 787 4810 5335">
     <span class='ocr_line' id='line_1_62' title="bbox 2861 787 4800 870; baseline -0.002 -18"><span class='ocrx_word' id='word_1_425' title='bbox 2861 789 3046 865; x_wconf 89' lang='lat' dir='ltr'><strong>mori,</strong></span> <span class='ocrx_word' id='word_1_426' title='bbox 3092 788 3375 853; x_wconf 88' lang='lat' dir='ltr'><strong>sciamus</strong></span> <span class='ocrx_word' id='word_1_427' title='bbox 3418 788 3634 853; x_wconf 88' lang='lat' dir='ltr'><strong>Deum</strong></span> <span class='ocrx_word' id='word_1_428' title='bbox 3694 789 3853 870; x_wconf 90' lang='lat' dir='ltr'><strong>ipsis</strong></span> <span class='ocrx_word' id='word_1_429' title='bbox 3896 789 3966 850; x_wconf 92' lang='lat' dir='ltr'><strong>in</strong></span> <span class='ocrx_word' id='word_1_430' title='bbox 4009 787 4203 853; x_wconf 90' lang='lat' dir='ltr'><strong>coelis</strong></span> <span class='ocrx_word' id='word_1_431' title='bbox 4249 796 4318 852; x_wconf 90' lang='lat' dir='ltr'><strong>et</strong></span> <span class='ocrx_word' id='word_1_432' title='bbox 4359 788 4504 853; x_wconf 84' lang='lat' dir='ltr'><strong>vita</strong></span> <span class='ocrx_word' id='word_1_433' title='bbox 4550 796 4800 850; x_wconf 74' lang='lat' dir='ltr'><strong>aeterua</strong></span> 
     </span>
     <span class='ocr_line' id='line_1_63' title="bbox 2861 873 4801 955; baseline -0.002 -18"><span class='ocrx_word' id='word_1_434' title='bbox 2861 874 3237 939; x_wconf 81' lang='lat' dir='ltr'><strong>felicitatem</strong></span> <span class='ocrx_word' id='word_1_435' title='bbox 3297 874 3476 937; x_wconf 91' lang='lat' dir='ltr'><strong>illam</strong></span> <span class='ocrx_word' id='word_1_436' title='bbox 3538 894 3818 951; x_wconf 88' lang='lat' dir='ltr'><strong>servare,</strong></span> <span class='ocrx_word' id='word_1_437' title='bbox 3894 893 4026 955; x_wconf 84' lang='lat' dir='ltr'><strong>qua</strong></span> <span class='ocrx_word' id='word_1_438' title='bbox 4090 873 4158 937; x_wconf 91' lang='lat' dir='ltr'><strong>in</strong></span> <span class='ocrx_word' id='word_1_439' title='bbox 4227 874 4423 939; x_wconf 86' lang='lat' dir='ltr'><strong>terris</strong></span> <span class='ocrx_word' id='word_1_440' title='bbox 4489 873 4622 937; x_wconf 85' lang='lat' dir='ltr'><strong>frui</strong></span> <span class='ocrx_word' id='word_1_441' title='bbox 4685 893 4801 935; x_wconf 86' lang='lat' dir='ltr'><strong>non</strong></span> 
     </span>
     <span class='ocr_line' id='line_1_64' title="bbox 2863 958 4801 1043; baseline -0.002 -19"><span class='ocrx_word' id='word_1_442' title='bbox 2863 970 3154 1043; x_wconf 88' lang='lat' dir='ltr'><strong>possunt,</strong></span> <span class='ocrx_word' id='word_1_443' title='bbox 3199 981 3322 1024; x_wconf 92' lang='lat' dir='ltr'><strong>nec</strong></span> <span class='ocrx_word' id='word_1_444' title='bbox 3367 981 3406 1023; x_wconf 86' lang='lat' dir='ltr'><strong>a</strong></span> <span class='ocrx_word' id='word_1_445' title='bbox 3453 960 3594 1022; x_wconf 91' lang='lat' dir='ltr'><strong>Deo</strong></span> <span class='ocrx_word' id='word_1_446' title='bbox 3637 960 3943 1041; x_wconf 89' lang='lat' dir='ltr'><strong>accipere.</strong></span> <span class='ocrx_word' id='word_1_447' title='bbox 4036 958 4358 1041; x_wconf 88' lang='lat' dir='ltr'><strong>Equidem</strong></span> <span class='ocrx_word' id='word_1_448' title='bbox 4406 980 4542 1022; x_wconf 89' lang='lat' dir='ltr'><strong>non</strong></span> <span class='ocrx_word' id='word_1_449' title='bbox 4586 958 4801 1041; x_wconf 85' lang='lat' dir='ltr'><strong>ignoro</strong></span> 
     </span>
     <span class='ocr_line' id='line_1_65' title="bbox 2863 1043 4802 1128; baseline -0.002 -18"><span class='ocrx_word' id='word_1_450' title='bbox 2863 1047 3168 1127; x_wconf 83' lang='lat' dir='ltr'><strong>profanos</strong></span> <span class='ocrx_word' id='word_1_451' title='bbox 3205 1046 3505 1110; x_wconf 86' lang='lat' dir='ltr'><strong>homines</strong></span> <span class='ocrx_word' id='word_1_452' title='bbox 3541 1045 3687 1107; x_wconf 89' lang='lat' dir='ltr'><strong>istis</strong></span> <span class='ocrx_word' id='word_1_453' title='bbox 3730 1046 3926 1110; x_wconf 90' lang='lat' dir='ltr'><strong>rebus</strong></span> <span class='ocrx_word' id='word_1_454' title='bbox 3970 1043 4234 1128; x_wconf 86' lang='lat' dir='ltr'><strong>offendi,</strong></span> <span class='ocrx_word' id='word_1_455' title='bbox 4280 1056 4349 1109; x_wconf 87' lang='lat' dir='ltr'><strong>et</strong></span> <span class='ocrx_word' id='word_1_456' title='bbox 4386 1044 4802 1109; x_wconf 75' lang='lat' dir='ltr'><strong>vehementer</strong></span> 
     </span>
     <span class='ocr_line' id='line_1_66' title="bbox 2862 1128 4800 1214; baseline 0.001 -19"><span class='ocrx_word' id='word_1_457' title='bbox 2862 1132 3210 1214; x_wconf 88' lang='lat' dir='ltr'><strong>indignari,</strong></span> <span class='ocrx_word' id='word_1_458' title='bbox 3279 1151 3352 1194; x_wconf 90' lang='lat' dir='ltr'><strong>ac</strong></span> <span class='ocrx_word' id='word_1_459' title='bbox 3413 1131 3620 1194; x_wconf 87' lang='lat' dir='ltr'><strong>veluti</strong></span> <span class='ocrx_word' id='word_1_460' title='bbox 3677 1150 3824 1195; x_wconf 91' lang='lat' dir='ltr'><strong>cum</strong></span> <span class='ocrx_word' id='word_1_461' title='bbox 3883 1129 4029 1194; x_wconf 92' lang='lat' dir='ltr'><strong>Deo</strong></span> <span class='ocrx_word' id='word_1_462' title='bbox 4096 1131 4240 1196; x_wconf 89' lang='lat' dir='ltr'><strong>istis</strong></span> <span class='ocrx_word' id='word_1_463' title='bbox 4300 1128 4524 1197; x_wconf 78' lang='lat' dir='ltr'><strong>verbis</strong></span> <span class='ocrx_word' id='word_1_464' title='bbox 4581 1130 4800 1197; x_wconf 85' lang='lat' dir='ltr'><strong>rixari:</strong></span> 
     </span>
     <span class='ocr_line' id='line_1_67' title="bbox 2863 1215 4802 1301; baseline -0.002 -19"><span class='ocrx_word' id='word_1_465' title='bbox 2863 1218 3128 1301; x_wconf 84' lang='lat' dir='ltr'><strong>Ergone</strong></span> <span class='ocrx_word' id='word_1_466' title='bbox 3207 1218 3485 1281; x_wconf 85' lang='lat' dir='ltr'><strong>moritur</strong></span> <span class='ocrx_word' id='word_1_467' title='bbox 3565 1217 3880 1281; x_wconf 91' lang='lat' dir='ltr'><strong>innocens</strong></span> <span class='ocrx_word' id='word_1_468' title='bbox 3961 1216 4391 1296; x_wconf 88' lang='lat' dir='ltr'><strong>Ionathanus,</strong></span> <span class='ocrx_word' id='word_1_469' title='bbox 4475 1215 4594 1297; x_wconf 88' lang='lat' dir='ltr'><strong>qui</strong></span> <span class='ocrx_word' id='word_1_470' title='bbox 4669 1236 4802 1280; x_wconf 87' lang='lat' dir='ltr'><strong>eum</strong></span> 
     </span>
     <span class='ocr_line' id='line_1_68' title="bbox 2861 1300 4805 1384; baseline -0.001 -18"><span class='ocrx_word' id='word_1_471' title='bbox 2861 1302 3123 1368; x_wconf 86' lang='lat' dir='ltr'><strong>Davide</strong></span> <span class='ocrx_word' id='word_1_472' title='bbox 3182 1300 3405 1367; x_wconf 87' lang='lat' dir='ltr'><strong>foedus</strong></span> <span class='ocrx_word' id='word_1_473' title='bbox 3463 1310 3901 1375; x_wconf 83' lang='lat' dir='ltr'><strong>contraxerat,</strong></span> <span class='ocrx_word' id='word_1_474' title='bbox 3967 1323 4240 1384; x_wconf 88' lang='lat' dir='ltr'><strong>sperans</strong></span> <span class='ocrx_word' id='word_1_475' title='bbox 4306 1324 4378 1367; x_wconf 92' lang='lat' dir='ltr'><strong>se</strong></span> <span class='ocrx_word' id='word_1_476' title='bbox 4439 1302 4805 1366; x_wconf 85' lang='lat' dir='ltr'><strong>humaniter</strong></span> 
     </span>
     <span class='ocr_line' id='line_1_69' title="bbox 2862 1388 4803 1472; baseline -0.001 -19"><span class='ocrx_word' id='word_1_477' title='bbox 2862 1402 2928 1453; x_wconf 90' lang='lat' dir='ltr'><strong>et</strong></span> <span class='ocrx_word' id='word_1_478' title='bbox 2984 1388 3266 1472; x_wconf 87' lang='lat' dir='ltr'><strong>benigne</strong></span> <span class='ocrx_word' id='word_1_479' title='bbox 3326 1388 3408 1452; x_wconf 89' lang='lat' dir='ltr'><strong>ab</strong></span> <span class='ocrx_word' id='word_1_480' title='bbox 3465 1389 3610 1469; x_wconf 91' lang='lat' dir='ltr'><strong>ipso</strong></span> <span class='ocrx_word' id='word_1_481' title='bbox 3665 1389 3917 1469; x_wconf 86' lang='lat' dir='ltr'><strong>regiam</strong></span> <span class='ocrx_word' id='word_1_482' title='bbox 3979 1388 4370 1472; x_wconf 86' lang='lat' dir='ltr'><strong>dignitatem</strong></span> <span class='ocrx_word' id='word_1_483' title='bbox 4414 1397 4803 1468; x_wconf 72' lang='lat' dir='ltr'><strong>consequuta</strong></span> 
     </span>
     <span class='ocr_line' id='line_1_70' title="bbox 2862 1471 4801 1555; baseline -0.002 -17"><span class='ocrx_word' id='word_1_484' title='bbox 2862 1483 3214 1539; x_wconf 87' lang='lat' dir='ltr'><strong>tractat-um</strong></span> <span class='ocrx_word' id='word_1_485' title='bbox 3262 1473 3389 1538; x_wconf 81' lang='lat' dir='ltr'><strong>iri?</strong></span> <span class='ocrx_word' id='word_1_486' title='bbox 3482 1473 3656 1553; x_wconf 82' lang='lat' dir='ltr'><strong>Quid</strong></span> <span class='ocrx_word' id='word_1_487' title='bbox 3720 1473 3896 1537; x_wconf 90' lang='lat' dir='ltr'><strong>enim</strong></span> <span class='ocrx_word' id='word_1_488' title='bbox 3956 1474 4090 1538; x_wconf 88' lang='lat' dir='ltr'><strong>iam</strong></span> <span class='ocrx_word' id='word_1_489' title='bbox 4149 1485 4407 1538; x_wconf 86' lang='lat' dir='ltr'><strong>mortuo</strong></span> <span class='ocrx_word' id='word_1_490' title='bbox 4465 1471 4801 1555; x_wconf 75' lang='lat' dir='ltr'><strong>superest?</strong></span> 
     </span>
     <span class='ocr_line' id='line_1_71' title="bbox 2865 1558 4804 1641; baseline 0.003 -22"><span class='ocrx_word' id='word_1_491' title='bbox 2865 1560 3453 1624; x_wconf 81' lang='lat' dir='ltr'><strong>Verumenimvero</strong></span> <span class='ocrx_word' id='word_1_492' title='bbox 3533 1581 3572 1623; x_wconf 87' lang='lat' dir='ltr'><strong>a</strong></span> <span class='ocrx_word' id='word_1_493' title='bbox 3649 1559 4067 1641; x_wconf 86' lang='lat' dir='ltr'><strong>profanorum</strong></span> <span class='ocrx_word' id='word_1_494' title='bbox 4149 1559 4498 1623; x_wconf 88' lang='lat' dir='ltr'><strong>hominum</strong></span> <span class='ocrx_word' id='word_1_495' title='bbox 4575 1558 4804 1624; x_wconf 76' lang='lat' dir='ltr'><strong>talibus</strong></span> 
     </span>
     <span class='ocr_line' id='line_1_72' title="bbox 2860 1644 4804 1722; baseline -0.002 -11"><span class='ocrx_word' id='word_1_496' title='bbox 2860 1646 3130 1711; x_wconf 81' lang='lat' dir='ltr'><strong>vocibus</strong></span> <span class='ocrx_word' id='word_1_497' title='bbox 3209 1644 3561 1710; x_wconf 89' lang='lat' dir='ltr'><strong>abhorrere</strong></span> <span class='ocrx_word' id='word_1_498' title='bbox 3641 1652 3777 1710; x_wconf 87' lang='lat' dir='ltr'><strong>toto</strong></span> <span class='ocrx_word' id='word_1_499' title='bbox 3843 1645 4062 1710; x_wconf 86' lang='lat' dir='ltr'><strong>animo</strong></span> <span class='ocrx_word' id='word_1_500' title='bbox 4139 1645 4473 1722; x_wconf 88' lang='lat' dir='ltr'><strong>debemus,</strong></span> <span class='ocrx_word' id='word_1_501' title='bbox 4555 1655 4628 1708; x_wconf 83' lang='lat' dir='ltr'><strong>et</strong></span> <span class='ocrx_word' id='word_1_502' title='bbox 4689 1665 4804 1708; x_wconf 84' lang='lat' dir='ltr'><strong>non</strong></span> 
     </span>
     <span class='ocr_line' id='line_1_73' title="bbox 2861 1729 4808 1796; baseline -0.001 0"><span class='ocrx_word' id='word_1_503' title='bbox 2861 1730 3053 1796; x_wconf 90' lang='lat' dir='ltr'><strong>modo</strong></span> <span class='ocrx_word' id='word_1_504' title='bbox 3140 1752 3271 1796; x_wconf 92' lang='lat' dir='ltr'><strong>non</strong></span> <span class='ocrx_word' id='word_1_505' title='bbox 3337 1730 3581 1794; x_wconf 84' lang='lat' dir='ltr'><strong>offendi</strong></span> <span class='ocrx_word' id='word_1_506' title='bbox 3646 1729 3996 1796; x_wconf 90' lang='lat' dir='ltr'><strong>Ionathani</strong></span> <span class='ocrx_word' id='word_1_507' title='bbox 4077 1739 4319 1796; x_wconf 86' lang='lat' dir='ltr'><strong>morte:</strong></span> <span class='ocrx_word' id='word_1_508' title='bbox 4404 1729 4523 1795; x_wconf 86' lang='lat' dir='ltr'><strong>sed</strong></span> <span class='ocrx_word' id='word_1_509' title='bbox 4591 1752 4680 1793; x_wconf 87' lang='lat' dir='ltr'><strong>ex</strong></span> <span class='ocrx_word' id='word_1_510' title='bbox 4741 1752 4808 1794; x_wconf 75' lang='lat' dir='ltr'><strong>ea</strong></span> 
     </span>
     <span class='ocr_line' id='line_1_74' title="bbox 2861 1816 4807 1900; baseline -0.001 -19"><span class='ocrx_word' id='word_1_511' title='bbox 2861 1817 3079 1900; x_wconf 87' lang='lat' dir='ltr'><strong>potius</strong></span> <span class='ocrx_word' id='word_1_512' title='bbox 3139 1818 3572 1881; x_wconf 88' lang='lat' dir='ltr'><strong>certissimam</strong></span> <span class='ocrx_word' id='word_1_513' title='bbox 3630 1825 3934 1881; x_wconf 87' lang='lat' dir='ltr'><strong>aeternae</strong></span> <span class='ocrx_word' id='word_1_514' title='bbox 4004 1818 4178 1881; x_wconf 87' lang='lat' dir='ltr'><strong>vitae</strong></span> <span class='ocrx_word' id='word_1_515' title='bbox 4246 1816 4807 1881; x_wconf 86' lang='lat' dir='ltr'><strong>confirmationem</strong></span> 
     </span>
     <span class='ocr_line' id='line_1_75' title="bbox 2862 1903 4809 1985; baseline -0.001 -18"><span class='ocrx_word' id='word_1_516' title='bbox 2862 1903 3186 1985; x_wconf 87' lang='lat' dir='ltr'><strong>accipere:</strong></span> <span class='ocrx_word' id='word_1_517' title='bbox 3232 1913 3300 1968; x_wconf 90' lang='lat' dir='ltr'><strong>et</strong></span> <span class='ocrx_word' id='word_1_518' title='bbox 3333 1923 3535 1985; x_wconf 89' lang='lat' dir='ltr'><strong>quum</strong></span> <span class='ocrx_word' id='word_1_519' title='bbox 3576 1921 3760 1985; x_wconf 89' lang='lat' dir='ltr'><strong>spem</strong></span> <span class='ocrx_word' id='word_1_520' title='bbox 3798 1905 3865 1965; x_wconf 90' lang='lat' dir='ltr'><strong>in</strong></span> <span class='ocrx_word' id='word_1_521' title='bbox 3895 1903 4115 1967; x_wconf 90' lang='lat' dir='ltr'><strong>Deum</strong></span> <span class='ocrx_word' id='word_1_522' title='bbox 4153 1923 4472 1985; x_wconf 90' lang='lat' dir='ltr'><strong>reponere</strong></span> <span class='ocrx_word' id='word_1_523' title='bbox 4511 1903 4809 1966; x_wconf 84' lang='lat' dir='ltr'><strong>doeemur</strong></span> 
     </span>
     <span class='ocr_line' id='line_1_76' title="bbox 2861 1986 4808 2072; baseline 0 -19"><span class='ocrx_word' id='word_1_524' title='bbox 2861 1989 3082 2055; x_wconf 90' lang='lat' dir='ltr'><strong>oculos</strong></span> <span class='ocrx_word' id='word_1_525' title='bbox 3162 1989 3289 2054; x_wconf 85' lang='lat' dir='ltr'><strong>alio</strong></span> <span class='ocrx_word' id='word_1_526' title='bbox 3369 2009 3564 2072; x_wconf 90' lang='lat' dir='ltr'><strong>quam</strong></span> <span class='ocrx_word' id='word_1_527' title='bbox 3631 1989 3698 2052; x_wconf 91' lang='lat' dir='ltr'><strong>iu</strong></span> <span class='ocrx_word' id='word_1_528' title='bbox 3781 1988 3958 2053; x_wconf 90' lang='lat' dir='ltr'><strong>hunc</strong></span> <span class='ocrx_word' id='word_1_529' title='bbox 4023 1986 4345 2053; x_wconf 89' lang='lat' dir='ltr'><strong>mundum</strong></span> <span class='ocrx_word' id='word_1_530' title='bbox 4411 2000 4808 2053; x_wconf 76' lang='lat' dir='ltr'><strong>convertere.</strong></span> 
     </span>
     <span class='ocr_line' id='line_1_77' title="bbox 2862 2072 4810 2155; baseline 0.001 -17"><span class='ocrx_word' id='word_1_531' title='bbox 2862 2074 3039 2155; x_wconf 79' lang='lat' dir='ltr'><strong>Quid</strong></span> <span class='ocrx_word' id='word_1_532' title='bbox 3099 2076 3193 2139; x_wconf 91' lang='lat' dir='ltr'><strong>ita</strong></span> <span class='ocrx_word' id='word_1_533' title='bbox 3247 2072 3453 2140; x_wconf 81' lang='lat' dir='ltr'><strong>vero?</strong></span> <span class='ocrx_word' id='word_1_534' title='bbox 3513 2073 3870 2138; x_wconf 85' lang='lat' dir='ltr'><strong>Ionathani</strong></span> <span class='ocrx_word' id='word_1_535' title='bbox 3911 2096 4093 2139; x_wconf 88' lang='lat' dir='ltr'><strong>mors</strong></span> <span class='ocrx_word' id='word_1_536' title='bbox 4133 2076 4311 2141; x_wconf 78' lang='lat' dir='ltr'><strong>vitae</strong></span> <span class='ocrx_word' id='word_1_537' title='bbox 4356 2074 4660 2140; x_wconf 88' lang='lat' dir='ltr'><strong>melioris</strong></span> <span class='ocrx_word' id='word_1_538' title='bbox 4721 2088 4810 2139; x_wconf 78' lang='lat' dir='ltr'><strong>est</strong></span> 
     </span>
     <span class='ocr_line' id='line_1_78' title="bbox 2862 2158 4808 2244; baseline -0.001 -20"><span class='ocrx_word' id='word_1_539' title='bbox 2862 2159 3052 2226; x_wconf 88' lang='lat' dir='ltr'><strong>nobis</strong></span> <span class='ocrx_word' id='word_1_540' title='bbox 3097 2159 3594 2225; x_wconf 78' lang='lat' dir='ltr'><strong>testimonium?</strong></span> <span class='ocrx_word' id='word_1_541' title='bbox 3685 2159 3939 2244; x_wconf 89' lang='lat' dir='ltr'><strong>Nempe</strong></span> <span class='ocrx_word' id='word_1_542' title='bbox 3995 2158 4171 2244; x_wconf 85' lang='lat' dir='ltr'><strong>quod</strong></span> <span class='ocrx_word' id='word_1_543' title='bbox 4214 2182 4346 2227; x_wconf 92' lang='lat' dir='ltr'><strong>non</strong></span> <span class='ocrx_word' id='word_1_544' title='bbox 4393 2161 4488 2226; x_wconf 85' lang='lat' dir='ltr'><strong>sit</strong></span> <span class='ocrx_word' id='word_1_545' title='bbox 4530 2161 4808 2225; x_wconf 76' lang='lat' dir='ltr'><strong>iniustus</strong></span> 
     </span>
     <span class='ocr_line' id='line_1_79' title="bbox 2860 2245 4808 2329; baseline -0.001 -18"><span class='ocrx_word' id='word_1_546' title='bbox 2860 2247 3063 2325; x_wconf 91' lang='lat' dir='ltr'><strong>Deus,</strong></span> <span class='ocrx_word' id='word_1_547' title='bbox 3110 2257 3188 2311; x_wconf 90' lang='lat' dir='ltr'><strong>ut</strong></span> <span class='ocrx_word' id='word_1_548' title='bbox 3228 2245 3424 2311; x_wconf 88' lang='lat' dir='ltr'><strong>fidem</strong></span> <span class='ocrx_word' id='word_1_549' title='bbox 3473 2247 3756 2329; x_wconf 85' lang='lat' dir='ltr'><strong>frangat,</strong></span> <span class='ocrx_word' id='word_1_550' title='bbox 3800 2259 3866 2310; x_wconf 92' lang='lat' dir='ltr'><strong>et</strong></span> <span class='ocrx_word' id='word_1_551' title='bbox 3909 2267 4178 2311; x_wconf 90' lang='lat' dir='ltr'><strong>suorum</strong></span> <span class='ocrx_word' id='word_1_552' title='bbox 4220 2246 4622 2329; x_wconf 80' lang='lat' dir='ltr'><strong>patientiam</strong></span> <span class='ocrx_word' id='word_1_553' title='bbox 4661 2246 4808 2310; x_wconf 86' lang='lat' dir='ltr'><strong>obli·</strong></span> 
     </span>
     <span class='ocr_line' id='line_1_80' title="bbox 2862 2331 4806 2414; baseline -0.002 -17"><span class='ocrx_word' id='word_1_554' title='bbox 2862 2332 3047 2397; x_wconf 81' lang='lat' dir='ltr'><strong>vioni</strong></span> <span class='ocrx_word' id='word_1_555' title='bbox 3111 2333 3345 2411; x_wconf 87' lang='lat' dir='ltr'><strong>tradat,</strong></span> <span class='ocrx_word' id='word_1_556' title='bbox 3411 2331 3606 2396; x_wconf 87' lang='lat' dir='ltr'><strong>sicuti</strong></span> <span class='ocrx_word' id='word_1_557' title='bbox 3664 2331 3852 2397; x_wconf 88' lang='lat' dir='ltr'><strong>docet</strong></span> <span class='ocrx_word' id='word_1_558' title='bbox 3916 2332 4269 2414; x_wconf 88' lang='lat' dir='ltr'><strong>apostolus.</strong></span> <span class='ocrx_word' id='word_1_559' title='bbox 4376 2333 4478 2395; x_wconf 81' lang='lat' dir='ltr'><strong>Ac</strong></span> <span class='ocrx_word' id='word_1_560' title='bbox 4542 2331 4806 2413; x_wconf 77' lang='lat' dir='ltr'><strong>preinde</strong></span> 
     </span>
     <span class='ocr_line' id='line_1_81' title="bbox 2862 2416 4805 2484; baseline -0.001 -1"><span class='ocrx_word' id='word_1_561' title='bbox 2862 2428 3039 2483; x_wconf 89' lang='lat' dir='ltr'><strong>certo</strong></span> <span class='ocrx_word' id='word_1_562' title='bbox 3099 2417 3515 2484; x_wconf 87' lang='lat' dir='ltr'><strong>statuendum</strong></span> <span class='ocrx_word' id='word_1_563' title='bbox 3581 2426 3681 2482; x_wconf 89' lang='lat' dir='ltr'><strong>est</strong></span> <span class='ocrx_word' id='word_1_564' title='bbox 3737 2416 4176 2482; x_wconf 86' lang='lat' dir='ltr'><strong>Ionathauem</strong></span> <span class='ocrx_word' id='word_1_565' title='bbox 4241 2418 4520 2481; x_wconf 90' lang='lat' dir='ltr'><strong>minime</strong></span> <span class='ocrx_word' id='word_1_566' title='bbox 4585 2416 4805 2481; x_wconf 72' lang='lat' dir='ltr'><strong>lusisse</strong></span> 
     </span>
     <span class='ocr_line' id='line_1_82' title="bbox 2861 2501 4804 2586; baseline -0.001 -18"><span class='ocrx_word' id='word_1_567' title='bbox 2861 2524 3150 2586; x_wconf 86' lang='lat' dir='ltr'><strong>operam,</strong></span> <span class='ocrx_word' id='word_1_568' title='bbox 3196 2502 3459 2586; x_wconf 87' lang='lat' dir='ltr'><strong>quando</strong></span> <span class='ocrx_word' id='word_1_569' title='bbox 3501 2502 3750 2566; x_wconf 87' lang='lat' dir='ltr'><strong>Davidi</strong></span> <span class='ocrx_word' id='word_1_570' title='bbox 3808 2501 3977 2568; x_wconf 87' lang='lat' dir='ltr'><strong>fidus</strong></span> <span class='ocrx_word' id='word_1_571' title='bbox 4030 2503 4281 2568; x_wconf 88' lang='lat' dir='ltr'><strong>amicus</strong></span> <span class='ocrx_word' id='word_1_572' title='bbox 4320 2503 4469 2566; x_wconf 85' lang='lat' dir='ltr'><strong>fuit.</strong></span> <span class='ocrx_word' id='word_1_573' title='bbox 4561 2502 4804 2567; x_wconf 72' lang='lat' dir='ltr'><strong>Merces</strong></span> 
     </span>
     <span class='ocr_line' id='line_1_83' title="bbox 2863 2586 4802 2674; baseline -0.001 -21"><span class='ocrx_word' id='word_1_574' title='bbox 2863 2591 3044 2653; x_wconf 91' lang='lat' dir='ltr'><strong>enim</strong></span> <span class='ocrx_word' id='word_1_575' title='bbox 3103 2591 3310 2674; x_wconf 89' lang='lat' dir='ltr'><strong>ipsius</strong></span> <span class='ocrx_word' id='word_1_576' title='bbox 3345 2590 3619 2653; x_wconf 92' lang='lat' dir='ltr'><strong>minime</strong></span> <span class='ocrx_word' id='word_1_577' title='bbox 3661 2587 3926 2671; x_wconf 88' lang='lat' dir='ltr'><strong>quidem</strong></span> <span class='ocrx_word' id='word_1_578' title='bbox 3970 2589 4176 2655; x_wconf 87' lang='lat' dir='ltr'><strong>oculis</strong></span> <span class='ocrx_word' id='word_1_579' title='bbox 4219 2588 4659 2671; x_wconf 87' lang='lat' dir='ltr'><strong>conspicitur:</strong></span> <span class='ocrx_word' id='word_1_580' title='bbox 4705 2586 4802 2652; x_wconf 77' lang='lat' dir='ltr'><strong>sed</strong></span> 
     </span>
     <span class='ocr_line' id='line_1_84' title="bbox 2861 2672 4806 2756; baseline -0.002 -15"><span class='ocrx_word' id='word_1_581' title='bbox 2861 2676 2935 2741; x_wconf 88' lang='lat' dir='ltr'><strong>iu</strong></span> <span class='ocrx_word' id='word_1_582' title='bbox 2977 2675 3105 2741; x_wconf 92' lang='lat' dir='ltr'><strong>Dei</strong></span> <span class='ocrx_word' id='word_1_583' title='bbox 3163 2695 3361 2740; x_wconf 87' lang='lat' dir='ltr'><strong>manu</strong></span> <span class='ocrx_word' id='word_1_584' title='bbox 3421 2674 3632 2756; x_wconf 86' lang='lat' dir='ltr'><strong>posita</strong></span> <span class='ocrx_word' id='word_1_585' title='bbox 3691 2681 3806 2740; x_wconf 87' lang='lat' dir='ltr'><strong>est.</strong></span> <span class='ocrx_word' id='word_1_586' title='bbox 3897 2672 4348 2755; x_wconf 75' lang='lat' dir='ltr'><strong>Quamobrem</strong></span> <span class='ocrx_word' id='word_1_587' title='bbox 4393 2675 4550 2739; x_wconf 81' lang='lat' dir='ltr'><strong>licet</strong></span> <span class='ocrx_word' id='word_1_588' title='bbox 4609 2673 4806 2738; x_wconf 84' lang='lat' dir='ltr'><strong>homi-</strong></span> 
     </span>
     <span class='ocr_line' id='line_1_85' title="bbox 2861 2759 4806 2845; baseline -0.001 -20"><span class='ocrx_word' id='word_1_589' title='bbox 2861 2782 3024 2826; x_wconf 90' lang='lat' dir='ltr'><strong>num</strong></span> <span class='ocrx_word' id='word_1_590' title='bbox 3068 2761 3376 2845; x_wconf 90' lang='lat' dir='ltr'><strong>opinione</strong></span> <span class='ocrx_word' id='word_1_591' title='bbox 3419 2759 3856 2825; x_wconf 90' lang='lat' dir='ltr'><strong>miserrimam</strong></span> <span class='ocrx_word' id='word_1_592' title='bbox 3903 2761 3973 2825; x_wconf 93' lang='lat' dir='ltr'><strong>in</strong></span> <span class='ocrx_word' id='word_1_593' title='bbox 4022 2760 4216 2825; x_wconf 90' lang='lat' dir='ltr'><strong>terris</strong></span> <span class='ocrx_word' id='word_1_594' title='bbox 4263 2761 4474 2825; x_wconf 82' lang='lat' dir='ltr'><strong>vitam</strong></span> <span class='ocrx_word' id='word_1_595' title='bbox 4517 2780 4806 2844; x_wconf 78' lang='lat' dir='ltr'><strong>agamus,</strong></span> 
     </span>
     <span class='ocr_line' id='line_1_86' title="bbox 2862 2844 4807 2929; baseline -0.002 -17"><span class='ocrx_word' id='word_1_596' title='bbox 2862 2858 2930 2912; x_wconf 90' lang='lat' dir='ltr'><strong>et</strong></span> <span class='ocrx_word' id='word_1_597' title='bbox 3000 2847 3146 2929; x_wconf 89' lang='lat' dir='ltr'><strong>ipsa</strong></span> <span class='ocrx_word' id='word_1_598' title='bbox 3216 2866 3394 2911; x_wconf 90' lang='lat' dir='ltr'><strong>mors</strong></span> <span class='ocrx_word' id='word_1_599' title='bbox 3451 2846 3732 2929; x_wconf 81' lang='lat' dir='ltr'><strong>vestigia</strong></span> <span class='ocrx_word' id='word_1_600' title='bbox 3789 2866 4085 2928; x_wconf 90' lang='lat' dir='ltr'><strong>premere</strong></span> <span class='ocrx_word' id='word_1_601' title='bbox 4141 2844 4465 2923; x_wconf 84' lang='lat' dir='ltr'><strong>videatur,</strong></span> <span class='ocrx_word' id='word_1_602' title='bbox 4554 2854 4628 2909; x_wconf 86' lang='lat' dir='ltr'><strong>et</strong></span> <span class='ocrx_word' id='word_1_603' title='bbox 4677 2846 4807 2928; x_wconf 76' lang='lat' dir='ltr'><strong>ipse</strong></span> 
     </span>
     <span class='ocr_line' id='line_1_87' title="bbox 2862 2930 4806 3014; baseline -0.001 -18"><span class='ocrx_word' id='word_1_604' title='bbox 2862 2953 2984 2998; x_wconf 92' lang='lat' dir='ltr'><strong>nos</strong></span> <span class='ocrx_word' id='word_1_605' title='bbox 3028 2932 3355 2998; x_wconf 90' lang='lat' dir='ltr'><strong>Dominus</strong></span> <span class='ocrx_word' id='word_1_606' title='bbox 3399 2931 3779 3007; x_wconf 88' lang='lat' dir='ltr'><strong>deseruisse,</strong></span> <span class='ocrx_word' id='word_1_607' title='bbox 3838 2954 3923 2997; x_wconf 92' lang='lat' dir='ltr'><strong>ne</strong></span> <span class='ocrx_word' id='word_1_608' title='bbox 3968 2942 4187 2996; x_wconf 90' lang='lat' dir='ltr'><strong>tamen</strong></span> <span class='ocrx_word' id='word_1_609' title='bbox 4234 2930 4618 2997; x_wconf 87' lang='lat' dir='ltr'><strong>dubitemus</strong></span> <span class='ocrx_word' id='word_1_610' title='bbox 4659 2932 4806 3014; x_wconf 79' lang='lat' dir='ltr'><strong>quin</strong></span> 
     </span>
     <span class='ocr_line' id='line_1_88' title="bbox 2863 3017 4802 3101; baseline -0.001 -17"><span class='ocrx_word' id='word_1_611' title='bbox 2863 3040 2935 3084; x_wconf 88' lang='lat' dir='ltr'><strong>re</strong></span> <span class='ocrx_word' id='word_1_612' title='bbox 2979 3019 3123 3100; x_wconf 90' lang='lat' dir='ltr'><strong>ipsa</strong></span> <span class='ocrx_word' id='word_1_613' title='bbox 3160 3019 3504 3101; x_wconf 87' lang='lat' dir='ltr'><strong>patefaciat</strong></span> <span class='ocrx_word' id='word_1_614' title='bbox 3538 3038 3732 3083; x_wconf 90' lang='lat' dir='ltr'><strong>suum</strong></span> <span class='ocrx_word' id='word_1_615' title='bbox 3756 3017 4077 3082; x_wconf 88' lang='lat' dir='ltr'><strong>auxilium</strong></span> <span class='ocrx_word' id='word_1_616' title='bbox 4112 3026 4480 3100; x_wconf 88' lang='lat' dir='ltr'><strong>opportuno</strong></span> <span class='ocrx_word' id='word_1_617' title='bbox 4501 3027 4802 3099; x_wconf 75' lang='lat' dir='ltr'><strong>temporo.</strong></span> 
     </span>
     <span class='ocr_line' id='line_1_89' title="bbox 2863 3103 4805 3186; baseline -0.002 -17"><span class='ocrx_word' id='word_1_618' title='bbox 2863 3115 2932 3169; x_wconf 90' lang='lat' dir='ltr'><strong>et</strong></span> <span class='ocrx_word' id='word_1_619' title='bbox 2957 3126 3093 3169; x_wconf 92' lang='lat' dir='ltr'><strong>non</strong></span> <span class='ocrx_word' id='word_1_620' title='bbox 3138 3104 3386 3168; x_wconf 88' lang='lat' dir='ltr'><strong>frustra</strong></span> <span class='ocrx_word' id='word_1_621' title='bbox 3427 3104 3496 3168; x_wconf 92' lang='lat' dir='ltr'><strong>in</strong></span> <span class='ocrx_word' id='word_1_622' title='bbox 3523 3103 3694 3168; x_wconf 88' lang='lat' dir='ltr'><strong>filios</strong></span> <span class='ocrx_word' id='word_1_623' title='bbox 3736 3122 3858 3168; x_wconf 90' lang='lat' dir='ltr'><strong>nos</strong></span> <span class='ocrx_word' id='word_1_624' title='bbox 3893 3124 4036 3168; x_wconf 83' lang='lat' dir='ltr'><strong>esse</strong></span> <span class='ocrx_word' id='word_1_625' title='bbox 4082 3104 4450 3186; x_wconf 82' lang='lat' dir='ltr'><strong>adoptatos,</strong></span> <span class='ocrx_word' id='word_1_626' title='bbox 4496 3112 4572 3167; x_wconf 87' lang='lat' dir='ltr'><strong>et</strong></span> <span class='ocrx_word' id='word_1_627' title='bbox 4614 3116 4805 3185; x_wconf 75' lang='lat' dir='ltr'><strong>pater-</strong></span> 
     </span>
     <span class='ocr_line' id='line_1_90' title="bbox 2861 3188 4803 3271; baseline -0.001 -17"><span class='ocrx_word' id='word_1_628' title='bbox 2861 3211 3015 3254; x_wconf 88' lang='lat' dir='ltr'><strong>nam</strong></span> <span class='ocrx_word' id='word_1_629' title='bbox 3049 3209 3275 3255; x_wconf 90' lang='lat' dir='ltr'><strong>curam</strong></span> <span class='ocrx_word' id='word_1_630' title='bbox 3312 3188 3392 3254; x_wconf 89' lang='lat' dir='ltr'><strong>de</strong></span> <span class='ocrx_word' id='word_1_631' title='bbox 3428 3188 3620 3254; x_wconf 90' lang='lat' dir='ltr'><strong>nobis</strong></span> <span class='ocrx_word' id='word_1_632' title='bbox 3656 3189 4034 3254; x_wconf 88' lang='lat' dir='ltr'><strong>habiturum</strong></span> <span class='ocrx_word' id='word_1_633' title='bbox 4067 3189 4465 3271; x_wconf 87' lang='lat' dir='ltr'><strong>promisisse.</strong></span> <span class='ocrx_word' id='word_1_634' title='bbox 4511 3188 4803 3271; x_wconf 81' lang='lat' dir='ltr'><strong>Denique</strong></span> 
     </span>
     <span class='ocr_line' id='line_1_91' title="bbox 2863 3273 4804 3360; baseline -0.001 -20"><span class='ocrx_word' id='word_1_635' title='bbox 2863 3276 3017 3341; x_wconf 90' lang='lat' dir='ltr'><strong>licet</strong></span> <span class='ocrx_word' id='word_1_636' title='bbox 3075 3276 3297 3360; x_wconf 83' lang='lat' dir='ltr'><strong>ignota</strong></span> <span class='ocrx_word' id='word_1_637' title='bbox 3353 3275 3440 3338; x_wconf 90' lang='lat' dir='ltr'><strong>sit</strong></span> <span class='ocrx_word' id='word_1_638' title='bbox 3498 3275 3685 3340; x_wconf 89' lang='lat' dir='ltr'><strong>nobis</strong></span> <span class='ocrx_word' id='word_1_639' title='bbox 3743 3273 4115 3340; x_wconf 86' lang='lat' dir='ltr'><strong>divinorum</strong></span> <span class='ocrx_word' id='word_1_640' title='bbox 4175 3274 4575 3340; x_wconf 85' lang='lat' dir='ltr'><strong>iudiciorum</strong></span> <span class='ocrx_word' id='word_1_641' title='bbox 4636 3276 4804 3347; x_wconf 76' lang='lat' dir='ltr'><strong>ratic.</strong></span> 
     </span>
     <span class='ocr_line' id='line_1_92' title="bbox 2864 3359 4804 3444; baseline 0 -18"><span class='ocrx_word' id='word_1_642' title='bbox 2864 3361 3102 3444; x_wconf 89' lang='lat' dir='ltr'><strong>quibus</strong></span> <span class='ocrx_word' id='word_1_643' title='bbox 3141 3360 3461 3426; x_wconf 79' lang='lat' dir='ltr'><strong>Israelem</strong></span> <span class='ocrx_word' id='word_1_644' title='bbox 3516 3359 3836 3443; x_wconf 80' lang='lat' dir='ltr'><strong>castigare</strong></span> <span class='ocrx_word' id='word_1_645' title='bbox 3881 3359 4109 3440; x_wconf 85' lang='lat' dir='ltr'><strong>voluit,</strong></span> <span class='ocrx_word' id='word_1_646' title='bbox 4164 3381 4243 3427; x_wconf 87' lang='lat' dir='ltr'><strong>ea</strong></span> <span class='ocrx_word' id='word_1_647' title='bbox 4287 3371 4513 3425; x_wconf 85' lang='lat' dir='ltr'><strong>tamen</strong></span> <span class='ocrx_word' id='word_1_648' title='bbox 4561 3382 4804 3442; x_wconf 59' lang='lat' dir='ltr'><strong>semp&amp;</strong></span> 
     </span>
     <span class='ocr_line' id='line_1_93' title="bbox 2864 3445 4803 3530; baseline -0.002 -17"><span class='ocrx_word' id='word_1_649' title='bbox 2864 3458 3047 3513; x_wconf 88' lang='lat' dir='ltr'><strong>recta</strong></span> <span class='ocrx_word' id='word_1_650' title='bbox 3091 3456 3159 3510; x_wconf 91' lang='lat' dir='ltr'><strong>et</strong></span> <span class='ocrx_word' id='word_1_651' title='bbox 3201 3447 3550 3530; x_wconf 87' lang='lat' dir='ltr'><strong>aequitatis</strong></span> <span class='ocrx_word' id='word_1_652' title='bbox 3593 3445 3788 3529; x_wconf 91' lang='lat' dir='ltr'><strong>plena</strong></span> <span class='ocrx_word' id='word_1_653' title='bbox 3821 3446 4141 3513; x_wconf 87' lang='lat' dir='ltr'><strong>sciamus:</strong></span> <span class='ocrx_word' id='word_1_654' title='bbox 4182 3455 4251 3512; x_wconf 89' lang='lat' dir='ltr'><strong>et</strong></span> <span class='ocrx_word' id='word_1_655' title='bbox 4285 3446 4462 3511; x_wconf 88' lang='lat' dir='ltr'><strong>idem</strong></span> <span class='ocrx_word' id='word_1_656' title='bbox 4497 3446 4803 3512; x_wconf 76' lang='lat' dir='ltr'><strong>iudicium</strong></span> 
     </span>
     <span class='ocr_line' id='line_1_94' title="bbox 2866 3530 4802 3615; baseline -0.001 -18"><span class='ocrx_word' id='word_1_657' title='bbox 2866 3533 2947 3598; x_wconf 89' lang='lat' dir='ltr'><strong>de</strong></span> <span class='ocrx_word' id='word_1_658' title='bbox 3001 3531 3352 3598; x_wconf 89' lang='lat' dir='ltr'><strong>Ionathani</strong></span> <span class='ocrx_word' id='word_1_659' title='bbox 3410 3530 3607 3597; x_wconf 86' lang='lat' dir='ltr'><strong>caede</strong></span> <span class='ocrx_word' id='word_1_660' title='bbox 3662 3533 3968 3599; x_wconf 84' lang='lat' dir='ltr'><strong>feramus.</strong></span> <span class='ocrx_word' id='word_1_661' title='bbox 4076 3531 4254 3600; x_wconf 83' lang='lat' dir='ltr'><strong>Sane</strong></span> <span class='ocrx_word' id='word_1_662' title='bbox 4315 3532 4613 3597; x_wconf 84' lang='lat' dir='ltr'><strong>maxima</strong></span> <span class='ocrx_word' id='word_1_663' title='bbox 4665 3551 4802 3615; x_wconf 76' lang='lat' dir='ltr'><strong>pars</strong></span> 
     </span>
     <span class='ocr_line' id='line_1_95' title="bbox 2864 3617 4802 3700; baseline -0.001 -18"><span class='ocrx_word' id='word_1_664' title='bbox 2864 3617 3317 3684; x_wconf 84' lang='lat' dir='ltr'><strong>Israelitarum</strong></span> <span class='ocrx_word' id='word_1_665' title='bbox 3398 3618 3615 3683; x_wconf 88' lang='lat' dir='ltr'><strong>caedis</strong></span> <span class='ocrx_word' id='word_1_666' title='bbox 3689 3628 3879 3684; x_wconf 87' lang='lat' dir='ltr'><strong>erant</strong></span> <span class='ocrx_word' id='word_1_667' title='bbox 3942 3638 4164 3683; x_wconf 87' lang='lat' dir='ltr'><strong>coram</strong></span> <span class='ocrx_word' id='word_1_668' title='bbox 4230 3618 4379 3684; x_wconf 87' lang='lat' dir='ltr'><strong>Deo</strong></span> <span class='ocrx_word' id='word_1_669' title='bbox 4443 3618 4566 3695; x_wconf 88' lang='lat' dir='ltr'><strong>rei,</strong></span> <span class='ocrx_word' id='word_1_670' title='bbox 4642 3617 4802 3700; x_wconf 78' lang='lat' dir='ltr'><strong>quod</strong></span> 
     </span>
     <span class='ocr_line' id='line_1_96' title="bbox 2866 3701 4803 3787; baseline -0.002 -17"><span class='ocrx_word' id='word_1_671' title='bbox 2866 3703 3198 3769; x_wconf 82' lang='lat' dir='ltr'><strong>Davidem</strong></span> <span class='ocrx_word' id='word_1_672' title='bbox 3247 3704 3666 3770; x_wconf 89' lang='lat' dir='ltr'><strong>innocentem</strong></span> <span class='ocrx_word' id='word_1_673' title='bbox 3732 3704 4109 3787; x_wconf 89' lang='lat' dir='ltr'><strong>persequuti</strong></span> <span class='ocrx_word' id='word_1_674' title='bbox 4175 3703 4476 3779; x_wconf 82' lang='lat' dir='ltr'><strong>fuissent,</strong></span> <span class='ocrx_word' id='word_1_675' title='bbox 4545 3701 4803 3785; x_wconf 69' lang='lat' dir='ltr'><strong>ideoque</strong></span> 
     </span>
     <span class='ocr_line' id='line_1_97' title="bbox 2866 3789 4800 3873; baseline -0.001 -18"><span class='ocrx_word' id='word_1_676' title='bbox 2866 3791 3097 3855; x_wconf 90' lang='lat' dir='ltr'><strong>merito</strong></span> <span class='ocrx_word' id='word_1_677' title='bbox 3162 3790 3764 3856; x_wconf 86' lang='lat' dir='ltr'><strong>incircumcisorum</strong></span> <span class='ocrx_word' id='word_1_678' title='bbox 3840 3811 4041 3855; x_wconf 87' lang='lat' dir='ltr'><strong>manu</strong></span> <span class='ocrx_word' id='word_1_679' title='bbox 4104 3791 4292 3855; x_wconf 92' lang='lat' dir='ltr'><strong>Deus</strong></span> <span class='ocrx_word' id='word_1_680' title='bbox 4352 3791 4536 3873; x_wconf 86' lang='lat' dir='ltr'><strong>ipsos</strong></span> <span class='ocrx_word' id='word_1_681' title='bbox 4593 3789 4800 3872; x_wconf 80' lang='lat' dir='ltr'><strong>puuin’</strong></span> 
     </span>
     <span class='ocr_line' id='line_1_98' title="bbox 2868 3875 4800 3958; baseline -0.002 -16"><span class='ocrx_word' id='word_1_682' title='bbox 2868 3876 3092 3942; x_wconf 87' lang='lat' dir='ltr'><strong>voluit.</strong></span> <span class='ocrx_word' id='word_1_683' title='bbox 3196 3877 3602 3941; x_wconf 86' lang='lat' dir='ltr'><strong>Ionathanus</strong></span> <span class='ocrx_word' id='word_1_684' title='bbox 3667 3895 3823 3941; x_wconf 84' lang='lat' dir='ltr'><strong>vero</strong></span> <span class='ocrx_word' id='word_1_685' title='bbox 3882 3886 3949 3941; x_wconf 90' lang='lat' dir='ltr'><strong>et</strong></span> <span class='ocrx_word' id='word_1_686' title='bbox 4013 3875 4126 3940; x_wconf 91' lang='lat' dir='ltr'><strong>alii</strong></span> <span class='ocrx_word' id='word_1_687' title='bbox 4185 3876 4316 3958; x_wconf 88' lang='lat' dir='ltr'><strong>ipsi</strong></span> <span class='ocrx_word' id='word_1_688' title='bbox 4382 3875 4632 3941; x_wconf 82' lang='lat' dir='ltr'><strong>similes</strong></span> <span class='ocrx_word' id='word_1_689' title='bbox 4677 3893 4800 3938; x_wconf 76' lang='lat' dir='ltr'><strong>nou</strong></span> 
     </span>
     <span class='ocr_line' id='line_1_99' title="bbox 2866 3960 4798 4046; baseline -0.001 -19"><span class='ocrx_word' id='word_1_690' title='bbox 2866 3962 3185 4028; x_wconf 89' lang='lat' dir='ltr'><strong>deteriore</strong></span> <span class='ocrx_word' id='word_1_691' title='bbox 3242 3974 3588 4046; x_wconf 85' lang='lat' dir='ltr'><strong>propterea</strong></span> <span class='ocrx_word' id='word_1_692' title='bbox 3644 3961 4014 4028; x_wconf 89' lang='lat' dir='ltr'><strong>conditione</strong></span> <span class='ocrx_word' id='word_1_693' title='bbox 4070 3962 4359 4041; x_wconf 88' lang='lat' dir='ltr'><strong>fuerunt,</strong></span> <span class='ocrx_word' id='word_1_694' title='bbox 4418 3960 4600 4044; x_wconf 88' lang='lat' dir='ltr'><strong>quod</strong></span> <span class='ocrx_word' id='word_1_695' title='bbox 4639 3962 4798 4043; x_wconf 74' lang='lat' dir='ltr'><strong>ipun-</strong></span> 
     </span>
     <span class='ocr_line' id='line_1_100' title="bbox 2866 4046 4797 4131; baseline -0.001 -19"><span class='ocrx_word' id='word_1_696' title='bbox 2866 4048 3050 4114; x_wconf 92' lang='lat' dir='ltr'><strong>Deus</strong></span> <span class='ocrx_word' id='word_1_697' title='bbox 3112 4048 3184 4112; x_wconf 93' lang='lat' dir='ltr'><strong>in</strong></span> <span class='ocrx_word' id='word_1_698' title='bbox 3250 4068 3435 4113; x_wconf 87' lang='lat' dir='ltr'><strong>suam</strong></span> <span class='ocrx_word' id='word_1_699' title='bbox 3501 4047 3785 4131; x_wconf 88' lang='lat' dir='ltr'><strong>quietem</strong></span> <span class='ocrx_word' id='word_1_700' title='bbox 3850 4047 4190 4130; x_wconf 86' lang='lat' dir='ltr'><strong>receperit,</strong></span> <span class='ocrx_word' id='word_1_701' title='bbox 4257 4046 4797 4130; x_wconf 73' lang='lat' dir='ltr'><strong>quemadmodum</strong></span> 
     </span>
     <span class='ocr_line' id='line_1_101' title="bbox 2864 4130 4798 4217; baseline -0.001 -18"><span class='ocrx_word' id='word_1_702' title='bbox 2864 4134 3096 4201; x_wconf 86' lang='lat' dir='ltr'><strong>Esaias</strong></span> <span class='ocrx_word' id='word_1_703' title='bbox 3131 4133 3450 4217; x_wconf 89' lang='lat' dir='ltr'><strong>propheta</strong></span> <span class='ocrx_word' id='word_1_704' title='bbox 3484 4133 3792 4216; x_wconf 88' lang='lat' dir='ltr'><strong>loquitur,</strong></span> <span class='ocrx_word' id='word_1_705' title='bbox 3817 4134 4175 4216; x_wconf 60' lang='lat' dir='ltr'><strong>iuquiens:</strong></span> <span class='ocrx_word' id='word_1_706' title='bbox 4223 4132 4658 4217; x_wconf 58' lang='lat' dir='ltr'><strong>Infflvdimim‘</strong></span> <span class='ocrx_word' id='word_1_707' title='bbox 4687 4130 4798 4197; x_wconf 64' lang='lat' dir='ltr'><strong>Dei</strong></span> 
     </span>
     <span class='ocr_line' id='line_1_102' title="bbox 2862 4218 4794 4304; baseline -0.003 -17"><span class='ocrx_word' id='word_1_708' title='bbox 2862 4222 3134 4304; x_wconf 72' lang='lat' dir='ltr'><strong>dmum,</strong></span> <span class='ocrx_word' id='word_1_709' title='bbox 3193 4226 3251 4285; x_wconf 82' lang='lat' dir='ltr'><strong>et</strong></span> <span class='ocrx_word' id='word_1_710' title='bbox 3289 4220 3360 4284; x_wconf 78' lang='lat' dir='ltr'><strong>in</strong></span> <span class='ocrx_word' id='word_1_711' title='bbox 3402 4240 3477 4285; x_wconf 81' lang='lat' dir='ltr'><strong>ea</strong></span> <span class='ocrx_word' id='word_1_712' title='bbox 3516 4219 3802 4285; x_wconf 72' lang='lat' dir='ltr'><strong>habitate.</strong></span> <span class='ocrx_word' id='word_1_713' title='bbox 3892 4220 4064 4284; x_wconf 84' lang='lat' dir='ltr'><strong>Nam</strong></span> <span class='ocrx_word' id='word_1_714' title='bbox 4123 4221 4247 4285; x_wconf 87' lang='lat' dir='ltr'><strong>etsi</strong></span> <span class='ocrx_word' id='word_1_715' title='bbox 4303 4218 4655 4302; x_wconf 74' lang='lat' dir='ltr'><strong>propheta.</strong></span> <span class='ocrx_word' id='word_1_716' title='bbox 4697 4232 4794 4281; x_wconf 67' lang='lat' dir='ltr'><strong>aaz</strong></span> 
     </span>
     <span class='ocr_line' id='line_1_103' title="bbox 2865 4303 4793 4388; baseline 0.002 -16"><span class='ocrx_word' id='word_1_717' title='bbox 2865 4306 3195 4372; x_wconf 91' lang='lat' dir='ltr'><strong>Dominus</strong></span> <span class='ocrx_word' id='word_1_718' title='bbox 3237 4306 3376 4388; x_wconf 85' lang='lat' dir='ltr'><strong>ipse</strong></span> <span class='ocrx_word' id='word_1_719' title='bbox 3421 4325 3536 4387; x_wconf 87' lang='lat' dir='ltr'><strong>per</strong></span> <span class='ocrx_word' id='word_1_720' title='bbox 3580 4306 3968 4388; x_wconf 84' lang='lat' dir='ltr'><strong>prophetam</strong></span> <span class='ocrx_word' id='word_1_721' title='bbox 4012 4305 4305 4388; x_wconf 84' lang='lat' dir='ltr'><strong>loquitur</strong></span> <span class='ocrx_word' id='word_1_722' title='bbox 4348 4303 4431 4369; x_wconf 90' lang='lat' dir='ltr'><strong>de</strong></span> <span class='ocrx_word' id='word_1_723' title='bbox 4489 4304 4793 4375; x_wconf 75' lang='lat' dir='ltr'><strong>fidelibus.</strong></span> 
     </span>
     <span class='ocr_line' id='line_1_104' title="bbox 2863 4386 4794 4475; baseline -0.002 -18"><span class='ocrx_word' id='word_1_724' title='bbox 2863 4392 2976 4475; x_wconf 89' lang='lat' dir='ltr'><strong>qui</strong></span> <span class='ocrx_word' id='word_1_725' title='bbox 3026 4393 3099 4455; x_wconf 90' lang='lat' dir='ltr'><strong>in</strong></span> <span class='ocrx_word' id='word_1_726' title='bbox 3146 4412 3218 4456; x_wconf 88' lang='lat' dir='ltr'><strong>as</strong></span> <span class='ocrx_word' id='word_1_727' title='bbox 3266 4390 3328 4456; x_wconf 92' lang='lat' dir='ltr'><strong>lo</strong></span> <span class='ocrx_word' id='word_1_728' title='bbox 3386 4391 3668 4473; x_wconf 87' lang='lat' dir='ltr'><strong>quodam</strong></span> <span class='ocrx_word' id='word_1_729' title='bbox 3725 4392 3978 4457; x_wconf 89' lang='lat' dir='ltr'><strong>occulto</strong></span> <span class='ocrx_word' id='word_1_730' title='bbox 4021 4391 4450 4458; x_wconf 86' lang='lat' dir='ltr'><strong>continentur</strong></span> <span class='ocrx_word' id='word_1_731' title='bbox 4497 4386 4794 4474; x_wconf 77' lang='lat' dir='ltr'><strong>quamdiu</strong></span> 
     </span>
     <span class='ocr_line' id='line_1_105' title="bbox 2863 4474 4792 4561; baseline -0.002 -18"><span class='ocrx_word' id='word_1_732' title='bbox 2863 4497 3053 4544; x_wconf 90' lang='lat' dir='ltr'><strong>suam</strong></span> <span class='ocrx_word' id='word_1_733' title='bbox 3110 4496 3220 4542; x_wconf 88' lang='lat' dir='ltr'><strong>ecc</strong></span> <span class='ocrx_word' id='word_1_734' title='bbox 3248 4479 3450 4542; x_wconf 91' lang='lat' dir='ltr'><strong>esiam</strong></span> <span class='ocrx_word' id='word_1_735' title='bbox 3495 4478 3678 4541; x_wconf 90' lang='lat' dir='ltr'><strong>Deus</strong></span> <span class='ocrx_word' id='word_1_736' title='bbox 3721 4477 3982 4561; x_wconf 84' lang='lat' dir='ltr'><strong>affligit,</strong></span> <span class='ocrx_word' id='word_1_737' title='bbox 4036 4477 4479 4543; x_wconf 84' lang='lat' dir='ltr'><strong>nihilominus</strong></span> <span class='ocrx_word' id='word_1_738' title='bbox 4525 4474 4792 4541; x_wconf 61' lang='lat' dir='ltr'><strong>ostendi</strong></span> 
     </span>
     <span class='ocr_line' id='line_1_106' title="bbox 2862 4561 4791 4646; baseline -0.001 -18"><span class='ocrx_word' id='word_1_739' title='bbox 2862 4571 3144 4629; x_wconf 89' lang='lat' dir='ltr'><strong>mortem</strong></span> <span class='ocrx_word' id='word_1_740' title='bbox 3186 4564 3478 4646; x_wconf 89' lang='lat' dir='ltr'><strong>ipsorum</strong></span> <span class='ocrx_word' id='word_1_741' title='bbox 3515 4583 3644 4627; x_wconf 87' lang='lat' dir='ltr'><strong>uon</strong></span> <span class='ocrx_word' id='word_1_742' title='bbox 3681 4583 3823 4629; x_wconf 86' lang='lat' dir='ltr'><strong>esse</strong></span> <span class='ocrx_word' id='word_1_743' title='bbox 3861 4563 4206 4628; x_wconf 87' lang='lat' dir='ltr'><strong>interitum</strong></span> <span class='ocrx_word' id='word_1_744' title='bbox 4243 4574 4313 4627; x_wconf 89' lang='lat' dir='ltr'><strong>et</strong></span> <span class='ocrx_word' id='word_1_745' title='bbox 4353 4561 4791 4645; x_wconf 72' lang='lat' dir='ltr'><strong>perditionem.</strong></span> 
     </span>
     <span class='ocr_line' id='line_1_107' title="bbox 2863 4648 4792 4728; baseline -0.003 -13"><span class='ocrx_word' id='word_1_746' title='bbox 2863 4650 2975 4715; x_wconf 91' lang='lat' dir='ltr'><strong>sed</strong></span> <span class='ocrx_word' id='word_1_747' title='bbox 3022 4669 3162 4713; x_wconf 91' lang='lat' dir='ltr'><strong>esse</strong></span> <span class='ocrx_word' id='word_1_748' title='bbox 3205 4650 3416 4713; x_wconf 87' lang='lat' dir='ltr'><strong>instar</strong></span> <span class='ocrx_word' id='word_1_749' title='bbox 3458 4649 3750 4714; x_wconf 71' lang='lat' dir='ltr'><strong>latebrae</strong></span> <span class='ocrx_word' id='word_1_750' title='bbox 3791 4649 4150 4728; x_wconf 86' lang='lat' dir='ltr'><strong>cuiusdam,</strong></span> <span class='ocrx_word' id='word_1_751' title='bbox 4198 4648 4406 4713; x_wconf 87' lang='lat' dir='ltr'><strong>donec</strong></span> <span class='ocrx_word' id='word_1_752' title='bbox 4440 4650 4709 4714; x_wconf 78' lang='lat' dir='ltr'><strong>afflictio</strong></span> <span class='ocrx_word' id='word_1_753' title='bbox 4741 4662 4792 4710; x_wconf 65' lang='grc' dir='ltr'><strong>α</strong></span> 
     </span>
     <span class='ocr_line' id='line_1_108' title="bbox 2861 4733 4792 4818; baseline -0.001 -18"><span class='ocrx_word' id='word_1_754' title='bbox 2861 4736 2963 4800; x_wconf 90' lang='lat' dir='ltr'><strong>ira</strong></span> <span class='ocrx_word' id='word_1_755' title='bbox 3005 4735 3134 4799; x_wconf 93' lang='lat' dir='ltr'><strong>Dei</strong></span> <span class='ocrx_word' id='word_1_756' title='bbox 3177 4735 3602 4818; x_wconf 88' lang='lat' dir='ltr'><strong>praeterierit.</strong></span> <span class='ocrx_word' id='word_1_757' title='bbox 3651 4735 3859 4801; x_wconf 86' lang='lat' dir='ltr'><strong>Porro</strong></span> <span class='ocrx_word' id='word_1_758' title='bbox 3905 4733 4352 4799; x_wconf 84' lang='lat' dir='ltr'><strong>Ionathanum</strong></span> <span class='ocrx_word' id='word_1_759' title='bbox 4388 4744 4532 4799; x_wconf 83' lang='lat' dir='ltr'><strong>tam</strong></span> <span class='ocrx_word' id='word_1_760' title='bbox 4567 4734 4792 4799; x_wconf 71' lang='lat' dir='ltr'><strong>duran</strong></span> 
     </span>
     <span class='ocr_line' id='line_1_109' title="bbox 2865 4819 4794 4903; baseline -0.002 -17"><span class='ocrx_word' id='word_1_761' title='bbox 2865 4842 2905 4886; x_wconf 90' lang='lat' dir='ltr'><strong>a</strong></span> <span class='ocrx_word' id='word_1_762' title='bbox 2945 4820 3093 4886; x_wconf 92' lang='lat' dir='ltr'><strong>Deo</strong></span> <span class='ocrx_word' id='word_1_763' title='bbox 3136 4826 3492 4885; x_wconf 87' lang='lat' dir='ltr'><strong>tractatum</strong></span> <span class='ocrx_word' id='word_1_764' title='bbox 3534 4840 3743 4901; x_wconf 92' lang='lat' dir='ltr'><strong>quum</strong></span> <span class='ocrx_word' id='word_1_765' title='bbox 3786 4822 4109 4900; x_wconf 81' lang='lat' dir='ltr'><strong>videmus,</strong></span> <span class='ocrx_word' id='word_1_766' title='bbox 4154 4841 4242 4884; x_wconf 92' lang='lat' dir='ltr'><strong>ne</strong></span> <span class='ocrx_word' id='word_1_767' title='bbox 4285 4820 4610 4887; x_wconf 85' lang='lat' dir='ltr'><strong>miremur</strong></span> <span class='ocrx_word' id='word_1_768' title='bbox 4652 4819 4794 4903; x_wconf 80' lang='lat' dir='ltr'><strong>cpti-</strong></span> 
     </span>
     <span class='ocr_line' id='line_1_110' title="bbox 2863 4904 4794 4991; baseline -0.001 -19"><span class='ocrx_word' id='word_1_769' title='bbox 2863 4926 3004 4972; x_wconf 88' lang='lat' dir='ltr'><strong>mos</strong></span> <span class='ocrx_word' id='word_1_770' title='bbox 3047 4926 3334 4990; x_wconf 89' lang='lat' dir='ltr'><strong>quosque</strong></span> <span class='ocrx_word' id='word_1_771' title='bbox 3377 4905 3587 4970; x_wconf 88' lang='lat' dir='ltr'><strong>multa</strong></span> <span class='ocrx_word' id='word_1_772' title='bbox 3642 4927 3834 4989; x_wconf 86' lang='lat' dir='ltr'><strong>saepe</strong></span> <span class='ocrx_word' id='word_1_773' title='bbox 3877 4907 3945 4971; x_wconf 90' lang='lat' dir='ltr'><strong>in</strong></span> <span class='ocrx_word' id='word_1_774' title='bbox 3984 4904 4238 4971; x_wconf 89' lang='lat' dir='ltr'><strong>mundo</strong></span> <span class='ocrx_word' id='word_1_775' title='bbox 4278 4906 4441 4989; x_wconf 71' lang='lat' dir='ltr'><strong>pati,</strong></span> <span class='ocrx_word' id='word_1_776' title='bbox 4500 4914 4572 4972; x_wconf 87' lang='lat' dir='ltr'><strong>et</strong></span> <span class='ocrx_word' id='word_1_777' title='bbox 4609 4904 4794 4991; x_wconf 69' lang='lat' dir='ltr'><strong>gravi·</strong></span> 
     </span>
     <span class='ocr_line' id='line_1_111' title="bbox 2864 4990 4794 5077; baseline 0 -21"><span class='ocrx_word' id='word_1_778' title='bbox 2864 4991 2988 5057; x_wconf 90' lang='lat' dir='ltr'><strong>bus</strong></span> <span class='ocrx_word' id='word_1_779' title='bbox 3031 5013 3071 5057; x_wconf 88' lang='lat' dir='ltr'><strong>a</strong></span> <span class='ocrx_word' id='word_1_780' title='bbox 3112 4992 3259 5058; x_wconf 94' lang='lat' dir='ltr'><strong>Deo</strong></span> <span class='ocrx_word' id='word_1_781' title='bbox 3296 4990 3523 5074; x_wconf 87' lang='lat' dir='ltr'><strong>poenis</strong></span> <span class='ocrx_word' id='word_1_782' title='bbox 3566 4995 3876 5058; x_wconf 88' lang='lat' dir='ltr'><strong>exerceri.</strong></span> <span class='ocrx_word' id='word_1_783' title='bbox 3963 4991 4140 5057; x_wconf 85' lang='lat' dir='ltr'><strong>Nam</strong></span> <span class='ocrx_word' id='word_1_784' title='bbox 4186 4991 4248 5057; x_wconf 91' lang='lat' dir='ltr'><strong>si</strong></span> <span class='ocrx_word' id='word_1_785' title='bbox 4305 4991 4528 5059; x_wconf 82' lang='lat' dir='ltr'><strong>viride</strong></span> <span class='ocrx_word' id='word_1_786' title='bbox 4567 4993 4794 5077; x_wconf 69' lang='lat' dir='ltr'><strong>ligm-</strong></span> 
     </span>
     <span class='ocr_line' id='line_1_112' title="bbox 2864 5075 4792 5161; baseline 0.001 -19"><span class='ocrx_word' id='word_1_787' title='bbox 2864 5077 3071 5158; x_wconf 88' lang='lat' dir='ltr'><strong>ardet,</strong></span> <span class='ocrx_word' id='word_1_788' title='bbox 3112 5078 3270 5161; x_wconf 88' lang='lat' dir='ltr'><strong>quid</strong></span> <span class='ocrx_word' id='word_1_789' title='bbox 3315 5079 3484 5144; x_wconf 91' lang='lat' dir='ltr'><strong>sicco</strong></span> <span class='ocrx_word' id='word_1_790' title='bbox 3526 5078 3820 5143; x_wconf 83' lang='lat' dir='ltr'><strong>futurum</strong></span> <span class='ocrx_word' id='word_1_791' title='bbox 3867 5075 4318 5143; x_wconf 85' lang='lat' dir='ltr'><strong>arbitramur?</strong></span> <span class='ocrx_word' id='word_1_792' title='bbox 4381 5078 4792 5145; x_wconf 72' lang='lat' dir='ltr'><strong>Ionathanu-</strong></span> 
     </span>
     <span class='ocr_line' id='line_1_113' title="bbox 2865 5164 4794 5249; baseline 0.001 -20"><span class='ocrx_word' id='word_1_793' title='bbox 2865 5165 3153 5248; x_wconf 84' lang='lat' dir='ltr'><strong>profecto</strong></span> <span class='ocrx_word' id='word_1_794' title='bbox 3231 5164 3429 5230; x_wconf 87' lang='lat' dir='ltr'><strong>fuisse</strong></span> <span class='ocrx_word' id='word_1_795' title='bbox 3507 5164 3786 5229; x_wconf 85' lang='lat' dir='ltr'><strong>aliorum</strong></span> <span class='ocrx_word' id='word_1_796' title='bbox 3865 5172 4172 5247; x_wconf 84' lang='lat' dir='ltr'><strong>respectu</strong></span> <span class='ocrx_word' id='word_1_797' title='bbox 4251 5164 4446 5231; x_wconf 79' lang='lat' dir='ltr'><strong>velut</strong></span> <span class='ocrx_word' id='word_1_798' title='bbox 4528 5164 4794 5249; x_wconf 70' lang='lat' dir='ltr'><strong>angelum</strong></span> 
     </span>
     <span class='ocr_line' id='line_1_114' title="bbox 2866 5248 4790 5335; baseline 0.002 -19"><span class='ocrx_word' id='word_1_799' title='bbox 2866 5261 3056 5317; x_wconf 84' lang='lat' dir='ltr'><strong>extra</strong></span> <span class='ocrx_word' id='word_1_800' title='bbox 3110 5249 3379 5317; x_wconf 90' lang='lat' dir='ltr'><strong>dubium</strong></span> <span class='ocrx_word' id='word_1_801' title='bbox 3436 5257 3567 5318; x_wconf 91' lang='lat' dir='ltr'><strong>est:</strong></span> <span class='ocrx_word' id='word_1_802' title='bbox 3624 5249 3947 5335; x_wconf 88' lang='lat' dir='ltr'><strong>siquidem</strong></span> <span class='ocrx_word' id='word_1_803' title='bbox 4007 5248 4342 5316; x_wconf 86' lang='lat' dir='ltr'><strong>mundum</strong></span> <span class='ocrx_word' id='word_1_804' title='bbox 4400 5252 4590 5321; x_wconf 82' lang='lat' dir='ltr'><strong>hunc</strong></span> <span class='ocrx_word' id='word_1_805' title='bbox 4637 5250 4790 5335; x_wconf 53' lang='grc' dir='ltr'><strong>ιφ</strong></span> 
     </span>
    </p>
   </div>
   <div class='ocr_carea' id='block_1_11' title="bbox 4964 0 4979 3624">
    <p class='ocr_par' dir='ltr' id='par_1_12' title="bbox 4964 0 4979 3624">
     <span class='ocr_line' id='line_1_115' title="bbox 4964 0 4979 3624; baseline 0 0"><span class='ocrx_word' id='word_1_806' title='bbox 4964 0 4979 3624; x_wconf 95' lang='lat' dir='ltr'><strong> </strong></span> 
     </span>
    </p>
   </div>
  </div>
 </body>
</html>
