5059 6059
830 294 959 364 435

716 557 737 574 ‚
832 488 891 556 si
959 486 1086 553 Dei
1143 507 1384 553 nomen
1436 484 1835 571 blasphemis
1892 486 2238 570 impiorum
2283 488 2556 554 vocibus
2601 485 2771 553 laedi

835 596 912 641 ac
956 573 1299 657 proscindi,
1347 580 1464 638 aut
1505 574 1560 639 si
1605 573 1849 640 cultum
1896 574 2098 656 ipsius
2141 576 2472 657 corrumpi
2517 595 2593 639 ac
2638 573 2771 639 foe·

839 661 981 727 dari
1041 659 1642 739 animadvertimus,
1700 680 1782 724 ex
1841 659 2057 725 animo
2102 659 2454 740 doleamus,
2514 660 2772 742 Deique

838 746 1112 832 gloriam
1184 757 1252 810 et
1324 746 1727 810 maiestatem
1793 746 2032 810 nostris
2091 746 2363 828 privatis
2418 745 2773 812 commodis

839 842 1327 915 anteponamus,
1374 841 1438 895 et
1475 839 1725 895 tantam
1761 832 1898 896 eius
1934 831 2252 896 iacturam
2290 852 2430 897 esse
2468 831 2772 911 sciamus,

839 927 913 984 ιιι
991 917 1237 982 nullam
1320 917 1631 981 maiorem
1706 917 1918 981 facere
1984 917 2327 1001 possimus.
2419 918 2513 982 At
2575 937 2771 1000 quam

834 1003 1061 1090 procul
1105 1003 1417 1068 absumus
1462 1001 1541 1067 ab
1585 1002 1780 1069 huius
1812 1003 2096 1085 exempli
2130 1002 2530 1068 imitatione:
2576 1024 2771 1085 quam

837 1089 1007 1155 male
1090 1087 1303 1154 adhuc
1374 1088 1731 1171 comparati
1795 1087 1876 1151 ad
1944 1087 2233 1153 fidelium
2302 1089 2601 1173 exempla
2668 1110 2769 1154 se-

833 1176 1126 1260 quenda:
1166 1176 1365 1239 immo
1399 1175 1605 1257 ipsius
1639 1173 1910 1239 Domini
1935 1174 2139 1239 nostri
2163 1172 2454 1239 fidelium
2477 1174 2771 1239 omnium

837 1261 1088 1345 capitis,
1148 1261 1253 1326 cui
1295 1262 1560 1344 proprie
1602 1259 1787 1326 locus
1831 1260 1940 1324 ille
1985 1281 2067 1324 ex
2106 1259 2385 1326 Psalmis
2429 1260 2771 1327 convenit:

838 1347 1029 1414 Zelus
1084 1348 1303 1412 domus
1353 1352 1499 1412 tuae
1556 1346 1812 1412 comedit
1863 1366 1991 1410 me.-
2054 1351 2110 1411 et
2156 1345 2492 1429 opprobria
2551 1365 2772 1429 expro-

835 1433 1152 1500 brantium
1227 1432 1342 1498 tibi
1417 1433 1772 1499 ceciderunt
1831 1451 2023 1513 super
2084 1451 2200 1496 me.
2288 1431 2506 1513 Quam
2573 1433 2770 1496 etiam

838 1520 1203 1585 doctrinam
1258 1538 1379 1585 nos
1435 1518 1683 1584 Paulus
1741 1516 1925 1582 docet
1968 1537 2111 1582 esse
2156 1518 2271 1582 toti
2317 1517 2627 1584 ecclesiae
2676 1517 2771 1582 fa-

835 1605 1157 1671 miliarem
1244 1612 1310 1670 et
1396 1623 1828 1669 communem.
1917 1601 2095 1669 Sane
2159 1602 2356 1686 longo
2420 1603 2770 1670 intervallo

834 1693 1143 1758 absumus
1213 1689 1296 1755 ab
1360 1689 1482 1755 hac
1552 1689 1840 1754 fidolium
1901 1698 1968 1754 et
2020 1688 2149 1754 Dei
2205 1689 2558 1754 liberorum
2615 1698 2772 1754 nota

835 1786 909 1843 ut
972 1778 1042 1842 in
1109 1797 1231 1841 nos
1294 1774 1622 1858 quaelibet
1693 1776 2007 1853 convicia,
2095 1787 2162 1839 et
2227 1776 2767 1841 contumeliarum

835 1884 1028 1929 omne
1070 1882 1279 1947 genus
1320 1861 1648 1943 suscipere
1694 1861 2013 1938 malimus,
2074 1880 2269 1944 quam
2314 1861 2484 1926 ferre
2528 1869 2605 1926 ut
2645 1861 2772 1927 Dei

829 1968 1067 2015 nomen
1134 1947 1534 2029 blasphemis
1600 1945 1952 2028 impiorum
2016 1945 2284 2012 vocibus
2348 1946 2648 2012 laedatur
2706 1956 2773 2012 ct

827 2037 1230 2119 profanetur.
1320 2031 1614 2113 Quisque
1660 2031 1740 2096 de
1770 2052 1840 2096 se
1874 2032 2014 2114 ipso
2048 2033 2306 2116 cogitat,
2351 2033 2431 2097 de
2466 2033 2593 2098 Dei
2630 2032 2771 2116 glo-

828 2121 929 2186 ria
972 2140 1203 2205 parum
1250 2127 1365 2183 aut
1407 2118 1573 2182 nihil
1618 2116 1969 2183 sollicitus:
2015 2124 2080 2181 et
2123 2118 2179 2183 si
2216 2139 2412 2200 quam
2449 2120 2770 2184 iacturam

828 2207 999 2284 fecit,
1059 2205 1139 2270 de
1183 2225 1261 2269 ea
1303 2203 1733 2270 vehementer
1776 2201 2087 2286 deplorat.
2179 2202 2255 2269 Si
2297 2214 2602 2288 parentes
2647 2203 2769 2269 ali-

828 2312 1021 2374 quem
1067 2311 1151 2355 ex
1195 2289 1435 2367 liberis,
1491 2289 1549 2354 si
1593 2289 1864 2355 maritus
1909 2310 2197 2367 uxorem,
2256 2291 2311 2355 si
2358 2310 2525 2355 uxor
2571 2289 2770 2355 mari-

830 2388 993 2457 tum,
1039 2377 1096 2442 si
1141 2375 1420 2457 denique
1455 2387 1770 2458 cognatus
1806 2387 2175 2459 cognatum,
2222 2385 2289 2440 et
2324 2376 2571 2441 amicus
2605 2376 2767 2440 ami-

832 2483 981 2528 cum
1027 2461 1263 2537 amisit,
1310 2467 1427 2526 aut
1468 2462 1522 2525 si
1559 2460 1705 2543 quis
1742 2459 2024 2542 aliquam
2061 2460 2498 2527 calamitatem
2536 2482 2768 2544 passus

832 2556 953 2625 est,
1007 2566 1279 2633 magnos
1335 2544 1489 2612 hinc
1548 2544 1698 2611 inde
1753 2546 2086 2624 clamores,
2145 2567 2421 2629 magnos
2479 2546 2767 2630 undique

881 2634 1078 2699 assim
1134 2631 1412 2698 eiulatus
1456 2631 1704 2697 audias.
1791 2630 1886 2697 At
1941 2632 1996 2698 si
2042 2632 2316 2714 improbi
2360 2641 2428 2696 et
2470 2633 2767 2698 scelerati

831 2654 1133 2785 {omines
1176 2718 1389 2783 Deum
1440 2716 1836 2800 blasphemis
1879 2716 2150 2785 vocibus
2194 2717 2514 2783 lacerant:
2581 2717 2638 2783 si
2683 2716 2766 2782 ad

829 2805 1079 2890 flagitia
1131 2803 1297 2870 laxis
1359 2801 1633 2869 habenis
1686 2803 2074 2887 praecipites
2117 2804 2438 2883 feruntur,
2506 2803 2562 2868 si
2606 2802 2763 2868 fide·

824 2891 999 2958 libus
1065 2890 1484 2974 persequutio
1550 2890 1932 2967 intentatur,
2001 2889 2058 2954 si
2123 2889 2391 2955 ecclesia
2454 2890 2767 2955 conviciis

827 2974 1274 3060 improborum
1318 2974 1776 3059 proscinditur,
1833 2974 1893 3040 si
1935 2973 2176 3059 ubique
2218 2983 2606 3059 grassantur
2647 2976 2766 3039 fla-

831 3063 1013 3148 gitia,
1080 3062 1136 3128 si
1201 3061 1481 3144 deniqne
1543 3060 1851 3145 flagitiosi
1909 3059 2210 3126 homines
2268 3060 2584 3127 adversus
2643 3061 2768 3125 Dei

833 3150 1086 3215 cultum
1131 3147 1513 3227 efferuntur,
1559 3157 1628 3211 et
1670 3145 1952 3211 eundem
1996 3168 2108 3212 sus
2151 3146 2361 3229 deque
2394 3147 2565 3213 ferre
2602 3145 2768 3212 velle

830 3233 1157 3314 videntur,
1205 3234 1349 3314 quis
1393 3243 1614 3298 tamen
1661 3241 2125 3310 commovetur,
2172 3233 2318 3315 quis
2362 3232 2489 3299 ista
2532 3229 2764 3297 curat?

828 3319 1106 3386 Interim
1165 3325 1386 3383 tamen
1448 3317 1976 3383 Christianorum
2034 3317 2226 3382 titulo
2282 3319 2570 3384 maxime
2625 3317 2767 3401 glo-

829 3406 1100 3484 riamur,
1167 3405 1298 3469 imo
1364 3411 1431 3470 et
1494 3403 1849 3469 catholicae
1915 3401 2065 3468 fidei
2130 3402 2475 3470 columnae
2542 3403 2767 3469 haberi

834 3493 1163 3558 volumus.
1250 3490 1347 3556 At
1389 3509 1568 3573 sane,
1625 3488 1778 3555 licet
1819 3509 2039 3555 coram
2081 3487 2456 3556 hominibus
2545 3489 2771 3554 loriam

833 3576 1111 3659 aliquam
1190 3583 1612 3660 reportemus,
1702 3575 1845 3640 Deo
1909 3583 2129 3639 tamen
2195 3595 2325 3639 non
2391 3595 2509 3658 pro
2556 3595 2765 3653 amur,

833 3682 954 3728 nec
1010 3662 1082 3725 in
1139 3661 1341 3744 ipsius
1402 3660 1555 3726 filiis
1613 3659 1966 3726 habemur:
2036 3660 2164 3726 nisi
2223 3660 2418 3725 aliam
2480 3671 2767 3726 mentem

831 3745 1259 3825 induerimus,
1306 3766 1559 3829 nempe,
1608 3760 1680 3811 ut
1722 3746 1858 3812 zelo
1901 3746 2259 3812 maiestatis
2295 3746 2501 3830 ipsius
2538 3745 2766 3811 ardea·

830 3853 996 3911 mus,
1053 3842 1119 3896 et
1171 3831 1653 3914 promovendae
1708 3832 1917 3915 ipsius
1973 3831 2219 3916 gloriae
2258 3832 2475 3898 studio
2519 3832 2766 3898 afficia-

831 3938 999 3983 mur.
1089 3917 1186 3983 Ac
1229 3916 1518 4000 proinde,
1564 3919 1620 3983 si
1665 3918 1889 3984 venire
1932 3918 2000 3982 in
2046 3917 2387 3984 hominum
2429 3930 2767 4001 contemp-

836 4011 982 4069 tum
1025 4001 1230 4085 ipsius
1273 4004 1524 4068 cultum
1566 4001 2116 4088 conspexerimus,
2161 4005 2215 4069 si
2238 4025 2350 4069 sus
2386 4002 2592 4087 deque
2628 4024 2765 4068 om-

835 4089 949 4154 nia
1005 4088 1181 4168 ferri,
1240 4096 1307 4154 et
1362 4109 1669 4172 magnam
1726 4089 1967 4172 ubique
2024 4089 2470 4155 confusionem
2528 4088 2765 4154 adver-

832 4176 1122 4251 terimus,
1184 4194 1311 4239 non
1369 4173 1607 4240 leviter
1663 4175 1731 4240 id
1774 4176 2074 4253 feramus,
2134 4174 2248 4240 sed
2293 4196 2376 4240 ex
2417 4175 2581 4258 ipsis
2624 4196 2766 4242 cor-

834 4261 934 4326 dis
977 4259 1419 4344 penetralibus
1455 4261 1774 4345 lugentes,
1819 4261 2065 4326 serium
2103 4259 2386 4326 dolorem
2424 4267 2764 4341 testemur,

832 4345 941 4414 vel
986 4347 1140 4428 'ipsa
1195 4345 1438 4424 mortis,
1497 4347 1554 4411 si
1597 4368 1702 4413 res
1745 4345 2194 4430 postulaverit,
2254 4346 2585 4413 electione.
2675 4347 2766 4411 Et

833 4432 997 4498 haec
1040 4430 1377 4498 hactenus.

1005 4516 1192 4598 Quae
1258 4539 1413 4582 vero
1478 4516 1558 4582 de
1623 4515 1853 4583 mortis
1916 4537 2156 4601 genere
2220 4515 2548 4599 dicuntur,
2605 4518 2765 4585 talia

830 4612 990 4671 sunt
1045 4614 1119 4668 ut
1175 4602 1510 4668 horrorem
1566 4600 1935 4686 legentibus
1991 4603 2224 4669 merito
2282 4604 2535 4669 adferre
2579 4604 2762 4670 vide-

836 4699 1061 4755 antur:
1119 4690 1301 4773 quasi
1362 4688 1670 4753 nimirum
1712 4686 1871 4753 Heli
1916 4688 2113 4754 fuerit
2156 4709 2195 4753 a
2239 4689 2522 4755 Domino
2567 4690 2764 4773 plane

833 4775 1115 4841 reiectus
1149 4783 1217 4839 et
1247 4773 1562 4857 reprobus
1598 4776 1822 4840 factus.
1888 4773 2142 4840 Verum
2180 4775 2512 4842 enimvero
2549 4776 2764 4860 potius

831 4861 1008 4927 istud
1068 4869 1316 4927 certum
1363 4869 1501 4925 esto
1547 4859 1998 4925 testimonium
2042 4859 2304 4926 divinae
2346 4882 2506 4947 erga
2547 4863 2763 4945 ipsum

832 4945 1345 5027 benevolentiae,
1403 4945 1574 5030 quod
1618 4965 1771 5010 eum
1815 4948 1884 5011 in
1928 4946 2285 5012 electorum
2331 4968 2601 5012 numero
2645 4946 2762 5013 ha-

835 5029 1066 5110 buerit,
1132 5030 1451 5115 siquidem
1507 5038 1690 5096 tanta
1790 5053 1859 5097 ro
1912 5031 2036 5096 Dei
2080 5032 2289 5116 gloria
2332 5039 2398 5097 et
2443 5054 2594 5099 arca
2637 5034 2766 5100 soe-

838 5115 1008 5181 deris
1064 5116 1446 5197 sollicitudo,
1509 5138 1638 5202 qua
1694 5054 1898 5183 Ηῐέιὶὶιι
1958 5125 2256 5183 aestuare
2312 5118 2762 5201 conspicimus.

835 5221 969 5266 non
1027 5202 1155 5266 nisi
1211 5224 1251 5267 a
1294 5204 1437 5270 Deo
1480 5222 1746 5269 manare
1790 5204 2016 5289 potuit.
2107 5203 2522 5289 Quapropter
2563 5206 2763 5271 etiam

2462 295 2876 364 HOMILIA
2919 296 3188 364 XVIII.

4639 303 4736 370 436

2873 485 3134 554 videtur
3191 485 3253 551 ei
3311 487 3650 564 Dominus,
3718 485 3872 552 dum
3917 486 4210 570 corripit,
4263 507 4535 572 parcere.
4607 492 4737 561 Nam

2874 593 3066 655 saepe
3125 571 3350 638 videas
3407 572 3537 639 Dei
3579 572 4089 639 misericordiam
4132 594 4283 640 cum
4325 574 4522 657 ipsius
4557 576 4641 643 ira
4671 582 4740 647 sic

2874 659 3304 739 coniunctam,
3348 668 3424 723 ut
3467 658 3752 741 puniens
3786 669 4007 725 tamen
4044 659 4304 744 signum
4343 660 4584 744 aliquod
4612 663 4742 742 edat,

2873 765 2955 810 ex
3014 765 3146 826 quo
3206 766 3339 810 non
3383 765 3638 810 summo
3680 745 3824 811 iure
3868 746 4149 828 experiri
4193 747 4406 828 ipsum
4450 748 4742 829 nobiscum,

2872 829 2985 896 sed
3040 830 3257 913 potius
3318 831 3610 897 misereri
3669 839 3736 896 et
3792 830 4045 913 placide
4089 852 4284 916 agere
4327 831 4741 916 dignoscamus.

2872 916 3095 997 Quare
3160 916 3283 981 etsi
3339 917 3497 982 Heli
3554 925 3813 982 mortuo
3867 915 4127 984 videtur
4186 915 4371 983 Deus
4422 918 4626 985 iudicii
4667 926 4743 987 sui

2875 1002 3247 1068 testimonia
3294 1001 3595 1083 edidisse,
3640 1003 3697 1068 si
3741 1003 4128 1086 praesertim
4175 1003 4404 1069 mortis
4447 1025 4632 1088 genus
4658 1010 4743 1072 ad-

2873 1088 3127 1170 spicias,
3193 1097 3411 1154 tamen
3477 1089 3533 1153 si
3600 1088 3889 1154 vicissim
3955 1087 4256 1154 attendas
4319 1089 4520 1155 Helin
4572 1090 4743 1170 fuisse,

2874 1173 3004 1238 iam
3062 1174 3255 1238 annis
3310 1194 3601 1258 gravem,
3660 1184 3817 1258 puta
3874 1175 4341 1254 centenarium,
4398 1194 4473 1240 ac
4523 1179 4744 1260 proinde

2876 1258 3062 1325 valde
3129 1258 3480 1339 infirmum,
3560 1266 3629 1325 et
3691 1259 3940 1326 viribus
4007 1259 4432 1340 debilitatum,
4506 1263 4746 1329 futurum

2873 1346 3091 1423 fuisse,
3157 1345 3213 1409 si
3278 1344 3534 1429 longior
3598 1345 3657 1410 ei
3725 1346 3861 1410 vita
3924 1353 4074 1430 post
4137 1345 4493 1413 liberorum
4550 1349 4744 1414 obitum

2873 1431 3273 1514 contigisset,
3358 1439 3427 1497 et
3511 1439 3855 1514 sequutam
3942 1430 4251 1498 ecclesiae
4342 1432 4746 1500 desolationem

2873 1515 3336 1600 conspexisset,
3395 1523 3469 1582 ut
3527 1516 3780 1583 dolores
3834 1517 4044 1599 ipsius
4102 1538 4178 1584 ac
4235 1538 4483 1600 poenae
4523 1529 4750 1585 tormen-

2874 1611 3013 1666 tum
3084 1610 3153 1666 et
3230 1603 3557 1668 cruciatus
3636 1612 4038 1686 augerentur
4092 1611 4161 1669 et
4202 1606 4747 1688 exaggerarentur?

2875 1686 3097 1768 Quare
3162 1708 3362 1770 quum
3429 1699 3641 1754 morte
3705 1689 4049 1771 repentina
4112 1689 4412 1756 sublatus
4474 1699 4586 1770 est,
4651 1713 4748 1756 non

2875 1771 3141 1838 dubium
3205 1781 3325 1852 est,
3392 1775 3550 1856 quin
3615 1794 3696 1839 ex
3763 1775 3891 1840 Dei
3948 1774 4172 1840 favore
4229 1783 4300 1840 et
4356 1775 4750 1844 benevolentia

2873 1858 3050 1924 istud
3106 1859 3166 1923 ei
3228 1860 3643 1944 contingerit,
3712 1868 3786 1926 ut
3829 1873 4105 1925 mortem
4150 1860 4508 1927 faciliorem
4547 1865 4750 1945 experi-

2874 1955 3075 2011 retur.
3164 1945 3464 2028 Denique
3507 1946 3783 2010 bonitati
3826 1966 3984 2012 suae
4028 1957 4340 2028 paternae
4376 1948 4553 2013 Deus
4582 1948 4749 2015 locum

2872 2050 3133 2114 semper
3175 2031 3451 2111 invenit,
3497 2042 3563 2097 et
3608 2032 3821 2097 Deum
3862 2031 4286 2117 diligentibus
4322 2035 4540 2100 omnia
4571 2055 4749 2117 coope-

2873 2127 3105 2181 rantur
3162 2117 3231 2181 in
3292 2116 3555 2181 bonum.
3646 2116 4064 2201 Quapropter
4120 2120 4322 2184 etiam
4382 2119 4616 2186 Paulus
4663 2121 4750 2186 hoo

2874 2202 3083 2284 posito
3140 2202 3586 2283 fundamento,
3650 2201 3950 2268 fidelibus
3996 2205 4219 2269 omnia
4260 2205 4333 2269 in
4381 2204 4608 2271 bonum
4643 2226 4750 2272 coo-

2873 2289 3091 2370 perari
3132 2286 3479 2368 concludit,
3544 2288 3743 2354 etiam
3787 2297 4063 2354 mortem
4108 2289 4412 2357 fidelibus
4452 2291 4522 2356 in
4562 2292 4752 2357 bonum

2871 2372 3117 2440 cedere.
3207 2374 3353 2438 Etsi
3436 2395 3630 2458 saepe
3705 2375 4041 2459 contingat
4112 2386 4190 2440 ut
4253 2375 4584 2444 nobiscum
4641 2385 4753 2460 agat

2874 2459 3059 2526 Deus
3102 2460 3412 2540 severius,
3472 2461 3655 2544 quasi
3701 2461 3782 2526 ab
3827 2461 3966 2543 ipso
4010 2461 4333 2543 alienatis,
4394 2475 4462 2529 et
4502 2471 4752 2546 tanquam

2875 2545 3059 2610 nobis
3101 2544 3421 2624 inimicus,
3467 2566 3631 2628 quos
3673 2547 3971 2630 persequi
4016 2546 4100 2612 ad
4144 2547 4453 2614 ultimum
4495 2549 4648 2616 velle
4681 2546 4751 2612 vi·

2873 2630 3123 2712 deatur,
3179 2640 3399 2697 tamen
3455 2652 3586 2696 non
3654 2632 3855 2697 alium
3920 2654 4061 2698 esse
4119 2634 4617 2718 castigationum
4651 2634 4752 2699 exi·

2872 2725 3034 2792 tum,
3089 2737 3283 2800 quam
3340 2716 3654 2800 gaudium
3710 2727 3777 2782 et
3832 2718 4113 2784 salutem
4172 2719 4487 2797 fidelium,
4543 2720 4650 2787 etsi
4677 2716 4752 2783 vel

2872 2802 3253 2868 saevissima
3310 2811 3520 2868 morte
3563 2803 4056 2869 exstinctorum.
4143 2803 4500 2871 Caeterum
4540 2806 4753 2872 minime

2873 2885 3142 2953 dubium
3201 2896 3300 2953 est
3356 2888 3519 2971 quin
3581 2889 3761 2955 Deus
3817 2890 3976 2956 Heli
4035 2898 4246 2955 morte
4305 2892 4606 2975 populum
4643 2890 4754 2957 uni·

2871 2994 3136 3039 versum
3194 2973 3428 3056 punire
3470 2976 3897 3055 constituerit,
3957 2975 4254 3060 generali
4300 2977 4673 3045 desolatione
4703 2975 4754 3040 in

2871 3057 3058 3123 illum
3106 3060 3419 3125 accersita
3459 3067 3527 3125 et
3570 3059 3884 3127 derivata.
3972 3061 4422 3142 Quamobrem
4459 3085 4582 3129 non
4612 3061 4754 3128 satis·

2870 3142 3152 3209 faciebat
3193 3145 3429 3209 iudicio
3475 3145 3701 3211 divino
3746 3156 3937 3230 capta
3979 3166 4148 3227 arca,
4191 3169 4328 3213 non
4374 3170 4556 3215 caesa
4594 3147 4755 3214 homi·

2872 3251 3029 3295 num
3076 3231 3144 3296 in
3188 3229 3433 3313 praelio
3471 3232 3738 3315 triginta
3778 3232 4001 3311 millia,
4049 3255 4182 3297 non
4218 3235 4608 3319 reliquorum
4640 3234 4756 3316 fuga

2869 3323 2938 3380 et
2975 3315 3347 3398 dissipatio:
3392 3316 3507 3382 sed
3544 3317 3683 3382 tolli
3720 3319 3941 3401 populi
3979 3326 4181 3402 caput
4215 3321 4420 3386 etiam
4455 3318 4754 3406 oportebat,

2869 3409 2937 3465 et
2991 3401 3162 3484 quod
3206 3400 3556 3469 Zacharias
3600 3404 3774 3481 dicit,
3817 3406 3891 3469 in
3935 3404 4174 3487 populo
4216 3406 4513 3490 impleri:
4574 3405 4755 3471 Perac-

2866 3487 3025 3552 tiam
3072 3492 3409 3568 pastorem,
3467 3494 3523 3554 et
3563 3510 3702 3557 oves
3732 3491 4186 3574 diffamentur.
4277 3494 4500 3578 Atque
4547 3490 4757 3558 divinae

2870 3571 3341 3639 maledictionis
3398 3595 3530 3640 non
3585 3575 3762 3641 aliud
3822 3577 4036 3642 maius
4080 3577 4399 3644 indicium
4442 3587 4554 3657 est,
4605 3594 4757 3661 quam

2867 3666 2944 3724 ut
2986 3658 3242 3725 sublato
3285 3659 3548 3743 politico
3592 3662 3910 3745 regimine
3949 3671 4015 3727 et
4048 3662 4623 3740 administratione,
4657 3681 4758 3726 ma-

2869 3744 3052 3809 xima
3083 3766 3305 3811 rerum
3350 3745 3703 3814 invehatur
3736 3747 4045 3814 confusio,
4112 3749 4255 3814 Nae
4304 3772 4438 3816 non
4483 3752 4614 3835 ipsa
4647 3766 4756 3832 peu·

2869 3831 2970 3908 tis,
3032 3851 3162 3895 non
3211 3830 3412 3898 fames
3470 3841 3603 3898 tam
3671 3833 4056 3917 perniciosa,
4117 3855 4318 3918 quam
4359 3838 4638 3920 publicae
4670 3829 4753 3897 sd·

2868 3916 3369 3983 ministrationis
3450 3917 3722 3985 eversio.
3808 3919 3978 3984 Nam
4052 3926 4128 3985 ut
4192 3921 4469 3989 miseras
4527 3917 4753 4006 pecudes

2869 4023 3088 4067 errare
3133 4003 3430 4087 palantes
3475 4011 3541 4069 et
3584 4005 3851 4070 confuse
3885 4026 3961 4072 ac
3995 4005 4370 4074 inordinate
4405 4018 4623 4075 cuncta
4651 4002 4753 4089 geri

2870 4108 3132 4154 neccsse
3175 4095 3292 4154 est.
3380 4089 3611 4173 Itaque
3654 4090 3925 4157 cadente
3967 4101 4328 4158 retrorsum
4373 4093 4546 4172 Heli,
4588 4101 4648 4158 et
4681 4090 4751 4156 vi·

2869 4181 3004 4238 tam
3059 4175 3311 4241 cervice
3369 4176 3573 4241 fracta
3631 4177 3919 4254 finiente,
3979 4187 4229 4244 certum
4291 4187 4398 4245 est
4440 4181 4518 4246 de
4558 4174 4749 4264 populo

2869 4260 3176 4325 universo
3232 4259 3449 4326 Deum
3505 4281 3746 4344 poenas
3790 4262 4161 4346 sumpsisse.
4250 4265 4470 4350 Atque
4510 4265 4642 4331 ideo
4676 4259 4751 4326 vi-

2869 4343 3096 4410 demus
3153 4346 3485 4413 ecclesiam
3544 4348 3615 4411 in
3661 4348 3943 4415 Psalmis
3985 4350 4181 4415 etiam
4224 4353 4530 4436 conqueri
4571 4350 4642 4416 de
4673 4348 4751 4412 in-

2869 4432 3048 4515 genti
3090 4430 3274 4497 clade
3318 4442 3383 4499 et
3424 4431 3824 4500 desolatione
3866 4435 4192 4514 ecclesiae,
4237 4457 4406 4519 quae
4448 4445 4642 4504 morte
4674 4453 4748 4499 sa·

2868 4516 3206 4583 cerdotum
3264 4518 3455 4603 longe
3513 4530 3704 4586 aucta
3745 4528 3865 4598 est,
3908 4521 4079 4604 quod
4124 4532 4417 4589 mortuos
4459 4524 4641 4589 etiam
4674 4518 4750 4583 lu·

2866 4622 3018 4687 gere
3063 4623 3192 4668 non
3236 4605 3619 4688 potuissent.
3708 4605 3885 4687 Quid
3928 4605 4067 4672 ita?
4123 4608 4297 4674 Nam
4341 4629 4554 4676 nonne
4591 4602 4750 4673 mari·

2866 4699 3006 4753 tum
3086 4688 3462 4757 defunctum
3529 4712 3713 4771 uxor,
3794 4693 4069 4760 maritus
4135 4715 4412 4761 uxorem
4473 4703 4747 4761 mortuam

2866 4774 3092 4856 luget?
3168 4795 3385 4841 nonne
3438 4778 3699 4861 cognati
3751 4788 4081 4864 cognatos,
4151 4781 4356 4847 vicini
4414 4781 4640 4850 viciuos
4679 4773 4749 4838 18-

2865 4861 3106 4946 crymis
3185 4874 3473 4928 mortuos
3539 4864 4060 4948 prosequuntur?
4150 4865 4418 4947 Quanto
4481 4867 4744 4931 maiorem

2863 4946 3064 5030 igitur
3134 4948 3416 5031 oportuit
3473 4967 3618 5014 esse
3675 4950 4120 5017 Israelitarum
4179 4952 4429 5019 luctum
4486 4972 4557 5018 ac
4606 4965 4746 5014 moe·

2864 5053 3098 5108 rorem,
3143 5054 3276 5099 non
3321 5054 3453 5099 uno
3497 5044 3611 5099 aut
3646 5036 3849 5103 altero
3884 5037 4178 5122 cadente,
4221 5037 4337 5105 sed
4373 5045 4474 5103 tot
4503 5034 4743 5103 millibus

2864 5119 3070 5185 caesis
3125 5126 3192 5183 et
3245 5141 3378 5186 una
3435 5118 3878 5189 internecione
3921 5123 4103 5190 velut
4146 5124 4364 5191 subita
4405 5125 4743 5207 tempestate

2863 5204 3180 5271 sublatis?
3240 5205 3497 5273 Verum
3549 5208 3883 5277 enimvero
3934 5209 4257 5296 propheta
4310 5208 4495 5279 docet
4531 5228 4602 5276 eo
4637 5223 4745 5270 ma·
