5059 6059
295 319 400 387 497

289 509 406 574 sive
453 504 754 590 legentes,
809 501 953 568 sive
1010 500 1349 568 audientes
1404 501 1534 569 Dei
1587 502 1885 582 verbum,
1941 514 2196 570 mentes

288 603 510 659 nostras
546 590 618 654 in
658 587 912 656 coelum
959 587 1357 667 attollamus,
1413 600 1482 654 et
1523 608 1564 653 a
1605 588 1752 655 Deo
1793 587 1933 655 solo
1972 588 2195 673 cogni·

292 680 505 744 tionem
544 685 611 740 et
646 673 951 740 notitiam
994 673 1175 740 illius
1214 679 1602 775 expetamus
1643 682 1712 740 et
1742 673 2046 759 precibus
2079 675 2201 739 im·

289 775 622 850 peti-emus:
687 759 967 843 denique
1009 780 1095 825 ne
1135 760 1319 825 inam
1363 757 1893 827 Christianorum
1934 760 2197 827 nomine

287 849 628 933 gloriemur,
692 844 808 912 sed
868 846 1033 911 tales
1088 865 1162 911 re
1215 844 1361 929 ipsa
1416 845 1623 911 simus
1681 844 1909 930 quales
1965 844 2194 911 haberi

287 934 594 1000 volumus:
655 951 876 1015 neque
931 930 1400 1017 discipulorum
1442 930 1567 997 filii
1607 931 1740 998 Dei
1780 931 2045 998 nomine
2085 950 2197 997 vo-

284 1019 399 1087 cari
438 1038 562 1085 nos
610 1038 803 1102 posse
860 1018 1162 1097 sciamus,
1215 1015 1530 1101 quamdiu
1590 1016 1765 1101 quod
1820 1017 1964 1102 ipse
2005 1017 2197 1085 docet

284 1104 642 1185 reiiciamus,
719 1123 920 1187 quum
995 1103 1220 1187 potius
1294 1121 1561 1169 omnem
1624 1102 1964 1170 scientiam
2027 1122 2197 1187 quae

283 1210 469 1273 neque
518 1189 591 1254 in
644 1191 849 1256 sacris
890 1188 1279 1270 continetur,
1342 1208 1555 1272 neque
1597 1187 1683 1254 ad
1723 1188 2002 1255 salutem
2043 1208 2196 1254 nos-

283 1291 429 1340 tram
483 1273 664 1341 utilis
705 1285 823 1354 est,
888 1275 1157 1343 reiicere
1197 1283 1267 1340 et
1308 1274 1673 1341 abominari
1712 1294 1837 1341 nos
1877 1281 2195 1359 oporteat.

279 1362 475 1444 Atque
525 1360 891 1427 istiusmodi
932 1369 1036 1428 est
1073 1360 1229 1427 fidei
1268 1361 1708 1443 temperantia
1748 1369 1816 1427 et
1856 1359 2194 1427 modestia.

280 1446 478 1529 Quare
538 1466 962 1530 quaecunque
1024 1444 1211 1513 Deus
1273 1445 1460 1513 docet
1521 1444 1847 1514 servanda
1909 1453 2084 1523 sunt,
2129 1451 2196 1512 et

278 1535 465 1597 instar
515 1531 809 1598 thesauri
851 1530 1159 1598 habenda
1197 1540 1264 1597 et
1306 1530 1478 1598 bona
1520 1531 1649 1598 fide
1691 1540 1760 1598 et
1798 1531 2196 1600 conscientia

275 1616 619 1684 retinenda:
679 1618 953 1701 ideoque
1009 1619 1219 1701 ipsius
1273 1618 1480 1683 verbo
1521 1638 1664 1684 sese
1706 1616 2195 1685 subiicientibus

273 1701 622 1769 detestanda
680 1714 839 1770 sunt
895 1715 962 1770 et
1018 1701 1471 1782 abominanda,
1536 1712 1850 1788 tauquam
1892 1724 2071 1770 vana
2125 1712 2196 1769 et

278 1787 602 1870 mendacia,
693 1808 1119 1874 quaecunque
1196 1802 1389 1855 extra
1466 1788 1633 1855 illud
1706 1789 2005 1857 homines
2083 1788 2196 1855 do-

276 1876 521 1941 cuerint.

423 1962 862 2027 Transeamus
926 1960 1008 2027 ad
1054 1960 1236 2027 aliud
1279 1982 1409 2027 non
1454 1960 1674 2028 minus
1716 1959 2192 2028 observandum

273 2058 463 2129 caput,
520 2066 763 2130 nempe
819 2044 1040 2113 Deum
1101 2046 1357 2113 adorari
1415 2056 1485 2113 et
1539 2046 1666 2114 coli
1716 2046 1889 2114 velle
1931 2067 2066 2113 nou
2110 2068 2193 2113 ex

274 2145 504 2198 nostrae
546 2132 791 2198 mentis
834 2131 1123 2212 arbitrio,
1167 2152 1299 2199 non
1341 2140 1419 2199 ut
1460 2133 1628 2199 ratio
1670 2132 1937 2199 cuilibet
1977 2143 2045 2198 et
2083 2152 2193 2199 vo·

271 2218 464 2284 luntas
501 2216 790 2298 dictarit,
846 2217 963 2284 sed
1005 2239 1090 2285 ex
1129 2220 1235 2285 sui
1276 2218 1465 2286 verbi
1507 2218 1926 2304 praescripto.
2013 2217 2193 2286 Hinc

272 2304 463 2385 itaque
502 2302 833 2371 discamus
876 2324 1006 2388 quo
1049 2305 1189 2371 loco
1223 2305 1359 2371 siut
1390 2304 1730 2372 habendae
1764 2303 2006 2371 stultae
2038 2303 2194 2370 illae

270 2390 746 2473 ἐθελοθρησκείαι
801 2396 870 2455 et
924 2390 1134 2457 bonae
1174 2391 1575 2457 intentiones
1615 2410 1778 2474 quas
1821 2388 1947 2456 eibi
1990 2389 2192 2474 vulgo

272 2476 523 2558 fingunt,
579 2473 761 2558 quod
817 2484 1038 2542 tamen
1083 2477 1287 2543 totius
1328 2477 1399 2542 in
1440 2485 1680 2559 papatu
1725 2474 1932 2542 divini
1974 2475 2192 2542 cultus

269 2560 745 2627 fundamentum
780 2569 899 2627 est.
984 2563 1158 2629 Nam
1193 2562 1252 2629 si
1285 2581 1578 2646 quaeras,
1615 2559 1936 2644 quomodo
1970 2560 2191 2629 Deum

269 2645 460 2712 colant
492 2668 568 2714 ac
604 2654 1029 2730 venerentur,
1065 2668 1303 2732 nempe
1336 2648 1556 2713 aiunt:
1592 2647 1786 2713 Bona
1806 2647 2189 2713 intentione.

268 2730 463 2815 Atque
526 2733 660 2798 hoc
713 2742 1027 2816 tanquam
1083 2734 1306 2801 Aiacis
1359 2733 1589 2818 clypeo
1628 2752 1774 2799 sese
1814 2741 2189 2817 protegunt,

266 2827 330 2881 ut
364 2838 441 2884 ne
481 2817 882 2902 respondere
916 2827 1030 2886 aut
1061 2818 1304 2904 aliquid
1340 2820 1643 2903 cuiquam
1679 2818 1996 2885 adversus
2028 2817 2190 2884 obii-

265 2923 392 2970 cere
442 2904 660 2980 liceat,
716 2912 880 2987 puta
933 2904 1250 2972 adversus
1291 2904 1560 2972 stultam
1602 2904 1897 2988 ipsorum
1937 2904 2192 2988 opinio-

266 3009 415 3071 nem,
455 2998 523 3055 et
565 2989 892 3057 adversus
932 2990 1261 3075 quaelibet
1293 2990 1584 3075 ipsorum
1619 2990 1896 3057 somnia.
1983 2988 2193 3074 Atqui

266 3072 429 3142 Deus
476 3077 498 3141 i
667 3097 802 3140 non
847 3084 1105 3142 tantum
1150 3077 1555 3144 contrarium
1596 3096 1716 3142 nos
1759 3074 1996 3154 docuit,
2076 3076 2191 3142 sed

268 3159 477 3226 horren
524 3181 565 3226 o
608 3170 687 3228 et
726 3162 1050 3245 stupendo
1092 3162 1409 3246 supplicio
1453 3160 1931 3230 demonstravit
1970 3161 2191 3228 istius-

268 3244 415 3311 modi
474 3248 718 3314 stultas
772 3247 1116 3314 hominum
1165 3248 1547 3314 devotiones
1600 3255 1669 3313 et
1724 3246 1929 3313 bonas
1975 3246 2191 3315 inteu-

266 3330 449 3398 tiones
502 3354 673 3400 suae
726 3332 1048 3400 voluntati
1092 3354 1233 3400 esse
1275 3332 1654 3411 contrarias,
1707 3339 1776 3398 et
1816 3331 1982 3399 tales
2026 3353 2190 3417 quas

266 3436 336 3481 ne
386 3419 553 3485 ferre
611 3417 882 3501 quidem
940 3421 1163 3501 possit.
1252 3418 1418 3502 Quis
1475 3419 1695 3503 itaque
1736 3428 1873 3484 tam
1919 3428 2189 3503 stupen-

266 3498 399 3601 dum
436 3504 576 3572 irae
622 3504 757 3570 Dei
800 3503 1086 3605 sigillum
1129 3525 1267 3572 non
1311 3506 1595 3588 horreat,
1639 3525 1717 3572 ac
1760 3523 1892 3604 nou
1931 3517 2189 3570 contre-

256 3602 487 3769 ‚m
526 3609 769 3760 ‘31:3¹3
790 3588 1558 3761 Ἒεςῖξΐῖέΐεηῖ-ἓέἓοῗᾛὲ
1593 3588 1844 3741 m?
1855 3589 2188 3743 2333133‘:

253 3778 552 3841 imperare
595 3769 882 3845 oportet,
948 3783 1149 3846 quum
1195 3762 1613 3847 septuaginta
1654 3762 1834 3827 viros
1877 3760 1959 3826 de
2000 3762 2185 3845 prin-

257 3843 506 3931 cipibus,
574 3856 649 3914 et
707 3848 995 3931 quinque
1036 3848 1376 3914 hominum
1418 3847 1627 3912 millia
1668 3844 1752 3914 de
1792 3847 1981 3930 plebe
2021 3847 2186 3914 occi-

259 3927 410 3996 disse
449 3932 764 4017 legimus,
809 3953 940 3999 non
972 3952 1132 3999 sane
1166 3933 1597 4017 quodsi-cam
1620 3942 1877 3997 contem
1926 3933 2180 4011 sissent,

258 4036 372 4082 uon
426 4019 606 4102 quod
667 4018 1078 4098 lacerassent,
1148 4041 1283 4085 non
1342 4017 1510 4103 quod
1569 4029 1874 4085 contume
1899 4019 1966 4084 ia
2025 4019 2184 4083 affe·

257 4102 502 4185 canunt,
562 4103 684 4172 sed
742 4103 914 4188 quod
976 4116 1208 4171 contra
1256 4107 1535 4171 vetitum
1577 4124 1722 4170 eam
1765 4104 2038 4188 propius
2080 4106 2186 4170 in-

260 4190 668 4271 spexissent?
716 4188 907 4272 Quis,
951 4191 1244 4273 inquam,
1288 4201 1424 4256 tam
1448 4188 1850 4256 horrendum
1872 4189 2181 4256 iudicium

254 4295 369 4340 non
410 4285 687 4357 metuat,
752 4275 900 4360 quis
959 4297 1092 4341 nou
1155 4277 1567 4342 cohorrescat
1629 4274 1795 4341 illud
1860 4275 2178 4342 audiens?

256 4357 459 4440 Quare
501 4363 652 4430 Dec
697 4360 962 4428 credere
1002 4375 1071 4427 et
1112 4361 1307 4428 fidem
1344 4359 1586 4428 habere
1620 4360 1948 4428 discamus
1959 4384 1977 4441 3
2020 4382 2106 4428 ne
2142 4383 2186 4429 a

252 4446 454 4514 stultis
510 4447 988 4515 intentionibus
1043 4448 1175 4515 illie
1214 4468 1336 4514 nos
1376 4446 1590 4531 decipi
1630 4446 1977 4531 patiamur,
2035 4449 2181 4532 qui-

255 4528 362 4597 bus
414 4554 762 4618 speremus
812 4545 1070 4618 gratum
1116 4534 1214 4599 illi
1259 4535 1393 4600 fore
1434 4552 1886 4617 quemcunque
1928 4532 2181 4600 cultum

254 4617 347 4682 vel
382 4617 603 4704 *invito
644 4619 1092 4704 obtulerimus,
1137 4619 1349 4704 pluris
1388 4620 1702 4685 facientes
1745 4617 1982 4685 stultas
2025 4638 2180 4685 nos-

254 4712 379 4769 tras
439 4705 944 4790 imaginationes
1005 4715 1072 4772 et
1130 4706 1367 4772 inanes
1420 4704 1911 4789 speculationes,
1979 4723 2179 4787 quam

258 4789 429 4855 verbi
451 4792 663 4876 ipsius
695 4791 1201 4875 simplieitatem,
1244 4790 1412 4876 quod
1450 4793 1590 4875 ipse
1612 4790 1739 4856 Dei
1760 4789 1939 4855 filius
1959 4810 1996 4855 e
2026 4790 2183 4857 sinu

252 4876 448 4953 patris
528 4877 720 4944 nobis
795 4876 1086 4961 protulit.
1174 4877 1306 4945 Hic
1367 4877 1573 4962 igitur
1636 4885 1775 4943 esto
1840 4876 2179 4959 terminus,

246 4957 399 5027 haec
439 4973 621 5030 meta
659 4963 837 5030 intra
878 4984 1075 5048 quam
1115 4973 1400 5029 mentem
1436 4971 1737 5030 nostram
1764 4960 2182 5045 retineamus,

250 5044 371 5112 Dei
412 5049 695 5116 verbum
737 5050 1034 5117 unicum:
1080 5048 1255 5132 quod
1298 5070 1431 5115 non
1472 5049 1636 5115 haec
1677 5056 1938 5114 tautum
1981 5047 2185 5115 histo-

254 5131 361 5208 ria,
418 5133 535 5199 sed
595 5143 733 5199 tota
788 5135 1112 5219 scriptura
1152 5154 1337 5201 sacra
1378 5136 1621 5219 passim
1663 5132 1962 5199 inculcat.
2047 5135 2184 5202 Ne-

253 5236 374 5297 que
414 5240 581 5284 vero
624 5219 966 5287 immerito.
1051 5220 1229 5286 Nam
1267 5221 1393 5289 etsi
1425 5221 1668 5289 centies
1701 5218 1937 5287 millies
1967 5218 2183 5288 incul-

444 5319 675 5378 Galo-‘m’
701 5337 892 5393 opera.
965 5322 1088 5380 Vol.
1116 5321 1350 5380 XXIX.

1606 313 1706 380 IN
1741 313 1796 380 Ι.
1842 312 2024 381 LIB.
2069 313 2472 382 SAMUEL.
2516 312 2712 382 OAP.
2758 309 2915 378 VII.

4122 314 4252 384 498

2298 508 2502 584 cetur,
2566 502 2787 571 Deum
2843 502 3018 570 nolle
3072 502 3197 571 coli
3251 522 3334 568 ex
3392 502 3733 570 hominum
3795 503 4137 574 voluntate
4180 515 4251 572 et

2298 586 2596 670 arbitrio,
2637 588 2754 656 sed
2797 608 2882 654 ex
2926 590 3030 656 sui
3075 589 3260 656 verbi
3302 589 3726 674 praescripto,
3784 597 3982 673 atque
4025 591 4248 657 animo

2298 675 2499 740 etiam
2544 675 2709 742 haec
2750 675 2983 741 notitia
3025 675 3331 755 haeserit,
3376 685 3562 741 tauta
3602 687 3827 741 tamen
3860 677 4113 761 ingenii
4147 688 4250 743 est

2296 759 2534 828 levitas
2592 769 2660 826 et
2717 769 2996 827 naturae
3054 761 3512 840 inconstantia,
3581 770 3662 827 ut
3717 759 3940 828 statim
3999 763 4105 829 vel
4163 762 4250 829 ad

2297 844 2468 912 levis
2541 865 2741 913 aurae
2817 848 3048 913 flatum
3115 846 3198 912 ad
3261 847 3601 934 ingenium
3668 857 4098 927 revertamur,
4180 859 4250 915 et

2300 930 2621 1016 quidquid
2687 953 2758 998 se
2821 931 3008 999 nobis
3070 932 3397 1012 obtulerit,
3462 932 3684 999 statim
3742 931 4249 1017 amplectamur:

2298 1016 2475 1100 quod
2545 1017 2858 1084 nimirum
2931 1017 3362 1102 praecipuum
3417 1017 3942 1102 fundamentum,
4016 1041 4248 1104 nempe

2297 1101 2497 1168 fidem
2538 1124 2670 1169 non
2707 1105 3129 1184 retineamus,
3172 1124 3306 1188 qua
3335 1113 3647 1187 tanquam
3684 1104 3910 1171 fomite
3946 1106 4246 1171 notitiam

2297 1187 2482 1254 illam
2526 1187 2609 1255 ad
2654 1211 2847 1256 usum
2893 1210 3083 1256 suum
3125 1190 3505 1267 referamus,
3550 1199 3619 1256 et
3652 1189 3725 1254 in
3769 1210 3849 1256 ea
3883 1191 3966 1257 ad
4002 1199 4246 1258 metam

2299 1294 2509 1358 usque
2590 1274 3033 1343 decurramus.
3123 1274 3310 1341 Adeo
3368 1284 3526 1343 sunt
3588 1275 3657 1341 in
3727 1276 3887 1342 vitia
3949 1276 4249 1343 homines

2297 1360 2645 1443 proclives,
2681 1373 2749 1428 et
2781 1381 2854 1427 se
2889 1361 3125 1444 quovis
3160 1368 3360 1427 vento
3392 1361 3535 1444 rapi
3570 1361 3933 1445 patiuntur.
4024 1360 4247 1444 Quare

2296 1448 2510 1530 magis
2562 1446 2942 1514 enitendum
2987 1457 3063 1513 ut
3103 1446 3342 1512 animis
3384 1449 3630 1513 nostris
3671 1447 4035 1532 defigamus
4071 1447 4245 1532 quod

2297 1531 2490 1598 toties
2532 1532 2599 1598 in
2646 1532 3274 1611 sacris'inculcatur,
3340 1552 3597 1615 nempe,
3653 1532 3914 1599 nullum
3956 1554 4247 1617 unquam

2295 1617 2548 1683 cultum
2647 1616 2794 1684 Deo
2875 1629 3140 1703 gratum
3208 1619 3347 1685 fore
3407 1619 3535 1685 nisi
3600 1639 3793 1702 quem
3856 1620 3997 1702 ipse
4062 1639 4246 1703 prae·

2295 1702 4248 1874 333?‘ozss‘qiiessi'pssffissinffi&migissfflssi’aiffi

2295 1892 2498 1958 supra
2561 1875 2923 1960 attigimus,
2989 1876 3104 1959 qui
3168 1874 3340 1959 quod
3397 1875 3732 1942 labantem
3776 1895 3991 1944 arcam
4040 1896 4244 1942 manu

2296 1961 2735 2040 sustinuisset,
2794 1970 3067 2046 repente
3124 1960 3382 2028 occidit.
3471 1960 3598 2028 Cui
3661 1961 4030 2028 addendum
4075 1963 4251 2047 regis

2295 2043 2470 2112 illius
2514 2046 2890 2130 exemplum
2935 2047 3248 2126 Huzziae,
3292 2047 3405 2130 qui
3446 2046 3720 2131 pulchre
3763 2046 3984 2113 Deum
4028 2069 4101 2114 se
4134 2068 4249 2114 ve-

2295 2133 2514 2197 nerari
2573 2133 2948 2212 arbitratur,
3005 2132 3176 2216 quod
3218 2132 3290 2197 in
3333 2133 3654 2216 templum
3699 2133 4035 2218 ingressus
4077 2135 4248 2217 ipse·

2293 2225 2432 2283 met
2494 2219 2849 2286 sacerdotis
2905 2219 3084 2286 vices
3138 2218 3424 2302 implens
3465 2217 3754 2285 adolevit
3795 2240 3993 2303 super
4035 2219 4242 2286 altare

2294 2302 2571 2370 suffitus.
2659 2303 2793 2386 Qui
2848 2304 3005 2372 licet
3060 2305 3263 2372 stulta
3319 2303 3669 2370 devotione
3711 2304 4011 2387 ferretur,
4075 2325 4243 2391 quae

2294 2394 2511 2455 tamen
2555 2388 2776 2474 aliqua
2816 2390 3034 2474 specie
3076 2389 3285 2456 divini
3327 2389 3544 2457 cultus
3578 2391 3939 2474 tegebatur,
3985 2396 4107 2457 etsi
4144 2391 4242 2456 al·

2298 2475 2504 2542 terius
2546 2475 2832 2543 officium
2875 2475 3236 2556 invaderet,
3328 2485 3564 2559 epetuo
3602 2473 3914 2543 dedecore
3948 2483 4016 2542 et
4048 2477 4240 2562 ignc-

2293 2561 2501 2713 33¹3ss
2542 2559 4242 2715 {iistiinffimssffifflfflffiffissffffiffi

2293 2732 2478 2816 lepra
2529 2753 2882 2816 percussus
2935 2732 3018 2798 ab
3062 2733 3413 2816 hominum·
3446 2734 3776 2799 consortio
3819 2743 3889 2800 et
3930 2735 4241 2801 societate

2296 2819 2579 2886 reiectus
2633 2827 2749 2885 est.
2837 2818 3057 2902 Atque
3113 2819 3240 2884 hoc
3291 2818 3421 2884 fuit
3477 2817 3719 2884 stultae
3775 2819 3982 2904 ipsius
4037 2819 4240 2887 devo·

2295 2904 2492 2971 tionis
2526 2905 2922 2989 praemium:
2966 2925 3166 2988 quam
3196 2904 3265 2969 in
3300 2914 3545 2988 papatu
3600 2903 3805 2971 bonas
3839 2905 4240 2971 intentiones

2297 2998 2550 3056 vocant.
2636 2988 2877 3056 Danda
2952 2991 3172 3075 itaque
3245 2989 3436 3056 nobis
3500 3008 3699 3073 opera
3764 2998 3864 3056 est
3927 2998 4003 3056 ut
4065 2992 4241 3056 intra

2295 3075 2705 3142 obedientiae
2748 3077 3065 3142 terminos
3106 3095 3230 3141 nos
3288 3076 3383 3141 ita
3424 3075 3896 3157 contineamus,
3950 3096 4037 3142 ne
4081 3075 4240 3160 quid

2296 3181 2381 3227 ex
2422 3170 2648 3228 nostro
2691 3162 2960 3228 arbitrio
3001 3160 3450 3246 suscipiamus,
3493 3159 3609 3227 sed
3645 3160 3728 3227 ad
3761 3162 4240 3246 praescriptum

2292 3246 2500 3331 ipsius
2535 3266 2657 3314 nos
2692 3265 3176 3331 componamus.
3239 3247 3567 3329 Deinceps
3602 3266 3759 3312 vero
3793 3247 4240 3315 Betheemitae

2293 3332 2602 3399 dicuntur
2657 3333 3093 3400 exclamasse:
3154 3331 3321 3415 Quis
3363 3342 3585 3416 posset
3624 3332 3976 3400 consistere
4019 3353 4239 3400 coram

2290 3417 2546 3486 Iehova
2601 3417 2746 3483 Deo
2801 3419 3244 3486 sanctissimo:
3305 3437 3386 3484 ac
3441 3417 3710 3501 proinde
3752 3419 4065 3486 statuisse
4109 3420 4240 3487 alio

2289 3504 2517 3588 procul
2573 3524 2613 3569 a
2670 3523 2741 3570 se
2798 3524 3017 3571 arcam
3062 3503 3190 3570 Dei
3236 3503 3736 3581 amandandam,
3795 3515 3873 3571 ut
3914 3503 3997 3572 ab
4041 3524 4121 3571 ea
4159 3505 4239 3572 li-

2289 3590 2694 3656 berarentur.
2783 3588 3223 3671 Quamobrem
3282 3589 3500 3658 missis
3553 3589 3635 3654 ad
3680 3589 4081 3657 habitatores
4124 3612 4237 3656 ur-

2290 3674 2392 3742 bis
2462 3674 2943 3741 lebat-imorum
3015 3675 3275 3741 nunciis
3329 3695 3442 3741 eos
3498 3675 3817 3742 invitasse
3873 3676 3956 3741 ad
4016 3696 4235 3742 arcam

2287 3761 2462 3845 apud
2504 3782 2578 3827 se
2637 3760 3100 3845 recipiendam,
3158 3760 3470 3827 honorem
3526 3770 4006 3844 praetexentes,
4060 3764 4230 3846 quod

2286 3846 2461 3931 apud
2532 3848 2707 3932 ipsos
2775 3846 3211 3915 commodiore
3283 3847 3607 3912 domicilio
3659 3848 4007 3917 frueretur.
4096 3848 4233 3916 Sed

2284 3953 2551 4000 causam
2585 3933 3022 4018 praeeipuam,
3058 3931 3312 4000 cladem
3348 3933 3663 3997 nimirum
3688 3931 3869 3999 illam
3896 3935 4234 4020 ingentem

2285 4019 2633 4085 occultant.
2722 4017 3237 4084 Immoderatum
3301 4018 3502 4084 fuisse
3571 4017 3732 4084 illud
3797 4020 4091 4103 ipsorum
4149 4043 4233 4087 ex

2285 4125 2473 4171 arcae
2532 4105 2821 4171 adventu
2872 4103 3204 4189 gaudium,
3261 4113 3553 4188 apparet,
3611 4112 3678 4170 et
3733 4125 3864 4170 non
3924 4126 4004 4171 ea
4042 4127 4231 4172 reve-

2284 4191 2497 4257 rentia
2552 4201 2618 4257 et
2659 4189 2895 4256 timore
2938 4198 3280 4272 exceptam
3324 4190 3450 4256 Dei
3494 4210 3712 4256 arcam
3758 4210 3889 4274 quo
3943 4191 4227 4259 decebat.

2288 4278 2384 4343 Ac
2422 4277 2575 4343 licet
2608 4275 2863 4361 ingenti
2894 4275 3013 4341 illa
3045 4274 3231 4341 clade
3263 4274 3691 4342 vehementer
3724 4276 3952 4343 afflicti
3987 4290 4228 4360 esseut,

2282 4372 2500 4429 tamen
2559 4361 2852 4429 nondum
2908 4361 2991 4428 ad
3049 4362 3290 4428 seriam
3348 4361 3612 4428 adducti
3656 4372 3845 4427 erant
3887 4363 4228 4445 poeniten-

2282 4449 2463 4514 tiam.
2549 4446 2740 4530 Quiu
2807 4447 2944 4513 imo
3011 4446 3302 4513 indurati
3372 4455 3439 4513 et
3495 4447 3827 4514 obfirmati
3889 4447 4224 4514 videntur:

2281 4535 2453 4617 quod
2518 4555 2605 4599 ex
2671 4543 2853 4599 metu
2914 4532 3030 4599 illo
3093 4541 3163 4599 et
3223 4543 3473 4600 terrore
3541 4553 3669 4617 quo
3723 4534 4006 4617 correpti
4066 4545 4226 4600 sunt

2280 4620 2439 4687 satis
2512 4627 2806 4704 apparet.
2895 4618 3068 4684 Nam
3133 4618 3245 4684 ubi
3309 4620 3572 4685 tandem
3638 4617 3754 4682 illa
3815 4639 3950 4701 qua
4012 4639 4226 4702 nuper

2280 4705 2695 4772 exsultarunt
2737 4703 3033 4771 laetitia?
3078 4704 3220 4771 Nae
3261 4717 3535 4789 repente
3577 4702 3795 4769 ablata
3836 4716 3966 4784 est;
4007 4725 4224 4788 neque

2279 4791 2456 4857 enim
2518 4799 2599 4856 ut
2669 4790 2938 4856 decebat
3005 4790 3131 4856 Dei
3188 4790 3423 4856 timore
3477 4790 3824 4855 nitebatur.
3911 4790 4221 4876 Agnosco

2281 4876 2542 4960 quidem
2616 4878 2813 4941 etiam
2890 4875 3135 4942 Davidi
3213 4875 3566 4959 contigisse
3637 4872 3809 4939 idem
3874 4876 4049 4958 quod
4114 4877 4226 4944 hic

2280 4961 2810 5030 Betbschemitis.
2898 4961 3071 5027 Nam
3119 4961 3232 5027 ille
3274 4981 3476 5045 quum
3522 4980 3739 5027 arcam
3785 4957 3915 5026 Dei
3955 4975 4224 5047 cuperet

2278 5050 2617 5202 {idm
2640 5045 4220 5221 Essffffffii'ss‘ssssssffissfflssoesstssfflss

3714 5177 3731 5210 9

2279 5222 2427 5307 pius
2485 5220 2670 5286 illam
2734 5219 3026 5300 haberet,
3088 5217 3201 5288 ubi
3265 5216 3436 5284 vidit
3497 5217 3675 5285 Ozae
3715 5237 3960 5304 casum,
4033 5231 4220 5290 metu
