5059 6059
774 319 902 387 387

779 517 1046 594 propter
1088 509 1145 575 si
1188 530 1317 574 non
1362 508 1574 590 primo
1632 526 1887 590 quoque
1946 506 2052 572 die
2104 507 2301 571 fimus
2348 505 2725 570 divinarum

781 597 1286 679 promissionum
1331 594 1698 678 participes,
1744 593 2071 676 patienter
2104 592 2366 658 illarum
2397 591 2725 675 impletio·

783 702 935 747 nem
974 679 1473 763 praestolemur:
1516 701 1680 762 quas
1714 699 1832 744 suo
1870 687 2161 762 tempore
2183 679 2368 743 Deus
2405 678 2724 760 perficiet:

781 768 859 834 ac
916 767 1202 833 vicissim
1249 765 1393 830 Deo
1460 767 1654 830 minis
1713 775 2000 830 terrente
2058 773 2254 846 atque
2311 764 2394 829 ad
2438 764 2724 828 officium

785 853 1132 930 excitante,
1199 871 1282 917 ne
1347 871 1842 934 segnescamus,
1904 861 1971 916 et
2034 859 2347 932 tanquam
2426 849 2726 933 lethargo

785 938 1067 1022 correpti
1110 948 1361 1002 metum
1407 937 1986 1002 comminationum
2028 937 2236 1018 ipsius
2278 936 2352 1001 in
2396 934 2587 1000 nobis
2629 955 2730 1001 so-

785 1024 916 1108 piri
956 1026 1282 1089 sinamus:
1341 1023 1454 1088 sed
1499 1023 1572 1087 in
1616 1023 1995 1087 memoriam
2051 1021 2332 1106 singulis
2376 1021 2727 1085 momentis

787 1131 865 1176 ea
908 1130 1076 1193 quae
1119 1111 1201 1175 ab
1247 1110 1387 1193 ipso
1429 1107 1877 1174 audiverimus
1912 1128 2317 1187 revocemus,
2362 1128 2446 1172 ne
2480 1107 2726 1171 incauti

787 1193 1373 1278 deprehendamur,
1416 1204 1528 1259 aut
1571 1195 1756 1259 nobis
1808 1194 1967 1277 ipsis
2011 1191 2498 1259 incredulorum
2546 1212 2728 1257 more

788 1281 1044 1348 delitias
1085 1282 1422 1358 faciamus,
1467 1301 1544 1346 ac
1588 1279 1767 1346 vitiis
1810 1279 2289 1365 indulgeamus,
2342 1288 2727 1362 perpetuam

787 1389 1017 1453 pacem
1074 1376 1141 1433 et
1198 1366 1743 1448 tranquillitatem
1804 1366 1992 1430 nobis
2051 1366 2452 1448 pollicentes,
2521 1364 2727 1430 donec

790 1454 1056 1519 tandem
1109 1453 1403 1518 incautos
1456 1452 1641 1518 Deus
1697 1452 2058 1535 opprimat:
2124 1451 2295 1534 quod
2339 1451 2728 1533 plerumque

787 1539 1100 1623 improbis
1156 1538 1411 1621 accidit,
1476 1538 1633 1602 dum
1690 1537 1833 1620 sibi,
1898 1546 1973 1602 ut
2039 1538 2326 1619 loquitur
2388 1536 2726 1619 propheta,

789 1625 1047 1709 quidvis
1090 1624 1498 1708 pollicentur,
1542 1624 1727 1706 quasi
1772 1624 1853 1688 ab
1898 1624 2075 1688 omni
2118 1624 2289 1687 malo
2322 1622 2457 1689 sint
2489 1624 2728 1687 immu-

788 1733 926 1791 nes,
971 1710 1147 1793 quod
1190 1731 1337 1775 cum
1380 1718 1590 1774 morte
1633 1708 1858 1774 foedus
1900 1709 2189 1774 inierint.

957 1797 1155 1862 Ratio
1199 1795 1503 1878 deinceps
1547 1794 1868 1874 adiicitur,
1927 1816 2163 1878 nempe
2209 1794 2508 1875 quoniam
2551 1793 2734 1859 Deus

785 1882 940 1948 Heli
986 1882 1280 1964 patefecit
1334 1901 1403 1946 se
1441 1880 1726 1945 ulturum
1768 1885 1828 1945 et
1869 1882 2299 1947 iudicaturum
2341 1881 2593 1944 dmum
2634 1880 2730 1960 ip-

785 1970 926 2035 sius
962 1972 1217 2049 propter
1272 1968 1655 2048 iniquitates,
1714 1987 1879 2048 quas
1934 1967 2003 2030 in
2058 1967 2175 2032 illa
2231 1971 2287 2030 et
2340 1971 2462 2030 toto
2495 1965 2731 2047 populo

785 2054 1282 2136 deprehenderat.
1371 2053 1632 2132 Quibus
1688 2052 1903 2118 verbis
1952 2073 2136 2118 suam
2183 2051 2501 2117 iustitiam
2545 2050 2732 2115 Deus

788 2161 1003 2207 coram
1048 2138 1350 2204 omnibus
1396 2137 1720 2220 patefacit,
1764 2151 1838 2202 ut
1881 2159 2001 2203 nec
2044 2138 2421 2214 iniustitiae,
2466 2156 2586 2202 nec
2630 2157 2731 2201 se-

790 2226 1090 2293 veritatis
1135 2224 1425 2290 accusari
1472 2224 1705 2290 merito
1751 2225 1972 2307 possit,
2018 2224 2173 2289 licet
2215 2222 2529 2289 adversus
2575 2220 2732 2287 Heli

790 2312 1109 2377 familiam
1153 2309 1635 2376 severissimam
1683 2309 2033 2376 vindictam
2076 2319 2396 2387 exerceat,
2451 2328 2616 2390 quae
2659 2308 2730 2371 in

791 2408 1005 2462 totum
1071 2395 1375 2479 deinceps
1439 2396 1756 2478 populum
1835 2405 1902 2459 et
1964 2397 2297 2480 regionem
2379 2392 2730 2458 derivetur.

788 2484 990 2549 Prius
1034 2482 1209 2547 enim
1253 2481 1622 2546 admonitus
1667 2482 1820 2547 Heli
1877 2480 2128 2560 dicitur,
2185 2479 2731 2565 quemadmodum

790 2571 1064 2632 missum
1110 2567 1194 2632 ad
1236 2588 1384 2631 eum
1432 2567 1819 2650 prophetam
1862 2586 1902 2631 a
1944 2566 2228 2632 Domino
2271 2567 2573 2649 superius
2616 2587 2730 2631 au-

793 2653 1096 2719 divimus.
1188 2652 1473 2718 Gravior
1535 2663 1755 2718 autem
1798 2654 1892 2718 ita
1931 2653 2123 2736 culpa
2163 2656 2257 2732 fit,
2302 2673 2501 2735 quum
2548 2651 2731 2716 Deus

791 2749 1162 2823 peccatores
1205 2738 1513 2804 admonet
1556 2738 1636 2804 de
1679 2740 1814 2806 suis
1849 2740 2152 2822 peccatis,
2198 2749 2265 2803 et
2299 2738 2731 2803 nihilominus

790 2826 919 2908 ipsi
977 2826 1046 2889 in
1102 2824 1334 2890 iisdem
1390 2833 1830 2907 perseverant.
1921 2826 2092 2890 Nam
2159 2825 2281 2891 etsi
2341 2843 2557 2890 coram
2601 2823 2731 2888 Dei

790 2909 1035 2976 iudicio
1100 2911 1196 2975 rei
1262 2917 1581 2990 tenemur,
1647 2931 1855 2994 quum
1920 2911 2125 2977 veluti
2188 2911 2376 2976 laxas
2440 2909 2730 2974 habenas

790 2997 982 3063 nobis
1036 2996 1355 3078 permisit,
1400 2996 1597 3079 duplo
1651 3006 1874 3063 tamen
1933 3000 2029 3062 rei
2085 3000 2301 3073 fimus,
2362 2996 2417 3061 si
2462 2995 2545 3060 ab
2587 2996 2729 3076 ipso

792 3081 1128 3163 admoniti,
1185 3102 1261 3149 ac
1324 3083 1525 3148 veluti
1581 3083 1821 3148 fraenis
1866 3085 2187 3162 retroacti,
2231 3091 2456 3146 tamen
2499 3081 2569 3145 in
2612 3082 2729 3145 fla·

791 3169 967 3252 gitiis
1025 3188 1544 3252 perseveramus.
1632 3167 1909 3248 Quoties
1973 3170 2191 3252 itaque
2234 3168 2420 3232 Deus
2477 3166 2730 3249 aliquos

792 3256 1020 3337 poenis
1064 3264 1347 3334 exercet,
1391 3261 1460 3319 et
1503 3275 1544 3318 a
1587 3253 1772 3319 vitiis
1813 3264 1993 3320 metu
2030 3274 2389 3337 poenarum
2425 3252 2732 3334 deterret,

793 3342 848 3406 si
891 3341 1320 3423 perrexerint,
1381 3346 1448 3404 et
1489 3338 1562 3404 in
1606 3340 1856 3406 malitia
1907 3341 2333 3425 perstiterint,
2391 3338 2576 3404 velut
2618 3338 2730 3404 ob·

792 3428 1168 3492 stinatiores
1224 3426 1399 3505 faeti,
1455 3433 1528 3490 ιιι
1588 3426 1803 3492 inanis
1861 3428 1948 3491 sit
2006 3426 2298 3493 vocantis
2351 3424 2498 3504 Dei,
2559 3433 2628 3488 et
2692 3444 2732 3488 a

794 3513 971 3579 vitiis
1029 3511 1112 3577 ad
1167 3532 1241 3577 se
1294 3513 1662 3577 revocantis
1716 3533 1930 3596 opera,
1991 3532 2209 3578 nonne
2268 3510 2350 3575 ad
2393 3530 2729 3576 summum

791 3597 1159 3680 iniquitatis
1220 3598 1557 3662 cumulum
1612 3596 1761 3662 illos
1817 3598 2079 3664 venisse
2137 3597 2371 3662 merito
2436 3595 2727 3660 dixeris?

792 3681 1044 3748 Idcirco
1105 3682 1288 3748 Deus
1352 3685 1480 3748 ista
1536 3684 1928 3749 nominatim
1984 3682 2145 3748 Heli
2211 3683 2578 3766 exprobrat,
2647 3703 2730 3746 ne

792 3768 1254 3848 ignorantiam,
1301 3777 1372 3833 ut
1395 3769 1777 3852 plerumque
1822 3791 2046 3835 omnes
2082 3768 2314 3848 solent,
2356 3777 2729 3850 praetexat:

790 3867 857 3920 et
912 3855 1217 3919 omnibus
1273 3855 1535 3938 effugiis
1591 3855 1765 3920 viam
1826 3854 2204 3939 praecludit,
2263 3875 2462 3936 quum
2523 3853 2619 3918 ait
2661 3874 2732 3919 se

789 3940 976 4023 prius
1019 3939 1222 4003 Helin
1288 3938 1706 4005 admonuisse
1770 3941 1851 4006 de
1916 3940 2407 4006 imminentibus
2462 3942 2581 4005 toti
2636 3940 2730 4004 fa-

792 4025 1011 4090 miliae
1054 4025 1303 4107 poenis,
1361 4033 1426 4089 et
1484 4025 1745 4108 quidem
1804 4026 2028 4092 addita
2071 4027 2324 4091 ratione
2369 4027 2730 4103 confirmat,

779 4116 1040 4195 propter
1076 4111 1473 4191 iniquitatem
1515 4111 1594 4176 ab
1633 4113 1799 4195 ipsis
1840 4114 2205 4179 admissam.
2286 4109 2544 4192 Quibus
2586 4132 2731 4176 ver·

796 4196 893 4262 bis
936 4198 1150 4261 omnis
1173 4198 1611 4262 excusationis
1646 4210 2028 4281 praetextus
2062 4199 2158 4263 illi
2195 4197 2537 4262 adimitur:
2576 4217 2733 4262 nam

790 4284 928 4348 fere
970 4302 1229 4365 semper
1273 4300 1514 4347 novam
1557 4284 1841 4366 aliquam
1878 4284 2186 4350 mortales
2221 4282 2732 4349 defensationem

791 4367 1110 4433 adversus
1166 4367 1387 4432 Deum
1456 4369 1524 4432 in
1591 4380 1895 4453 promptu
1953 4370 2226 4435 habent:
2293 4390 2452 4453 quos
2517 4369 2733 4453 potius

790 4463 1168 4537 oportuerat
1244 4453 1615 4536 loquentem
1688 4457 1783 4522 sic
1858 4457 2145 4522 revereri
2220 4463 2296 4520 ut
2371 4453 2453 4519 ad
2517 4455 2727 4520 solum

789 4543 935 4606 eius
991 4549 1227 4603 nutum
1284 4540 1826 4608 obmutescerent.
1916 4540 2052 4608 Sed
2109 4549 2293 4608 tanta
2355 4541 2729 4606 mortalium

792 4635 895 4692 est
958 4625 1358 4709 arrogantia,
1427 4637 1502 4690 ut
1557 4626 1696 4692 Deo
1756 4627 1918 4692 vitia
1982 4626 2407 4711 exprobranti
2473 4647 2733 4711 semper

791 4711 1263 4794 obloquantur:
1306 4719 1374 4777 et
1415 4713 1698 4777 convicti
1744 4713 1913 4792 licet,
1959 4715 2205 4797 effugia
2247 4721 2466 4777 tamen
2513 4713 2729 4778 nescio

792 4816 960 4880 quae
1017 4797 1623 4863 comminiscantur:
1694 4805 1879 4863 tanta
1924 4810 2023 4865 est
2071 4801 2396 4865 humanae
2454 4808 2730 4863 naturae

791 4885 1122 4967 corruptio
1166 4891 1233 4948 et
1276 4884 1528 4950 vitium.
1618 4884 1754 4950 Sed
1807 4886 1961 4967 quid
2018 4884 2124 4951 hic
2165 4883 2324 4949 Heli
2383 4884 2729 4966 exciperet,

790 4968 935 5034 Deo
980 4969 1354 5036 declarante
1407 4991 1541 5036 non
1594 4971 1931 5055 incognita
1988 4973 2185 5037 fuisse
2230 4970 2513 5035 filiorum
2559 4971 2727 5052 patri

791 5055 1085 5138 flagitia?
1168 5055 1282 5121 Sic
1323 5076 1499 5133 sane,
1561 5067 2127 5141 quantamcunque
2189 5056 2485 5123 homines
2545 5056 2726 5139 igno·

790 5141 1073 5203 tantiam
1127 5151 1514 5223 praetexant
1570 5153 1999 5226 peccatorum,
2066 5144 2120 5210 si
2177 5162 2325 5208 cum
2385 5142 2528 5207 Deo
2586 5143 2727 5206 iure

790 5223 998 5291 velint
1062 5228 1361 5310 experiri,
1423 5229 1724 5297 convinci
1778 5229 1955 5314 ipsos
2015 5249 2279 5296 neeesse
2336 5235 2455 5293 est.
2553 5227 2726 5293 Nam

2419 312 2833 379 HOMILIA
2876 314 3071 381 XIV.

4627 314 4727 381 388

2830 504 2943 588 qui
2986 505 3082 588 fit,
3125 504 3412 584 obsecro,
3455 513 3531 570 ut
3572 503 3696 569 sibi
3739 503 3900 587 ipsis
3944 501 4254 568 mortales
4295 502 4636 588 imponant,
4672 527 4732 572 ac

2830 589 3038 656 veluti
3082 591 3419 674 consopita
3463 590 3859 656 conscientia
3914 588 4097 654 laxas
4141 587 4427 655 habenas
4483 588 4561 654 ad
4601 591 4733 656 vitia

2829 677 2954 743 sibi
3021 678 3439 761 permittant,
3506 677 3710 742 donec
3777 674 4116 758 turpitudo
4184 674 4475 757 ipsorum
4547 677 4731 760 palam

2830 848 2911 912 de
2955 848 3236 930 peccatis
3280 847 3696 932 arguuntur?
3741 867 3961 912 annon
4006 846 4364 930 hypocrisis
4400 847 4734 914 hominibus

2830 934 3062 999 innata
3105 954 3303 1000 causa
3345 936 3617 999 istorum
3666 935 3811 998 est?
3900 933 4152 1015 Nempe
4210 933 4493 998 latebras
4535 935 4735 1016 quibus

2830 1020 3169 1103 effugiant,
3229 1031 3306 1085 ut
3358 1021 3452 1085 ait
3508 1020 3839 1098 Ieremias,
3902 1030 4258 1101 quaerunt:
4327 1028 4395 1083 et
4438 1039 4509 1084 se
4547 1041 4734 1103 repre-

2833 1106 3032 1170 hendi
3091 1106 3360 1171 moleste
3416 1108 3670 1183 ferunt,
3738 1105 3961 1170 omnia
4016 1126 4167 1172 cum
4221 1104 4632 1171 simulatione
4683 1119 4738 1171 et

2833 1192 3164 1275 hypocrisi
3227 1193 3491 1270 faciunt,
3547 1190 3714 1256 nihil
3775 1191 3964 1257 triste
4030 1201 4147 1255 aut
4209 1190 4582 1256 luctuosum
4642 1214 4737 1257 au·

2833 1276 2973 1343 dire
3034 1277 3285 1344 volunt.
3377 1281 3594 1361 Atque
3652 1277 3814 1344 adeo
3873 1276 4192 1342 rationem
4250 1277 4353 1341 sui
4411 1278 4563 1342 facti
4619 1276 4738 1342 Deo

2833 1362 3103 1429 reddere
3169 1371 3507 1442 recusant,
3575 1372 3640 1429 et
3707 1364 3844 1428 eius
3909 1361 4222 1428 iudicium
4287 1363 4574 1447 effugere
4642 1385 4736 1447 pro

2836 1449 3089 1514 viribus
3142 1460 3501 1516 conantur:
3561 1449 3686 1533 ipsi
3744 1448 3869 1514 sibi
3925 1459 4260 1530 stuporem
4320 1448 4637 1530 adferunt,
4687 1467 4739 1514 et

2834 1536 3031 1611 omni,
3092 1546 3165 1599 ut
3206 1536 3302 1600 ita
3345 1536 3576 1616 dicam,
3635 1556 3831 1600 sensu
3878 1543 4018 1600 s'ese
4061 1535 4345 1616 privant.
4435 1534 4570 1600 Nos
4609 1557 4739 1602 vero

2833 1641 3063 1687 sanam
3123 1629 3192 1686 et
3247 1621 3474 1686 utilem
3535 1622 3689 1687 hinc
3745 1621 4108 1686 doctrinam
4155 1639 4484 1704 eruamus,
4541 1643 4741 1704 nempe

2833 1705 3114 1771 dandam
3160 1727 3424 1772 omnem
3469 1708 3655 1773 nobis
3698 1727 3979 1790 operam,
4046 1716 4124 1770 ut
4168 1707 4500 1773 discamus
4542 1729 4739 1792 agnos-

2834 1812 2982 1858 cere
3041 1803 3303 1876 peecata
3356 1804 3600 1868 nostra,
3662 1802 3728 1858 et
3782 1793 3851 1857 in
3898 1812 4015 1856 nos
4059 1792 4236 1874 ipsos
4281 1793 4626 1877 diligenter
4662 1794 4742 1858 in-

2833 1877 3123 1960 quirere;
3181 1887 3255 1944 ut
3310 1878 3391 1943 de
3435 1880 3623 1945 nobis
3665 1880 3857 1945 sicuti
3902 1897 4023 1962 par
4063 1890 4165 1944 est
4199 1880 4577 1962 sentientes,
4624 1878 4741 1944 Deo

2835 1985 2955 2029 nos
3021 1986 3137 2048 per
3202 1962 3472 2030 verbum
3535 1967 3887 2042 incusante,
3952 1962 4278 2043 sileamus,
4349 1966 4613 2048 Deoque
4655 1966 4742 2031 de·

2838 2050 3037 2114 bitam
3097 2050 3376 2133 gloriam
3438 2051 3829 2116 tribuamus:
3887 2070 3963 2114 ac
4017 2060 4245 2132 sponte
4289 2072 4411 2117 nos
4458 2054 4582 2135 ipsi
4619 2072 4744 2116 cum

2838 2137 3018 2200 omni
3063 2135 3385 2200 modestia
3426 2146 3494 2201 et
3529 2136 4030 2202 mansuetudine
4066 2135 4512 2202 subiiciamu's.
4596 2136 4744 2218 Quin

2837 2222 2971 2284 imo
3031 2233 3098 2285 et
3151 2220 3325 2286 istud
3384 2223 3885 2300 observandum,
3955 2241 4073 2287 nos
4116 2221 4268 2287 licet
4312 2223 4588 2289 testibus
4625 2245 4746 2290 con·

2839 2307 3016 2373 vinci
3053 2328 3185 2371 non
3221 2308 3564 2390 possimus,
3602 2315 3822 2373 tamen
3862 2308 4197 2374 accusanti
4236 2309 4418 2375 intus
4454 2311 4748 2375 conscien-

2839 2394 2969 2457 tiae
3033 2414 3166 2458 non
3225 2404 3525 2476 oportere
3584 2394 3926 2460 reluctari:
3991 2392 4104 2460 sed
4161 2395 4467 2459 sufficere
4523 2397 4577 2460 si
4617 2395 4747 2460 mali

2838 2479 3134 2544 notitiam
3209 2478 3583 2545 habeamus.
3675 2478 4243 2560 Quemadmodum
4297 2480 4430 2548 hoc
4487 2482 4620 2548 loco
4667 2483 4746 2545 vi·

2837 2565 2994 2630 dere
3050 2572 3169 2645 est,
3236 2568 3522 2648 potuisse
3565 2566 3825 2647 quidem
3874 2566 4088 2631 Deum
4135 2576 4560 2633 accusantem
4600 2566 4748 2641 Heli,

2836 2652 3115 2716 obiicere
3154 2650 3437 2715 filiorum
3481 2651 3736 2736 flagitia
3778 2653 3900 2717 toti
3945 2653 4188 2735 populo
4232 2654 4647 2730 innotuissse,
4695 2663 4747 2716 et

2835 2738 3281 2803 confusionem
3347 2737 3418 2802 in
3477 2737 3605 2802 Dei
3663 2737 3915 2804 cultum
3974 2740 4055 2803 ab
4114 2738 4277 2822 ipsis
4329 2740 4655 2805 invectam
4690 2739 4744 2803 in

2834 2824 3129 2887 omnium
3164 2821 3370 2888 oeulis
3403 2844 3563 2888 esse.
3627 2823 3732 2902 Et,
3776 2825 4062 2905 obsecre,
4097 2837 4423 2908 quantum
4459 2827 4526 2891 in
4561 2827 4743 2909 ipsum

2833 2908 2991 2973 Heli
3073 2908 3351 2974 dedecus
3429 2907 3858 2989 redundabat,
3944 2931 4138 2994 quem
4204 2923 4580 2995 oportuerat
4636 2932 4742 2975 non

2833 3002 3092 3059 tantum
3172 2993 3708 3077 patremfamilias
3788 2996 3859 3059 in
3946 2997 4236 3079 regenda
4313 2998 4565 3063 familia
4626 2998 4744 3061 dili-

2835 3089 3121 3163 gentem,
3178 3079 3292 3145 sed
3353 3087 3669 3163 tanquam
3726 3102 4060 3147 summum
4106 3084 4501 3166 pontificem,
4565 3083 4745 3148 omnis

2834 3186 2977 3231 esse
3019 3166 3387 3231 sanctitatis
3430 3177 3496 3231 et
3539 3167 3801 3250 pietatis
3843 3167 4196 3251 exemplar,
4239 3189 4452 3252 quum
4495 3169 4742 3235 filiorum

2833 3272 3104 3318 suorum
3161 3252 3554 3335 flagitiosam
3612 3254 3823 3319 vitam
3867 3254 4328 3334 dissimularet,
4399 3256 4516 3339 qui
4559 3266 4743 3320 tamen

2835 3337 3043 3402 instar
3098 3337 3432 3402 latronum
3492 3338 3978 3420 grassabantur,
4039 3350 4106 3404 et
4167 3341 4292 3406 Dei
4356 3343 4574 3406 cultus
4622 3360 4747 3406 con·

2835 3432 3154 3506 temptum
3219 3424 3724 3490 scortationibus
3790 3435 3854 3490 et
3923 3425 4436 3495 helluationibus
4508 3427 4638 3492 suis
4690 3425 4746 3489 in

2837 3510 3219 3574 universum
3283 3510 3597 3593 populum
3655 3510 4069 3577 inducebant.
4162 3516 4404 3579 Annon
4460 3513 4586 3580 ista
4624 3532 4747 3596 gra-

2835 3595 3177 3660 vissimam
3220 3615 3261 3659 a
3305 3596 3590 3662 Domino
3636 3596 4009 3678 vindictam,
4069 3598 4139 3662 in
4185 3606 4395 3663 totam
4440 3599 4637 3684 ipsius
4675 3597 4746 3660 fs-

2835 3680 3083 3745 miliam
3151 3688 3219 3747 et
3278 3682 3657 3747 universum
3711 3683 4024 3768 populum
4070 3684 4536 3751 attrahebant?
4597 3684 4748 3767 Ergo

2835 3768 2928 3831 ait
2985 3768 3327 3848 Dominus,
3385 3769 3713 3852 cognitam
3771 3769 3896 3834 sibi
3940 3769 4098 3834 Heli
4142 3770 4346 3836 fuisse
4396 3771 4745 3838 sceleratam

2833 3853 3115 3918 filiorum
3163 3855 3386 3937 vitam,
3430 3855 3611 3937 quasi
3658 3855 3917 3933 diceret,
3965 3855 4147 3920 nullo
4189 3857 4390 3922 etiam
4417 3861 4748 3930 accusante,

2837 3949 3056 4004 tamen
3113 3960 3332 4005 coram
3389 3939 3652 4006 divinae
3710 3932 4067 4007 maiestatis
4112 3942 4428 4008 tribunali
4474 3943 4747 4026 detegen-

2838 4023 2988 4089 dam
3033 4026 3257 4108 -ipsius
3313 4024 3693 4103 socordiam,
3766 4026 3938 4110 quod
3998 4027 4373 4095 admonitus
4429 4029 4747 4094 admovere

2836 4110 3203 4177 necessaria
3247 4111 3538 4176 remedia
3599 4112 4021 4179 recusaverit.
4110 4113 4335 4194 Quare
4379 4117 4575 4199 agite,
4642 4115 4746 4176 fra·

2837 4205 2993 4274 tre8‚
3051 4198 3219 4262 serio
3278 4196 3675 4263 meditemur
3735 4199 3904 4263 hanc
3959 4198 4344 4278 doctrinam,
4406 4211 4477 4266 et
4519 4203 4583 4265 in
4625 4215 4747 4281 peo-

2835 4291 2984 4347 cata
3047 4291 3271 4346 nostra
3336 4282 3685 4368 diligenter
3747 4284 4181 4368 inquiramus,
4248 4297 4322 4351 ut
4381 4307 4514 4370 quo
4569 4283 4747 4366 magis

2834 4368 2954 4433 illa
3025 4369 3216 4433 nobis
3271 4370 3449 4451 prius
3506 4371 3869 4436 arriserunt
3942 4379 4126 4436 tanto
4186 4374 4397 4456 magis
4472 4372 4744 4450 deinceps

2836 4452 3241 4539 displiceant,
3300 4463 3368 4520 et
3410 4457 3643 4521 moniti
3687 4458 3924 4522 seriam
3970 4477 4242 4542 agamus
4286 4456 4743 4542 poenitentiam,

2842 4561 2926 4605 ne
3008 4540 3189 4606 vitiis
3253 4541 3739 4624 indormientes,
3818 4544 4064 4609 incauti
4131 4542 4505 4610 obruamur.
4591 4541 4742 4622 Quin

2836 4627 3033 4692 etiam
3095 4625 3299 4691 veluti
3357 4628 3693 4712 scopulum
3748 4649 3991 4694 vanam
4049 4628 4130 4694 de
4187 4631 4378 4696 nobis
4437 4630 4520 4697 ab
4564 4625 4742 4694 homi·

2838 4713 3027 4777 nibus
3105 4719 3486 4796 conceptam
3543 4715 3915 4798 opinionem
3977 4716 4326 4800 fugiamus,
4406 4736 4535 4799 qua
4586 4711 4743 4779 nobis

2831 4798 2991 4882 ipsis
3029 4796 3280 4864 delitias
3329 4798 3640 4866 facientes
3673 4802 3743 4866 in
3778 4801 4055 4868 maiores
4091 4802 4358 4886 laqueos
4392 4801 4743 4872 incidamus,

2832 4886 3017 4967 quasi
3102 4884 3272 4969 quod
3360 4885 3441 4951 ab
3521 4885 3897 4952 hominibus
3977 4889 4274 4955 convinci
4353 4903 4742 4972 nequeamus,

2831 4971 3012 5035 nulla
3036 4971 3319 5055 supersit
3346 4970 3627 5054 amplius
3650 4972 3872 5039 divina
3895 4972 4216 5040 vindicta:
4254 4974 4368 5040 sed
4390 4988 4614 5040 contra
4643 4987 4742 5034 nos

2831 5057 3004 5139 ipsos
3027 5058 3442 5141 exploremus
3477 5065 3543 5122 et
3579 5058 3660 5123 ad
3698 5059 3960 5126 divinae
3994 5061 4284 5127 iustitiae
4305 5060 4615 5125 trutinam
4648 5077 4740 5120 ex·

2829 5142 3206 5225 pendamus,
3225 5164 3300 5210 ac
3316 5143 3688 5226 loquentem
3703 5147 4356 5229 conscientiam,quae
4368 5146 4575 5212 instar
4591 5138 4741 5206 mille

2831 5230 3095 5295 testium
3125 5237 3246 5310 est,
3286 5229 3457 5314 quod
3484 5230 3661 5315 ipsos
3695 5250 3987 5318 paganos
4020 5253 4151 5298 non
4174 5234 4382 5314 latuit,
4407 5231 4738 5298 audiamus.
