5059 6059
374 258 471 325 361
1678 252 1780 318 IN
1820 251 1878 319 1.
1925 252 2107 320 LIB.
2153 250 2557 320 SAMUEL.
2607 250 2805 319 OAP.
2850 251 2939 320 11.
4133 281 4266 359 362

366 442 645 514 tendicula
718 441 959 507 nostris
1041 439 1528 507 adulationibus
1613 442 1959 523 fovemus:
2033 462 2254 508 nonne

361 532 467 598 Dei
512 537 905 610 contemptus
965 536 1082 605 est,
1141 540 1209 592 et
1265 527 1532 593 divinae
1589 527 1878 594 iustitiae
1935 530 2252 611 quaedam

364 612 763 702 oppugnatio?
811 613 1113 696 Denique
1146 613 1215 678 in
1254 613 1424 680 hanc
1459 634 1682 680 curam
1721 614 2250 692 incumbendum,

360 715 424 769 ut
470 700 681 784 quibus
722 700 790 763 in
836 697 1033 765 rebus
1079 699 1203 764 Dei
1248 700 1453 784 gloria
1496 702 1621 767 sita
1665 701 1756 766 sit
1799 701 2250 765 attendamus:

358 807 574 869 nempe,
627 795 701 850 ut
741 783 822 849 ad
866 785 1006 850 eius
1054 785 1322 850 verbum
1368 796 1749 866 tremamus,
1793 786 1875 851 de
1911 787 2251 851 maiestate

355 874 534 957 ipsius
571 870 783 935 divina
827 891 1166 954 nunquam
1210 873 1338 937 nisi
1384 872 1739 938 honorifice
1783 874 2141 937 sentiamus
2175 892 2251 937 ac

353 960 675 1042 loquamur,
730 957 872 1021 eius
928 977 1124 1040 opera
1168 957 1434 1042 singula
1476 958 1698 1042 magni
1741 957 2089 1023 faciamus:
2152 978 2251 1021 re-

352 1044 454 1110 bus
510 1042 757 1109 afflictis
837 1041 918 1107 ad
985 1044 1126 1108 eius
1191 1064 1382 1127 opem
1447 1043 1940 1128 confugiamus,
2008 1045 2088 1108 de
2157 1055 2251 1108 tot

353 1129 645 1211 tantisque
724 1128 867 1194 eius
930 1129 998 1192 in
1063 1151 1184 1196 nos
1251 1129 1583 1196 beneficiis
1647 1131 1890 1214 gratias
1956 1148 2247 1213 agamus,

348 1237 411 1281 ac
441 1213 685 1279 taudem
721 1234 887 1298 pura
931 1224 996 1279 et
1037 1215 1294 1281 sincera
1336 1226 1559 1281 mente
1602 1236 1845 1281 numen
1892 1216 2033 1280 eius
2077 1215 2253 1280 cola·

345 1323 488 1366 mus.
575 1300 678 1364 En
758 1321 922 1383 quae
984 1301 1125 1366 Deo
1199 1299 1509 1366 debeatur
1574 1300 1816 1385 gloria:
1882 1301 1963 1366 de
2020 1321 2149 1384 qua
2191 1300 2249 1365 si

343 1388 470 1470 quis
517 1389 721 1455 sciens
759 1406 836 1452 ac
878 1385 1107 1451 volens
1151 1387 1254 1453 vel
1300 1387 1633 1452 tantillum
1678 1388 2053 1463 detraxerit,
2109 1407 2249 1452 cer·

342 1482 460 1537 tum
539 1483 634 1540 est
697 1470 981 1537 ludibrio
1041 1481 1109 1537 et
1160 1473 1563 1556 contemptui
1622 1476 1913 1538 omnium
1973 1471 2248 1538 eandem

339 1557 504 1623 illum
548 1578 896 1641 exponere,
938 1556 1195 1641 Deique
1241 1559 1702 1642 promissiones
1746 1560 2110 1642 profanare,
2176 1578 2253 1622 ac

338 1643 546 1710 melius
613 1644 861 1709 homini
926 1643 1024 1709 illi
1088 1646 1147 1709 si
1214 1665 1544 1728 nunquam
1612 1654 1810 1710 natus
1876 1655 2049 1709 esset
2090 1644 2251 1722 fore,

335 1730 623 1811 quamdiu
694 1729 767 1794 in
844 1729 967 1795 hac
1033 1729 1393 1812 pertinacia
1449 1731 1829 1813 perstiterit.
1916 1728 2248 1811 Quamob-

334 1835 454 1879 rem
505 1837 578 1881 eo
621 1816 810 1881 nobis
868 1815 1250 1900 diligentius
1317 1816 1722 1894 cavendum,
1781 1837 1907 1899 quo
1976 1815 2244 1900 gravius

333 1898 424 1965 hic
463 1915 786 1984 peccatur,
832 1922 916 1966 ne
959 1901 1028 1966 in
1074 1901 1251 1967 istud
1295 1903 1547 1967 crimen
1590 1900 2100 1968 abominandum
2151 1900 2246 1964 vi-

332 1985 520 2052 olatae
575 1987 841 2052 divinae
899 1989 1277 2067 maiestatis,
1344 1999 1413 2053 et
1469 1987 1681 2054 laesae
1736 1989 1945 2071 ipsius
2002 1986 2250 2070 gloriae

328 2071 688 2139 incidamus.
782 2073 1000 2156 Atque
1071 2071 1234 2139 adeo
1299 2074 1653 2157 primariae
1725 2073 2066 2157 dignitatis
2125 2072 2249 2139 viri

330 2157 530 2222 sedulo
576 2159 682 2226 hic
729 2158 1320 2233 animadvertunto‚
1386 2161 1654 2242 gravius
1696 2160 1870 2243 ipsos
1914 2158 2248 2236 iudicium,

329 2263 438 2324 quo
490 2246 698 2310 maior
763 2255 861 2310 est
904 2244 1194 2326 ipsorum
1242 2245 1543 2329 dignitas,
1590 2264 1890 2310 manere:
1956 2245 2083 2310 nisi
2129 2263 2247 2327 pro

325 2327 553 2396 viribus
610 2331 743 2397 Dei
802 2329 1076 2415 gloriam
1123 2351 1505 2413 promovere
1548 2330 1936 2396 studuerint.
2025 2328 2246 2410 Quare

323 2414 369 2478 si
422 2435 600 2498 reges
646 2437 724 2482 ac
772 2417 1101 2500 principes
1143 2437 1300 2482 suae
1342 2418 1633 2500 ipsorum
1680 2418 1926 2501 gloriae
1969 2416 2245 2480 studiosi

319 2511 475 2574 sunt.
518 2501 780 2586 sibique
823 2503 1041 2566 omnia
1082 2501 1280 2568 licere
1322 2503 1575 2582 volunt,
1620 2513 1815 2585 atque
1859 2522 1940 2566 ex
1978 2501 2247 2566 arbitrio

321 2605 385 2650 ac
437 2585 705 2653 libidine
768 2589 989 2652 omnia
1031 2588 1260 2669 facore,
1318 2608 1394 2654 ac
1441 2589 1565 2653 Dei
1610 2587 1859 2673 gloriae
1903 2585 2248 2652 detrahere

322 2680 384 2734 ut
420 2672 539 2754 ipsi
581 2672 938 2752 excellant,
982 2672 1040 2738 si
1077 2694 1302 2739 veram
1340 2673 1723 2758 religionem
1758 2674 1942 2738 flocci
1981 2674 2247 2750 faciunt,

321 2753 389 2820 de
443 2758 580 2824 Deo
623 2760 1068 2844 perfunctorie
1112 2769 1369 2824 tantum
1415 2759 1788 2843 loquuntur,
1844 2758 2252 2842 superstitio-

316 2842 490 2908 nibus
547 2844 922 2929 indulgent,
983 2857 1178 2928 atque
1218 2843 1380 2910 adeo
1426 2845 1825 2929 blasphemis
1870 2846 2135 2910 vocibus
2178 2845 2244 2909 in

318 2926 515 2993 Deum
559 2932 953 3009 efferuntur,
1014 2942 1080 2994 et
1120 2932 1190 2997 in
1237 2932 1501 3014 quasvis
1545 2930 1764 2997 foedas
1809 2929 2113 2996 libidines
2152 2933 2246 2993 ef·

316 3012 687 3102 fervescunt,
737 3039 813 3084 ac
858 3016 1356 3083 scortationibus
1398 3016 1817 3101 polluuntur:
1862 3019 1916 3082 si
1964 3016 2248 3098 denique

317 3101 490 3182 aequi
549 3104 844 3186 rectique
899 3122 1123 3168 osores
1180 3113 1355 3181 sunt,
1415 3114 1666 3168 certum
1726 3111 1829 3168 est
1872 3103 2243 3185 proximum

313 3182 557 3253 illorum
594 3210 747 3255 esse
782 3208 1005 3255 casum
1040 3200 1108 3252 et
1138 3188 1500 3266 interitum,
1547 3210 1623 3255 ac
1660 3188 1930 3270 gloriam
1956 3188 2245 3271 ipsorum

313 3269 372 3334 iu
425 3274 700 3339 exitium
753 3296 828 3341 ac
873 3275 1298 3357 ignominiam
1343 3274 1871 3354 convertendam,
1938 3284 2249 3357 tantoque

313 3358 507 3442 magis
561 3361 862 3443 ipsorum
903 3360 1246 3425 interitum
1291 3362 1684 3444 stupendum
1731 3361 1888 3440 fore,
1943 3380 2071 3443 qno
2116 3379 2248 3423 ma-

308 3440 403 3510 im'
438 3444 735 3529 dignitas
777 3447 1139 3512 exstiterat.
1228 3445 1322 3510 At
1368 3466 1521 3511 vero
1564 3447 1621 3512 si
1666 3459 1799 3510 tam
1836 3467 2060 3511 severe
2097 3465 2244 3510 cum

476 3534 717 3613 agitur,
781 3551 1059 3615 quorum
1104 3540 1327 3596 tantus
1374 3531 1585 3596 honor
1628 3545 1786 3609 erat,
1833 3543 1907 3596 ut
1951 3552 2078 3595 non
2127 3531 2244 3595 ho·

526 3640 662 3683 non
772 3617 997 3696 leriae,
1057 3639 1186 3682 non
1233 3616 1538 3698 dignitati
1582 3629 1908 3702 parcatur,
1964 3616 2121 3700 quid
2164 3617 2248 3681 iis

525 3704 642 3785 qui
757 3703 884 3768 icet
946 3703 1236 3768 abiectae
1301 3701 1691 3769 conditionis
1760 3705 2246 3777 homunciones,

487 3807 680 3855 amen
720 3790 1050 3855 maiestati
1091 3788 1332 3854 bellum
1371 3789 1654 3856 indicere
1695 3789 1864 3856 velle
1902 3787 2244 3853 videntur?

488 3893 519 3940 «ι
585 3878 790 3959 agite,
858 3874 1109 3940 viribus
1172 3875 1476 3941 omnibus
1540 3876 1610 3939 in
1676 3875 1802 3940 Dei
1857 3875 2133 3959 gloriam
2180 3883 2249 3939 et

492 3981 609 4025 ‘am
658 3961 941 4038 collatis,
1002 3960 1126 4045 ipsi
1174 3961 1360 4026 nohis
1401 3981 1767 4036 caveamus,
1833 3972 2027 4044 atquc
2086 3959 2247 4024 adeo

513 4047 765 4112 ominis
808 4046 1073 4130 gloriae,
1139 4046 1428 4111 iustitiae
1472 4046 1921 4131 propagationi
1966 4048 2060 4111 sic
2108 4059 2246 4110 stu·

512 4152 581 4208 ·s,
645 4145 725 4199 ut
769 4133 909 4216 ipse
955 4152 1072 4216 pro
1115 4133 1254 4196 suis
1298 4153 1416 4197 nos
1456 4133 1734 4216 agnitos,
1793 4132 2042 4216 gloriae
2089 4151 2246 4196 suae

524 4219 623 4284 sic
667 4218 1012 4302 insigniat,
1071 4230 1144 4283 ut
1186 4219 1395 4301 magis
1439 4237 1516 4284 ac
1562 4219 1773 4302 magis
1816 4218 2243 4302 glorificetur:

515 4324 539 4367 ε
629 4305 943 4369 omnibus
1021 4323 1187 4387 quae
1267 4303 1588 4368 voluntati
1655 4306 1857 4387 ipsius
1922 4304 2246 4369 contraria

508 4389 901 4466 weistenoes,
948 4388 1301 4475 diligenter
1342 4409 1689 4454 caveamus
1735 4411 1820 4455 ne
1866 4411 2097 4455 nomen
2144 4393 2242 4474 ip-

498 4476 910 4542 eontumelia
963 4474 1281 4541 laedatur.
1371 4476 1540 4540 Nam
1600 4497 1759 4541 sane
1819 4476 2241 4540 metuendum

517 4561 922 4645 corruptelis
966 4575 1029 4626 et
1076 4560 1545 4644 pollutionibus
1590 4563 1815 4626 domos
1851 4582 1925 4627 ac
1964 4559 2244 4626 familias

513 4658 750 4713 nostra
793 4647 1203 4731 indulgentia
1248 4647 1757 4731 permiserimus,
1804 4648 2051 4712 meritis
2096 4656 2241 4709 tau-

496 4735 740 4816 poenis
784 4733 1163 4807 afficiamur,
1222 4745 1306 4807 et,
1365 4733 1534 4815 quod
1582 4735 1873 4798 minatur
1923 4734 2119 4811 Deus,
2162 4733 2244 4797 ab

446 4839 495 4884 ·s
556 4817 759 4885 domo
817 4820 1039 4902 procul
1100 4819 1453 4884 eiiciamur.
1543 4817 1790 4884 Oontra
1848 4818 2240 4898 sperandum

495 4905 628 4970 etsi
690 4905 915 4970 mundi
977 4904 1258 4969 dedecus
1313 4904 1542 4984 simus,
1600 4919 1668 4968 et
1712 4925 1832 4988 pro
1877 4903 2243 4987 quisquiliis

406 4992 864 5073 purgamentis
902 4991 1279 5066 habeamur,
1316 4989 1581 5055 taudem
1621 5004 1840 5055 tamen
1881 5012 1918 5054 a
1958 4991 2255 5055 Domino·

2360 448 2783 525 tempestates
2842 442 3267 528 imperterriti
3333 441 3581 509 cultum
3639 442 3738 508 illi
3795 442 4019 520 debim
4081 472 4238 541 offe·

2359 549 2602 593 ramus.
2693 528 2913 611 Atque
2956 529 3065 594 hic
3107 529 3402 594 omnium
3447 528 3765 594 bonorum
3809 529 3965 613 quib
4008 566 4047 610 g
4081 551 4228 630 Deo

2358 614 2649 699 quotidie
2712 615 3127 680 cumulamur
3191 617 3342 680 finis
3410 626 3528 694 est,
3616 624 3690 680 ut
3756 615 3946 700 glorie
4011 633 4217 716 §pm-us

2356 708 2750 783 quaerentes
2834 721 3077 766 novum
3140 715 3604 786 argumentum
3662 700 3803 765 eius
3863 701 3993 778 lats
4052 744 4201 802 cum

2358 787 2604 852 laetitia
2649 785 3066 870 praedicandi
3112 806 3187 851 ac
3233 787 3602 852 celebrandi
3647 786 3945 856 habeamt

2524 871 2665 938 Nos
2708 873 2928 955 itaque
2972 872 3299 957 supplices
3342 883 3463 938 etc.

2954 1163 3086 1246 Η(
3091 1164 3457 1247 >MILIA
3500 1164 3694 1246 XII.

2526 1336 2630 1401 31.
2692 1334 2852 1401 Ecce
2906 1334 3048 1401 dies
3103 1335 3374 1419 veniunt,
3449 1338 3505 1400 et
3553 1335 3920 1416 praecidam
3939 1349 4130 1432 :Mum

2354 1426 2551 1501 tuum,
2595 1425 2651 1487 et
2694 1419 3015 1486 brachium
3058 1421 3277 1488 domus
3307 1422 3527 1504 patris
3566 1421 3680 1498 tui,
3724 1426 3796 1486 ut
3838 1441 4123 1516 ”Okeneoe

2353 1508 2423 1572 in
2502 1508 2680 1572 domo
2756 1511 2886 1571 tua.
2973 1506 3078 1574 32.
3161 1505 3250 1571 Et
3310 1506 3547 1573 videbis
3609 1506 3977 1586 aemulum„
4040 1535 4112 1602 ὑ,

2353 1593 2591 1675 templo,
2634 1594 2706 1658 in
2739 1593 3057 1659 universis
3088 1594 3418 1674 prosperis
3440 1590 3680 1657 Israel:
3723 1598 3777 1657 et
3810 1614 4106 1687 nonem

2355 1681 2425 1746 in
2475 1680 2658 1745 domo
2712 1684 2825 1743 tua
2882 1678 3169 1744 omnibus
3208 1677 3445 1744 diebus.
3531 1676 3637 1742 33.
3698 1677 3944 1744 Verumt
3966 1717 4089 1772 no„

2354 1766 2649 1846 auferam
2678 1766 2944 1846 penitus
2998 1767 3212 1830 virum
3269 1783 3345 1828 ex
3400 1770 3457 1829 tc
3501 1762 3579 1828 ab
3624 1763 3817 1829 altari
3860 1780 3977 1846 ma
4012 1799 4085 1857 ut

2354 1851 2653 1932 deficiant
2718 1850 2882 1916 oculi
2946 1851 3062 1931 tui,
3127 1855 3183 1915 et
3237 1848 3506 1915 tabescat
3560 1850 3782 1914 anima
3832 1856 4078 1943 tuam„

2353 1957 2585 2021 mayna
2627 1936 2847 2003 domus
2885 1939 3027 2000 tuae
3071 1936 3373 2001 morietur
3415 1956 3606 2018 quum
3642 1935 3728 2001 ad
3759 1935 4067 2028 viriletem

2358 2023 2611 2086 venerit.
2699 2020 2805 2088 34.
2868 2020 3003 2087 Hoc
3057 2025 3263 2086 autem
3317 2022 3438 2086 erit
3492 2020 3606 2085 tibi
3647 2021 3902 2103 siynum
3941 2061 4054 2111 -en,

2355 2114 2568 2174 turum
2612 2114 2704 2172 est
2744 2106 2988 2173 duobus
3024 2107 3185 2190 filiis
3226 2108 3357 2172 tuis
3406 2105 3613 2188 Ophni
3654 2114 3710 2171 et
3745 2105 4048 2198 Phimdoe

2352 2214 2478 2259 uno
2536 2193 2877 2258 morientur
2937 2192 3137 2258 ambo.
3223 2192 3329 2258 35.
3387 2191 3477 2257 Et
3531 2192 3840 2258 suscitabo
3893 2209 4031 2279 mm

2351 2280 2550 2344 dotem
2586 2278 2848 2360 fidetem,
2902 2280 3014 2361 qui
3055 2280 3239 2344 iuxta
3280 2298 3383 2344 cor
3425 2298 3630 2343 meum
3673 2282 3729 2342 et
3769 2279 4021 2368 animm

2347 2365 2565 2446 faciet.-
2624 2369 2681 2429 et
2732 2364 3070 2446 aedificabo
3128 2365 3187 2430 ci
3241 2364 3494 2430 domum
3543 2363 3809 2448 fidelem,
3863 2368 3919 2429 et
3945 2383 4018 2454 κε

2349 2471 2560 2517 coram
2624 2449 2870 2516 Christo
2913 2470 3044 2516 meo
3078 2451 3316 2515 cunctis
3348 2448 3579 2515 diebus.
3667 2450 3772 2515 36.
3834 2448 4008 2538 Fuist

2351 2541 2561 2602 autem
2617 2540 2688 2600 ut
2743 2537 3091 2618 quicunque
3146 2537 3522 2601 remanserit
3562 2534 3633 2600 in
3674 2537 3853 2602 denuo
3905 2542 3998 2623 ‘tt

2351 2627 2422 2687 ut
2462 2624 2744 2687 incurvet
2783 2642 2851 2686 se
2892 2622 2954 2686 ei
2983 2626 3206 2702 petens
3244 2640 3586 2704 nummum,
3629 2626 3688 2687 et
3719 2621 3965 2704 buccellf

2351 2708 2636 2790 dicatque
2652 2732 2671 2771 .·
2760 2706 3026 2773 Dimitte
3095 2727 3208 2783 mc,
3302 2705 3565 2786 obsecro,
3652 2707 3740 2772 ad
3801 2696 3981 2794 unat}

2351 2792 2810 2874 sacerdotalem,
2864 2798 2935 2859 ut
2977 2793 3286 2859 comedam
3327 2791 3653 2859 buccellam
3689 2794 3906 2876 panis.

2524 2929 2855 2995 Hesterna
2932 2929 3241 2996 concione
3299 2929 3868 2996 comminationem
3925 2931 3946 2995 i

2353 3015 2513 3080 mini
2573 3015 2969 3094 audivimus,
3028 3037 3157 3099 qua
3199 3014 3607 3100 spoliandum
3653 3016 3953 3081 sacerdot

2352 3112 2489 3165 tate
2534 3110 2669 3166 tam
2715 3100 2891 3183 Heli,
2937 3122 3133 3184 quam
3176 3102 3384 3185 ipsius
3429 3113 3719 3185 posteros
3754 3100 3952 3166 Domi

2354 3187 2643 3252 minatus
2728 3187 2942 3253 fuerit.
3032 3187 3286 3270 Nempe
3364 3186 3535 3271 quod
3605 3208 3805 3270 quum
3871 3209 3956 3256 sac

2356 3272 2697 3356 dignitatis
2756 3273 2863 3337 hic
2906 3282 3081 3340 esset
3124 3274 3295 3353 finis,
3360 3283 3439 3338 ut
3481 3270 3628 3338 Deo
3673 3272 3930 3338 debitus

2353 3358 2558 3424 honos
2619 3356 3033 3424 redderetur:
3095 3358 3249 3423 Heli
3308 3379 3467 3424 vero
3513 3358 3716 3423 nimia
3757 3360 3825 3425 in
3871 3357 3958 3424 fili

2351 3447 2575 3530 gentia
2617 3444 2953 3524 effecisset,
2997 3455 3073 3509 ut
3118 3442 3248 3509 Dei
3293 3444 3509 3511 cultus
3544 3445 3717 3529 apud
3759 3444 3958 3529 popul·

2352 3543 2548 3605 ceret,
2594 3543 2659 3595 et
2703 3531 2768 3594 in
2815 3543 3262 3612 contemptum
3307 3531 3584 3606 veniret,
3645 3542 3836 3614 atque
3881 3549 3958 3598 on

2356 3615 2688 3681 sanatione
2732 3626 2799 3680 et
2841 3616 3221 3681 confusione
3269 3615 3465 3699 plena
3508 3626 3748 3698 essent,
3807 3635 3959 3699 aequ

2355 3722 2432 3768 ea
2491 3701 2814 3786 dignitate
2858 3704 3102 3785 privari
3148 3713 3214 3767 et
3256 3701 3545 3785 spoliari,
3590 3723 3806 3786 qnam.
3863 3724 3959 3786 qn:

2354 3809 2424 3853 se
2483 3801 2646 3867 erat,
2708 3787 3235 3860 dedecoraverat.
3280 3807 3356 3851 ac
3401 3808 3476 3852 ea
3523 3788 3795 3870 proinde
3837 3788 3958 3864 ind*

2354 3872 2721 3956 praebebat.
2812 3874 2954 3938 Iam
3022 3894 3176 3938 vero
3221 3872 3437 3958 pergit
3479 3893 3517 3936 a
3565 3874 3705 3939 Deo
3751 3876 3961 3941 missus

2354 3959 2466 4023 lim
2515 3960 2853 4043 propheta,
2897 3959 3232 4042 speciatim
3280 3958 3529 4035 docere,
3586 3960 3823 4042 quibus
3867 3961 3960 4025 He

2351 4065 2389 4108 a
2449 4045 2591 4110 Deo
2634 4064 2780 4109 cum
2828 4057 2963 4110 tota
3010 4047 3390 4128 posteritate
3433 4045 3522 4110 sit
3565 4045 3858 4113 affectus.
3948 4045 3960 4112 l

2353 4151 2479 4214 que
2521 4130 2847 4196 brachium
2889 4130 2990 4197 illi
3047 4130 3536 4211 amputandum.-
3599 4131 3665 4196 id
3705 4142 3804 4196 est
3862 4130 3960 4196 rol

2350 4216 2898 4294 exscindendam,
2994 4216 3435 4299 metaphorica
3540 4216 3922 4300 loquutione

2350 4304 2764 4367 autoritatem
2828 4302 3010 4367 illam
3069 4322 3262 4384 quam
3325 4302 3618 4385 pat-ribus
3676 4299 3959 4387 ipsiusl

2349 4388 2629 4472 largitus
2687 4401 2860 4454 erat:
2915 4394 2973 4454 et
3029 4386 3351 4453 brachium
3403 4388 3627 4455 domus
3669 4389 3890 4470 patris
3920 4387 3960 4470 a]

2349 4488 2448 4539 est
2506 4474 2925 4539 auferendam
2982 4474 3447 4539 sacerdotalem
3499 4475 3908 4559 dignitatem,

2348 4560 2490 4624 eius
2537 4561 2845 4624 familiam
2893 4562 2961 4624 in
3006 4571 3450 4642 contemptum
3493 4575 3854 4640 venturam,
3900 4575 3959 4624 a(

2347 4647 2640 4710 omnium
2724 4645 3202 4728 exponendam.
3294 4643 3549 4709 Deinde
3615 4649 3875 4729 signum
3941 4661 3958 4710 ¹

2348 4732 2964 4797 comminationibus
3008 4729 3367 4797 faciendam
3415 4731 3651 4807 adiicit,
3698 4730 3858 4796 duos
3894 4727 3959 4794 ill

2349 4819 2491 4902 gios
2537 4818 2780 4884 scilicet
2818 4820 3188 4883 sacerdotes
3224 4826 3293 4881 et
3328 4817 3547 4899 populi
3590 4827 3870 4881 rectores
3905 4811 3959 4880 E

2349 4923 2628 4986 quorum
2688 4905 2935 4988 rapinis
2978 4916 3043 4968 et
3086 4903 3589 4967 scortationibus
3635 4903 3846 4984 ipsum
3899 4902 3958 4966 D

2353 4989 2658 5054 naculum
2709 4991 2921 5054 fuerat
2965 4989 3404 5075 profanatum,
3481 5008 3610 5051 una
3670 4986 3868 5051 simul
3929 4983 3958 5052 c:

410 5075 796 5143 libertatem
855 5075 1262 5156 asserendos,
1321 5096 1398 5140 ac
1441 5076 1648 5161 gloria
1692 5077 2089 5158 sempiterna
2132 5074 2245 5139 do·
2348 5084 2551 5141 turos.
2640 5077 2864 5141 'l'ertio
2930 5075 3112 5140 addit
3180 5072 3385 5136 Deum
3447 5072 3575 5137 sibi
3622 5071 3872 5154 fidelem
3918 5091 3958 5138 a

382 5160 562 5242 udos,
636 5182 846 5246 eaque
903 5163 1274 5231 constantia
1327 5174 1403 5226 ut
1457 5163 1772 5228 adversus
1826 5182 2244 5246 quascunque
2346 5163 2854 5228 suscitaturum:
2899 5182 3090 5245 porro
3134 5157 3392 5224 fidelem
3432 5158 3748 5243 intellige,
3793 5158 3895 5224 vel
3921 5177 3957 5258 ‚q
