5059 6059
822 278 959 344 319

818 474 1117 553 pastores
1159 470 1227 530 et
1269 462 1585 543 doctores,
1628 467 1696 527 at
1742 482 1825 526 ue
1870 460 2030 528 adeo
2074 460 2386 529 ecclesiae
2429 460 2773 530 columnae

823 552 1266 622 inordinatam
1322 557 1388 614 et
1442 550 1706 617 inemen
1795 547 1988 613 bilem
2035 548 2240 614 vitam
2291 547 2554 633 degant,
2612 570 2765 615 nos·

828 662 956 725 que
999 659 1117 706 suo
1162 635 1467 720 exemplo
1486 635 1559 700 in
1604 634 2044 717 corruptelam
2091 635 2382 715 trahant,
2428 654 2513 699 ne
2549 642 2772 699 tamen

834 746 879 794 a
922 724 1048 792 Dei
1093 723 1294 789 verbo
1353 718 1791 787 recedendum
1836 719 2024 785 nobis
2077 718 2491 798 arbitremur,
2539 720 2655 785 sed
2698 741 2773 786 eo

825 813 1041 895 magis
1085 809 1291 875 vitam
1335 821 1630 873 nostram
1666 804 1748 872 ad
1772 806 1917 872 eius
1960 806 2258 891 regulam
2303 806 2772 890 expendamus,

828 899 899 964 in
942 916 1019 962 eo
1066 893 1339 959 Domini
1395 894 1602 959 nostri
1660 892 2029 958 doctrinam
2083 893 2166 958 ad
2228 914 2424 958 usum
2467 901 2770 958 nostrum

828 983 1209 1059 referentes,
1251 979 1537 1045 iubentis
1580 978 1831 1046 servari
1876 1000 1917 1043 a
1957 978 2259 1044 fidelibus
2303 999 2474 1062 quae
2518 978 2772 1044 scribae

828 1079 897 1137 et
964 1065 1292 1152 pharisaei
1348 1064 1649 1131 sedentes
1691 1065 1765 1128 in
1822 1064 2134 1131 cathedra
2177 1065 2384 1131 Mosis
2441 1062 2769 1144 docerent,

826 1164 899 1222 et
954 1173 1197 1238 pravos
1247 1172 1462 1218 mores
1517 1151 1780 1217 illorum
1839 1150 2180 1217 imitantes
2250 1150 2767 1216 condemnantis.

825 1242 1084 1324 Nempe
1130 1238 1297 1322 quod
1341 1237 1605 1303 illorum
1649 1236 2027 1320 exemplum
2070 1234 2149 1301 de
2194 1236 2404 1302 divini
2450 1237 2633 1302 verbi
2655 1256 2768 1300 au-

830 1328 1103 1394 toritate
1168 1322 1271 1390 vel
1316 1324 1653 1388 tantillum
1718 1322 2064 1389 detrahere
2109 1322 2293 1389 nefas
2336 1335 2454 1388 est.
2544 1320 2772 1403 Quare

828 1411 1195 1481 cavendum
1230 1429 1316 1474 ne
1365 1410 1437 1474 in
1483 1408 1831 1474 hominum
1872 1409 2043 1473 facta
2085 1409 2480 1486 intueamur,
2526 1408 2657 1473 nisi
2698 1408 2770 1472 in

828 1519 909 1567 ea
950 1517 1115 1581 quae
1159 1495 1330 1561 bona
1372 1516 1448 1561 ac
1493 1495 1667 1559 iusta
1709 1502 1884 1575 sunt,
1927 1503 2005 1560 ut
2027 1516 2148 1561 nos
2172 1493 2255 1559 ad
2280 1515 2506 1560 eorum
2552 1513 2770 1560 mores

825 1593 896 1654 et
937 1580 1304 1650 doctrinam
1352 1600 1845 1663 componamus.
1934 1582 2030 1645 At
2072 1581 2126 1645 si
2174 1580 2508 1646 doctrinae
2553 1599 2772 1645 mores

827 1671 1118 1755 ipsorum
1163 1689 1296 1733 non
1339 1666 1740 1732 conveniunt
1784 1686 1997 1749 neque
2042 1665 2457 1749 respondent,
2504 1687 2623 1732 noe
2668 1675 2766 1731 ta·

829 1777 986 1824 men
1041 1754 1281 1822 animis
1338 1752 1581 1818 nostris
1645 1753 1905 1834 penitus
1961 1752 2242 1817 infixum
2296 1751 2476 1817 istud
2535 1750 2770 1817 habea-

826 1864 998 1922 mus,
1057 1841 1277 1906 Deum
1334 1837 1766 1904 nihilominus
1820 1837 2072 1904 sincere
2129 1837 2497 1917 colendum,
2555 1857 2772 1921 neque

875 1935 1178 2011 ropterea
1232 1922 1508 1990 verbum
1567 1923 1775 2007 ipsius
1838 1921 2408 1990 contemnendum.
2496 1922 2634 1989 Sed
2690 1921 2772 1989 de

826 1951 935 2082 flia
979 2011 1171 2096 paulo
1218 2017 1367 2093 post
1410 2009 1602 2092 plura
1645 2006 1882 2075 dicturi
1928 2031 2174 2075 sumus.

1004 2097 1341 2181 Sequitur,
1394 2095 1565 2161 filios
1623 2094 1781 2160 Heli
1826 2096 2156 2162 nescivisse
2213 2094 2583 2174 Dominum,
2627 2093 2770 2177 qui·

828 2185 954 2252 bus
1012 2182 1230 2251 verbis
1288 2181 1569 2265 insignis
1626 2181 1891 2247 illorum
1939 2180 2320 2264 improbitas
2365 2180 2769 2265 designatur,

875 2270 1005 2338 uod
1062 2268 1147 2335 ad
1204 2267 1539 2334 cumulum
1582 2266 1848 2333 sceleris
1891 2276 1958 2332 et
2001 2267 2289 2332 malitiae
2334 2265 2771 2332 devenissent.

829 2293 1167 2440 Quamdiu
1219 2354 1398 2418 enim
1454 2353 1524 2417 in
1584 2353 1772 2418 nobis
1829 2353 2086 2418 timoris
2124 2353 2250 2419 Dei
2295 2352 2612 2434 reliquiae
2655 2374 2770 2417 ve·

830 2444 961 2510 luti
1004 2439 1349 2508 sicintillae
1415 2436 1738 2521 quaedam
1783 2447 2156 2521 supersunt,
2218 2437 2513 2504 nondum
2579 2437 2774 2522 plane

832 2527 995 2594 nudi
1060 2546 1307 2592 sumus.
1412 2527 1502 2590 At
1543 2524 1601 2591 si
1645 2524 1772 2590 Dei
1835 2524 2076 2590 oblivio
2136 2545 2256 2590 nos
2299 2524 2565 2607 ceperit,
2631 2533 2769 2588 tum

831 2614 1030 2700 plane
1072 2608 1326 2677 diabolo
1369 2609 1772 2690 subiicimur,
1816 2618 1885 2675 et
1927 2611 2008 2676 ab
2032 2630 2108 2676 eo
2154 2619 2464 2693 tanquam
2512 2608 2769 2693 reprobi

832 2702 1172 2775 iactamur,
1230 2705 1298 2763 et
1352 2696 1436 2762 ad
1482 2696 1620 2761 eius
1678 2695 2025 2762 arbitrium
2068 2697 2383 2779 rapimur.
2469 2694 2570 2762 Ac
2614 2715 2773 2762 sane

832 2787 986 2853 licet
1021 2783 1327 2849 maximis
1372 2783 1441 2847 in
1485 2781 1768 2866 speciem
1812 2781 2169 2849 virtutibus
2210 2781 2507 2867 insignes
2549 2781 2770 2858 simus,

832 2873 962 2938 nisi
1009 2869 1137 2935 Dei
1196 2869 1392 2934 timor
1445 2869 1891 2952 praecesserit,
1935 2868 2101 2934 nihil
2148 2868 2273 2935 nisi
2318 2869 2508 2934 fucus
2552 2873 2772 2933 erunt.

833 2959 1089 3026 Contra
1145 2955 1205 3021 si
1247 2953 1376 3020 Dei
1436 2954 1649 3035 timor,
1697 2974 1865 3037 quae
1920 2974 2080 3019 vera
2137 2952 2464 3036 sapientia
2517 2951 2771 3030 dicitur,

832 3044 1023 3111 nobis
1083 3040 1461 3117 inhaeserit,
1530 3059 1640 3106 eos
1703 3038 1956 3106 fructus
2023 3039 2325 3122 producit
2389 3059 2475 3104 ex
2534 3037 2772 3121 quibus

830 3128 1036 3215 probe
1090 3146 1521 3212 agnoscamus
1581 3146 1699 3191 nos
1750 3126 1824 3190 in
1883 3125 2060 3192 hunc
2115 3126 2316 3191 finem
2358 3121 2656 3191 conditos
2697 3132 2775 3189 ut

833 3218 894 3283 ei
938 3237 979 3282 a
1020 3235 1149 3298 quo
1204 3213 1470 3277 formati
1528 3231 1777 3290 sumus,
1845 3220 1910 3275 et
1967 3231 2007 3274 a
2060 3232 2187 3295 quo
2243 3232 2378 3276 non
2454 3209 2647 3276 modo
2701 3209 2773 3274 in

830 3301 958 3368 hac
999 3300 1143 3366 vita
1184 3307 1431 3381 opeset
1475 3297 1667 3376 bona,
1709 3295 1824 3362 sed
1866 3298 2156 3362 maxime
2192 3296 2397 3364 vitam
2435 3305 2771 3362 aeternam

835 3398 1309 3469 exspectamus,
1354 3403 1503 3450 cum
1547 3382 1729 3448 omni
1769 3381 2090 3450 modestia
2133 3381 2572 3449 subiiciamur.
2662 3381 2774 3447 'ri-

834 3494 979 3539 mor
1036 3473 1258 3554 itaque
1300 3469 1428 3536 Dei
1486 3469 1631 3535 fons
1674 3476 1779 3535 est
1830 3489 1914 3533 ex
1957 3489 2087 3552 quo
2133 3468 2295 3534 haec
2343 3467 2667 3552 sapientia
2709 3473 2778 3532 et

833 3557 1088 3624 iustitia
1128 3555 1437 3640 procedit.
1504 3554 1679 3620 Nam
1723 3554 1835 3638 qui
1880 3555 2007 3619 Dei
2049 3553 2382 3638 quandam
2427 3554 2773 3620 confusam

835 3642 1140 3709 notitiam
1204 3649 1464 3706 tantum
1531 3638 1797 3720 habent,
1861 3646 1929 3705 et
1977 3661 2062 3705 ex
2125 3639 2265 3706 suis
2329 3638 2630 3707 sensibus
2695 3638 2776 3704 de

833 3730 980 3795 Deo
1034 3726 1344 3807 iudicant,
1411 3747 1488 3792 ac
1543 3725 1688 3809 quis
1743 3725 2039 3809 qualisve
2097 3726 2186 3793 sit
2241 3733 2309 3792 et
2361 3726 2502 3792 eius
2560 3724 2775 3791 virtus

832 3815 1162 3899 ignorant,
1206 3813 1253 3878 ii
1275 3832 1434 3878 sane
1456 3812 1674 3877 Deum
1717 3832 2079 3894 nunquam,
2123 3819 2204 3877 ut
2238 3832 2358 3895 par
2399 3821 2518 3896 est,
2564 3831 2778 3893 neque

837 3907 1203 3986 agnoscunt
1268 3918 1478 3980 neque
1547 3897 1804 3963 timent.
1892 3898 2078 3964 Metu
2120 3896 2382 3981 quidem
2426 3897 2636 3963 fateor
2674 3897 2776 3980 ip-

835 4006 946 4053 sos
988 3985 1207 4072 aliquo
1260 3983 1549 4061 retineri,
1605 3982 1721 4048 sed
1779 3991 1857 4049 ut
1913 3984 2171 4050 sincero
2228 3982 2453 4050 animo
2504 4003 2648 4049 sese
2691 3981 2777 4048 ad

836 4071 980 4139 eius
1040 4070 1293 4138 cultum
1337 4068 1670 4153 applicent
1709 4069 1858 4135 fieri
1900 4089 2032 4135 non
2075 4090 2268 4153 posse
2311 4068 2476 4136 dico.
2559 4069 2776 4134 Deum

835 4160 1058 4242 itaque
1122 4156 1307 4241 prius
1361 4156 1626 4239 agnosci
1681 4175 1880 4239 quam
1935 4156 2146 4222 amari
2201 4161 2271 4220 et
2327 4153 2451 4222 coli
2511 4174 2777 4221 neceffle

834 4254 967 4311 est:
1025 4250 1219 4326 atque
1274 4242 1448 4307 hanc
1501 4241 1940 4326 cognitionem
1984 4242 2152 4308 altas
2194 4240 2266 4306 in
2310 4240 2553 4307 nostris
2595 4261 2776 4306 men·

836 4330 1014 4396 tibus
1057 4327 1310 4393 radices
1353 4347 1566 4410 agere,
1611 4348 1729 4392 suo
1771 4334 2062 4410 tempore
2086 4327 2341 4393 fructus
2383 4325 2774 4393 reddituras.

834 4417 1011 4482 Nam
1034 4434 1241 4497 quum
1283 4413 1565 4479 filiorum
1590 4412 1746 4479 Heli
1788 4412 2223 4496 improbitatis
2267 4413 2433 4479 ratio
2478 4411 2778 4478 redditur

835 4503 966 4568 Dei
1006 4500 1387 4585 ignorantia
1429 4499 1757 4578 docemur,
1814 4518 1946 4565 non
1974 4519 2052 4565 eo
2088 4519 2292 4583 usque
2333 4497 2775 4581 improbitatis

834 4587 1042 4654 fuisse
1083 4587 1261 4669 ipsos
1304 4602 1781 4671 progressuros,
1826 4584 1884 4651 si
1920 4586 2137 4652 Deum
2181 4586 2630 4669 agnovissent:
2677 4592 2775 4650 at-

836 4694 964 4757 que
1017 4674 1234 4758 potius
1286 4671 1359 4736 in
1416 4671 1589 4738 hanc
1652 4670 2116 4756 cogitationem
2180 4673 2380 4738 fuisse
2439 4678 2772 4750 venturos,

838 4779 1124 4842 aequum
1182 4778 1327 4824 esse
1371 4765 1449 4823 ut
1490 4758 1709 4822 Deum
1752 4757 1825 4822 in
1869 4758 2050 4822 omni
2108 4756 2248 4825 vita
2299 4777 2418 4823 sua
2460 4756 2772 4822 colerent.

839 4845 947 4910 En
1005 4853 1082 4910 ut
1123 4843 1253 4910 Dei
1308 4843 1597 4928 cognitio
1653 4851 1752 4908 est
1807 4843 2019 4909 instar
2077 4844 2352 4924 animae,
2412 4840 2492 4907 ad
2541 4862 2658 4908 nos
2703 4843 2774 4906 in

838 4928 1136 4995 divinum
1180 4930 1429 4997 cultum
1473 4928 1855 4995 animandos
1876 4937 1944 4994 et
1982 4928 2380 4996 excitandos.
2440 4925 2773 5008 Quemad-

838 5014 1104 5080 modum
1147 5017 1325 5081 enim
1370 5016 1589 5081 anima
1629 5015 1745 5081 dat
1787 5025 2037 5080 motum
2081 5015 2353 5099 corpori,
2399 5035 2536 5080 non
2580 5013 2774 5079 aliter

840 5099 973 5165 Dei
1015 5100 1209 5166 timor
1252 5103 1454 5169 vitam
1499 5101 1686 5167 nobis
1731 5100 1897 5166 indit
1919 5121 2050 5184 qua
2090 5102 2541 5169 instauramur
2572 5107 2771 5182 atque

841 5188 1302 5254 reformamur:
1357 5188 1452 5256 sic
1493 5188 1672 5254 enim
1716 5208 1837 5254 nos
1879 5187 2089 5255 sancti
2131 5189 2234 5257 sui
2277 5187 2544 5272 spiritus
2585 5187 2769 5253 affla-

2514 268 2933 339 HOMILIA
2975 266 3174 336 vm.

4655 283 4753 351 320

2880 468 2956 528 tu
3000 468 3243 540 movet,
3290 468 3367 528 ut
3410 463 3492 528 ad
3516 463 3763 529 bonnm
3807 483 3970 547 opus
4003 460 4385 546 dirigamur,
4428 469 4577 533 teste
4594 468 4758 540 Paulo

2877 548 2948 613 in
2991 546 3154 614 haec
3194 549 3394 615 verba
3441 549 3715 615 Galatas
3751 547 4206 632 compellante,
4266 550 4323 616 si
4360 550 4621 621 vivimus
4656 559 4757 641 spi·

2878 634 3032 713 ritu,
3075 634 3314 717 spiritu
3357 636 3555 701 etiam
3600 636 4014 703 incedamus:
4075 635 4259 719 quasi
4304 635 4501 701 dicat:
4557 639 4624 705 Si
4657 643 4758 711 Dei

2878 720 3118 804 spiritu
3161 723 3444 806 regeniti
3487 742 3737 799 sumus,
3783 745 3855 788 re
3897 723 4042 804 ipsa
4083 719 4149 786 id
4199 720 4600 802 declaremus,
4636 741 4758 810 puta

2878 805 3185 890 operibus
3249 808 3572 874 externis:
3624 828 3814 874 secus
3860 809 4034 872 enim
4079 808 4136 872 si
4180 808 4426 872 factum
4471 812 4602 889 erit,
4638 834 4760 882 sane

2879 893 3009 957 Dei
3068 892 3270 959 timor
3316 894 3677 960 exsulabit:
3729 915 3925 977 quem
3970 894 4041 957 in
4088 903 4227 958 toto
4269 895 4449 959 vitae
4490 896 4759 966 humanae

2876 978 3198 1045 curriculo
3233 979 3382 1044 fieri
3425 980 3634 1064 signis
3677 978 4059 1058 manifestis,
4105 989 4266 1062 puta
4288 978 4473 1045 bonis
4493 985 4762 1066 operibus,

2876 1063 3299 1130 manifestum
3366 1076 3640 1149 oportet.
3728 1066 3837 1131 En
3903 1086 4023 1132 cur
4087 1066 4422 1149 apostolus
4483 1068 4599 1133 alio
4652 1071 4759 1137 loco

2877 1149 3051 1217 dicat
3093 1150 3465 1233 hypocritas
3508 1151 3769 1235 quidem
3793 1151 4014 1217 Deum
4062 1152 4355 1234 profiteri
4381 1173 4452 1217 se
4472 1154 4640 1233 scire,
4674 1156 4761 1221 eod

2876 1236 3066 1302 factis
3088 1257 3353 1321 negare.
3418 1238 3668 1304 Multos
3703 1238 3984 1320 quidem,
4028 1237 4252 1317 fateor,
4295 1238 4426 1302 Dei
4449 1242 4765 1323 cognitione

2875 1321 3143 1405 gloriari
3188 1321 3429 1402 videas,
3475 1335 3542 1388 et
3585 1323 3845 1405 quidem
3869 1323 4019 1408 plus
4047 1344 4242 1405 quam
4287 1335 4589 1407 oporteat,
4627 1327 4763 1409 quod

2873 1409 2946 1473 in
3002 1429 3190 1475 suam
3255 1408 3862 1476 condemnationem
3928 1409 3994 1475 id
4049 1410 4311 1475 faciant.
4401 1410 4494 1484 At
4546 1413 4765 1478 confusa

2876 1503 2978 1559 est
3022 1505 3090 1559 et
3132 1493 3349 1560 inanis
3395 1504 3494 1559 est
3531 1494 3852 1561 eiusmodi
3895 1516 3969 1562 cc
4021 1495 4200 1560 nitio.
4274 1496 4443 1561 Nam
4491 1496 4580 1562 ita
4615 1496 4765 1566 Dens

2876 1581 3358 1660 cognoscendus
3413 1602 3496 1646 ex
3551 1583 3688 1646 eius
3733 1580 3917 1646 verbi
4003 1581 4257 1647 ectione
4312 1592 4378 1647 et
4431 1582 4666 1663 auditu,
4710 1592 4769 1648 ut

2875 1686 3097 1732 coram
3153 1666 3294 1732 eius
3352 1667 3693 1732 maiestate
3749 1668 4044 1751 primum
4100 1667 4519 1733 abiiciamur:
4581 1669 4767 1734 deinde

2875 1751 3237 1817 bonitatem
3273 1752 3414 1817 eius
3456 1773 3615 1836 erga
3637 1774 3758 1817 nos
3781 1753 3877 1819 sic
3913 1752 4357 1837 degustemus,
4404 1755 4565 1818 utin
4606 1755 4767 1837 ipsius

2874 1857 3162 1902 amorem
3223 1838 3575 1920 rapiamur.
3682 1840 3771 1904 Et
3829 1838 4356 1922 quandoquidem
4425 1839 4543 1906 hoc
4603 1841 4770 1906 inaes-

2874 1922 3153 1988 timabili
3212 1924 3525 1991 beneficio
3576 1946 3695 1991 noe
3740 1924 3960 1990 affecit
4027 1934 4099 1989 ut
4152 1925 4221 1991 in
4268 1926 4549 1990 filiorum
4584 1947 4767 1990 nume·

2874 2030 3020 2074 rum
3068 2008 3478 2091 adscisceret,
3520 2032 3640 2076 nos
3684 2012 3901 2094 ipsum
3947 2022 4200 2094 patrem
4248 2012 4540 2080 vicissim
4580 2032 4773 2094 agnos·

2873 2114 3118 2162 camus.
3208 2095 3294 2159 Et
3347 2096 3421 2160 hi
3477 2094 3740 2179 quidem
3809 2098 4059 2164 fructus
4119 2097 4201 2162 ab
4257 2097 4383 2164 hac
4449 2098 4773 2182 cognitione

2875 2189 3166 2259 manant,
3223 2181 3292 2246 in
3336 2201 3598 2247 omnem
3649 2183 3852 2248 vitam
3903 2204 4244 2266 perennes,
4289 2204 4374 2249 ex
4420 2183 4646 2267 quibus
4684 2204 4775 2248 nos

2875 2266 2947 2332 in
2992 2267 3256 2333 Domini
3307 2267 3531 2334 schola
3586 2269 3937 2352 profecisse
3979 2283 4431 2353 cognoscatur.
4520 2269 4596 2334 In
4637 2268 4773 2334 hunc

2874 2373 3141 2418 sensum
3188 2352 3506 2437 propheta
3547 2355 3619 2418 in
3663 2353 4105 2419 idololatriam
4129 2356 4230 2420 sui
4256 2354 4576 2438 temporis
4596 2355 4774 2420 invec-

2875 2445 3001 2516 tus,
3047 2437 3247 2516 addit,
3295 2440 3545 2505 nullam
3568 2461 3712 2506 esse
3731 2442 3798 2504 in
3849 2450 4025 2506 terra
4048 2439 4315 2507 Israelis
4375 2441 4774 2525 cognitionem

2876 2524 3021 2603 Dei,
3066 2526 3250 2608 quasi
3293 2524 3702 2591 indicaturus
3746 2526 3947 2592 nullis
3989 2526 4273 2609 amplius
4316 2526 4631 2611 populum
4659 2545 4776 2592 can·

2874 2610 3058 2676 cellis
3118 2611 3422 2689 coerceri,
3480 2612 3640 2694 quin
3683 2609 3765 2676 ad
3809 2611 4245 2703 improbitatis
4290 2613 4628 2678 cumulum
4665 2631 4777 2695 per·

2877 2696 3151 2780 venerit,
3209 2697 3383 2780 quod
3441 2696 3512 2762 in
3569 2697 3819 2764 Israele
3881 2698 4063 2763 Deus
4109 2719 4238 2762 non
4299 2710 4775 2782 cognosceretur.

2878 2781 3227 2848 Caeterum
3271 2791 3587 2865 quantum
3629 2783 3754 2848 fuit
3795 2783 4278 2862 offendiculum,
4313 2805 4514 2867 quam
4561 2781 4778 2848 foedum

2876 2874 2943 2932 et
2985 2867 3496 2935 abominandum
3542 2869 3804 2947 factum,
3860 2867 4229 2936 sacerdotes
4273 2890 4440 2951 quos
4478 2871 4634 2954 legis
4670 2885 4779 2932 esse

2876 2955 3303 3038 expositores,
3361 2961 3428 3019 et
3473 2976 3556 3019 ex
3615 2974 3728 3019 ore
3785 2976 4064 3038 quorum
4120 2956 4522 3038 sapientiam
4581 2950 4782 3036 requiri

2877 3040 3183 3122 oportuit,
3225 3039 3420 3123 ipsos,
3464 3040 3754 3124 inquam,
3810 3040 4181 3106 sacerdotes
4230 3042 4451 3106 Deum
4498 3062 4627 3106 non
4664 3058 4781 3120 cog·

2876 3124 3191 3191 noscere?
3241 3128 3332 3191 At
3374 3126 3688 3207 temporis
3731 3126 3908 3193 illius
3953 3125 4177 3194 fideles
4220 3127 4349 3192 ista
4396 3127 4606 3195 veluti
4640 3124 4781 3191 clau·

2879 3211 2973 3275 sis
3018 3210 3224 3278 oculis
3265 3212 3624 3293 praeterire
3669 3211 3908 3289 decuit,
3956 3214 4195 3296 quibus
4239 3213 4539 3296 alioquin
4573 3213 4638 3277 in
4680 3207 4786 3274 exi·

2879 3297 3047 3362 tium
3091 3298 3479 3382 praecipites
3516 3297 3679 3375 dari,
3727 3298 3983 3365 sublato
4028 3320 4111 3364 ex
4156 3299 4458 3383 ipsorum
4500 3293 4789 3364 mentibus

2879 3383 3062 3448 omni
3117 3381 3323 3449 divini
3367 3383 3584 3450 cultus
3627 3383 3866 3465 studio,
3908 3387 4289 3469 potuissent.
4381 3381 4786 3467 Quamobrem

2878 3468 3076 3534 hodie
3128 3469 3464 3535 intuentes
3514 3490 3643 3550 eos,
3700 3490 3862 3553 quos
3925 3470 4234 3537 ecclesiae
4292 3472 4639 3537 columnas
4675 3484 4785 3533 este

2877 3554 3184 3637 oportuit,
3227 3553 3310 3620 ad
3355 3553 3630 3638 quodvis
3674 3556 3931 3623 facinus
3977 3557 4321 3640 proclives,
4372 3579 4464 3623 ne
4487 3565 4787 3640 propterea

2879 3640 3068 3705 nobis
3124 3639 3324 3706 etiam
3383 3640 3675 3708 habenas
3731 3641 4049 3718 laxemus,
4107 3642 4280 3726 quod
4327 3642 4560 3708 inanis
4600 3640 4788 3706 futura

2880 3726 2969 3790 sit
3024 3724 3142 3791 illa
3195 3727 3549 3806 excusatio,
3609 3735 3775 3793 teste
3817 3728 3960 3811 ipso
4014 3727 4304 3807 Christo,
4371 3729 4648 3805 dicente,
4685 3725 4790 3789 foro

2880 3820 2956 3876 ut
2997 3812 3054 3877 si
3098 3831 3328 3878 caecus
3369 3833 3632 3879 caecum
3677 3811 3959 3893 duxerit,
4004 3814 4194 3880 ambo
4238 3815 4309 3879 in
4357 3816 4616 3880 foveam
4659 3806 4790 3875 deci·

2882 3896 3058 3964 dant.
3137 3896 3370 3983 Itaque
3416 3899 3663 3964 nullam
3709 3898 3902 3964 hodie
3945 3920 4286 3983 superesse
4331 3899 4787 3966 excusationem

2880 4003 2920 4047 a
2968 3990 3154 4067 paret
3193 3984 3276 4051 iis
3319 3984 3431 4068 qui
3477 4004 3632 4050 suos
3692 3985 4039 4065 antistites,
4093 3994 4256 4069 puta
4299 3987 4671 4071 episcopos,
4709 3999 4786 4044 ar·

2880 4088 2917 4134 c
2969 4069 3343 4153 'episcopos,
3400 4078 3469 4136 et
3525 4070 3844 4155 reliquam
3892 4071 4233 4137 hominum
4279 4070 4653 4140 istiusmodi
4689 4062 4789 4133 col·

2880 4154 3147 4236 luviem,
3205 4175 3408 4239 quum
3451 4155 3535 4222 ad
3578 4178 3778 4239 purae
3834 4155 4169 4224 doctrinae
4213 4157 4639 4242 evangelicae
4675 4152 4790 4217 fon·

2880 4247 2981 4307 tes
3022 4253 3432 4319 revocantur,
3476 4251 3834 4326 opponunt,
3883 4264 3923 4309 a
3965 4244 4202 4327 quibus
4244 4265 4458 4327 quum
4497 4247 4789 4327 regantur,

2880 4332 2950 4391 et
3002 4335 3269 4393 sanctae
3335 4328 3566 4394 matris
3640 4328 3951 4395 ecclesiae
4018 4330 4362 4395 columnae
4441 4328 4790 4396 habeantur,

2880 4412 2962 4479 ab
3017 4411 3248 4480 iisdem
3306 4409 3451 4479 Deo
3507 4412 3907 4479 reddendam
3951 4436 4092 4480 esse
4134 4435 4410 4481 suarum
4457 4415 4790 4480 animarum

2879 4498 3225 4576 rationem,
3287 4509 3357 4565 et
3413 4519 3615 4584 penes
3671 4501 3849 4583 ipsos
3905 4522 4131 4568 curam
4189 4500 4362 4567 hanc
4410 4522 4562 4567 esse
4602 4513 4794 4580 oppor·

2881 4591 3039 4663 tere,
3101 4583 3343 4650 dicunt.
3434 4584 3614 4652 Sane
3672 4584 4004 4653 reddenda
4047 4587 4204 4651 olim
4249 4588 4415 4670 ipsis
4461 4587 4793 4677 animumn

2879 4671 3076 4735 ratio:
3147 4692 3304 4737 vera
3361 4672 3537 4738 enim
3597 4682 3697 4738 est
3751 4672 3863 4738 illa
3907 4670 4084 4757 apud
4127 4674 4524 4756 prophetam
4569 4684 4796 4762 comm}-

2879 4755 3079 4834 natic‚
3146 4756 3365 4823 Deum
3431 4760 3687 4823 animas
3752 4779 3835 4824 ex
3889 4759 4193 4824 manibus
4251 4760 4555 4843 ipsorum
4597 4761 4792 4837 repeti·

2879 4849 3124 4909 turum.
3214 4843 3323 4908 An
3380 4864 3538 4910 vero
3614 4854 3963 4928 propterea
4021 4855 4254 4928 sponte
4311 4845 4541 4929 perire
4606 4839 4794 4908 volen-

2878 4928 3051 4994 tibus
3074 4937 3143 4994 et
3176 4928 3709 5006 caecutientibus,
3755 4940 3951 5014 atque
3992 4930 4308 4996 adversus
4342 4930 4588 4996 salutis
4619 4924 4796 5019 spleq·

2879 5013 3104 5080 dorem
3162 5015 3544 5093 nitentibus,
3603 5016 3783 5082 locus
3829 5017 3958 5082 erit
3998 5017 4175 5082 ullus
4218 5014 4636 5083 excusationi
4675 5007 4793 5078 reb·

2874 5120 3045 5250 iluus
3104 5099 3636 5251 quagidoquidem
3682 5109 3852 5168 tetro
3923 5103 4106 5169 coeni
4179 5104 4284 5169 sui
4326 5102 4674 5172 volutabro
4709 5093 4796 5159 de·

2901 5194 3202 5254 ectantur
