5059 6059
238 372 344 435 381
1547 363 1644 427 IN
1693 364 1743 428 1.
1793 362 1973 426 12113.
2023 362 2420 429 SAMUEL.
2467 363 2666 428 OAP.
2713 362 2869 428 XX.
4070 363 4195 428 382

236 560 397 626 Sane
471 553 622 618 licet
683 550 1093 616 Ionathanus
1158 551 1461 615 videatur
1539 549 1702 615 illud
1785 549 2150 632 periculum

237 638 646 728 praevidisse,
711 645 931 701 tamen
991 637 1157 702 dura
1213 635 1329 728 illa
1388 637 1508 700 fuit
1568 637 1872 712 tentatie,
1952 656 2152 718 quum

235 738 466 813 patrem
508 744 584 788 eo
627 721 1005 788 iracundiae
1068 735 1134 787 et
1194 721 1437 786 furoris
1499 721 1665 787 vidit
1718 720 2027 787 devenire
2082 730 2156 785 ut

237 817 506 880 lanceam
550 809 620 872 in
665 828 737 874 se
776 807 989 872 filium
1034 805 1353 872 direxerit
1395 827 1513 872 sua
1573 827 1770 872 manu
1826 806 2154 871 trucidan-

237 901 392 975 dum,
436 894 556 960 nisi
603 893 786 958 Deus
831 894 1035 959 ictum
1092 894 1453 969 avertisset,
1513 892 2042 976 quandoquidem
2088 894 2155 956 in

235 984 436 1050 animo
489 979 696 1044 filium
743 978 1071 1043 trucidare
1117 977 1280 1044 Saul
1329 977 1626 1043 habebat.
1715 978 1891 1043 Hinc
1951 976 2155 1043 disca-

237 1090 366 1134 mus
406 1086 519 1131 nos
562 1066 621 1130 si
665 1065 827 1128 bene
871 1063 1164 1129 faciendo
1208 1065 1278 1127 in
1323 1064 1664 1129 hominum
1710 1072 2153 1144 contemptum

234 1170 293 1220 et
330 1152 540 1217 odium
587 1151 961 1215 venerimus
1007 1170 1134 1215 non
1182 1158 1481 1233 oportere
1542 1160 1758 1215 tamen
1819 1150 2155 1231 poeniten-

234 1241 314 1303 tia
359 1236 840 1303 benefactorum
896 1234 1070 1304 duci.
1159 1235 1331 1299 Nam
1393 1235 1796 1300 Ionathanus
1855 1233 2155 1317 exemplo

233 1324 403 1391 nobis
444 1330 560 1401 est,
606 1340 797 1404 quem
821 1332 1072 1385 certum
1112 1334 1209 1385 est
1233 1321 1516 1402 potuisse
1540 1322 1828 1404 graviter
1873 1340 2153 1384 commo·

235 1410 375 1487 veri,
414 1428 612 1490 quum
661 1419 913 1488 patrem
959 1405 1309 1471 adversum
1355 1427 1426 1470 sc
1473 1416 1656 1471 tanto
1717 1407 1937 1470 furore
1996 1405 2153 1469 ferri

233 1493 633 1577 conspiceret,
678 1512 753 1556 ac
798 1490 1070 1573 proinde
1117 1512 1248 1555 non
1293 1491 1463 1555 nibil
1518 1493 1599 1555 ab
1659 1491 1874 1556 officio
1920 1491 2152 1554 deflec-

229 1594 370 1645 tere.
437 1575 1003 1659 Quemadmodum
1050 1596 1242 1658 saepe
1265 1576 1567 1642 videmus
1612 1596 1719 1641 eos
1764 1576 2152 1660 quimagni-

227 1668 404 1731 ficum
450 1663 711 1746 aliquod
758 1662 1007 1726 facinus
1043 1660 1412 1741 ediderunt,
1456 1663 1512 1727 si
1562 1663 1752 1727 minis
1782 1672 2155 1726 terreantur

229 1760 331 1815 aut
368 1750 821 1814 imminentem
867 1746 1150 1830 aliquam
1197 1747 1580 1812 seditionem
1625 1757 1739 1812 aut
1773 1747 2152 1811 violentiam

231 1836 481 1901 videant
515 1836 855 1913 fluctuare,
900 1844 965 1897 et
990 1834 1202 1899 ventis
1227 1834 1390 1909 vela,
1438 1844 1511 1897 ut
1533 1832 1739 1913 aiunt,
1762 1833 2153 1915 permittere,

230 1942 295 1987 ac
336 1922 479 1987 licet
523 1940 656 1985 non
701 1920 1047 1983 immutata
1104 1919 1191 1984 sit
1233 1919 1520 2000 ipsorum
1572 1920 1874 1985 voluntas
1921 1917 2152 1983 nihilo·

230 2007 428 2071 minus
465 2016 687 2070 tamen
726 2003 1164 2086 improborum
1187 2003 1524 2069 hominum
1561 2003 1795 2068 iramet
1861 2005 2152 2069 furorem

231 2090 511 2174 placandi
559 2092 845 2155 rationes
890 2110 1221 2171 quaerere,
1264 2103 1330 2154 et
1372 2090 1453 2153 ad
1499 2100 1760 2173 tempus
1820 2092 2152 2171 quiescere

226 2197 530 2260 suumque
575 2176 864 2241 studium
887 2174 1231 2240 occultare.
1296 2175 1483 2241 Istud
1531 2177 1802 2258 inquam
1846 2176 2144 2258 frequen·

227 2280 316 2327 ter
356 2262 737 2346 contingere
781 2272 846 2324 et
890 2259 1148 2342 quidem
1192 2262 1367 2325 inter
1421 2282 1530 2325 eos
1587 2261 1696 2344 qui
1751 2260 1821 2326 in
1866 2262 2153 2325 maximo

229 2350 456 2413 honore
521 2356 682 2413 sunt
746 2345 1072 2411 videmus:
1142 2345 1253 2412 sed
1320 2345 1730 2411 Ionathanus
1795 2346 1983 2411 nobis
2046 2347 2154 2413 hic

226 2434 474 2499 maioris
530 2431 936 2498 constant-iae
1004 2443 1069 2496 et
1135 2434 1694 2515 magnanimitatis
1766 2434 2155 2515 proponitur

224 2521 581 2602 exemplum
660 2515 1069 2582 imitandum.
1174 2517 1346 2582 Nam
1423 2522 1541 2582 etsi
1600 2528 1783 2600 pater
1840 2518 2153 2583 adversus

223 2605 418 2685 ipsum
465 2615 778 2687 tanquam
823 2602 1131 2668 immanis
1175 2601 1491 2684 quaedam
1541 2603 1753 2668 bellua
1810 2614 1877 2668 et
1933 2604 2151 2669 verbis

223 2700 281 2752 et
321 2691 504 2756 factis
545 2691 850 2766 ferretur,
897 2688 1322 2754 nihilominus
1359 2701 1576 2753 tamen
1623 2688 1733 2754 ille
1778 2689 2037 2755 fortiter
2078 2691 2150 2755 in

226 2775 484 2841 Davidis
525 2773 655 2841 fide
699 2775 1075 2859 permansit,
1125 2779 1192 2836 ct
1236 2775 1375 2839 eius
1420 2774 1859 2841 innocentiam
1907 2795 2026 2859 pro
2052 2775 2149 2840 vi·

222 2860 316 2923 rili
359 2870 613 2927 tutatus
656 2873 775 2925 est.
855 2858 1106 2925 Idcirco
1151 2859 1392 2924 dicitur
1434 2861 1796 2925 surrexisse
1840 2880 1879 2924 a
1923 2882 2150 2926 mensa

220 2945 280 3008 in
321 2947 418 3011 ira
459 2947 728 3029 furoris,
790 2958 856 3010 et
899 2938 1422 3011 non'comedisse
1467 2946 1534 3008 in
1583 2944 1689 3010 die
1723 2944 2148 3012 calendarum

220 3032 493 3096 secunda
535 3053 773 3116 panem
825 3044 890 3095 et
927 3032 1347 3096 vehementer
1392 3031 1724 3096 tristatum
1768 3051 1908 3097 esse
1954 3053 2149 3116 super

227 3116 481 3196 Davide,
529 3138 608 3182 eo
652 3118 821 3200 quod
845 3117 1246 3182 confudisset
1289 3126 1648 3199 cumpater
1691 3119 1760 3181 in
1807 3116 2147 3183 hominnm

222 3212 413 3267 coetu.
503 3204 657 3269 Non
704 3205 920 3287 itaque
964 3203 1258 3268 animum
1319 3201 1682 3286 despondit,
1742 3225 1872 3268 non
1919 3203 2063 3268 ideo
2108 3225 2147 3268 a

227 3286 482 3355 Davidis
526 3288 818 3354 amicitia
863 3289 1145 3365 recessit,
1203 3310 1332 3353 non
1392 3309 1464 3354 se
1521 3290 1737 3371 aliqua
1781 3292 1993 3371 specie
2036 3289 2146 3354 de-

218 3374 410 3439 functi
454 3375 655 3440 officii
701 3376 883 3452 texit,
930 3374 1081 3438 licet
1123 3372 1466 3439 horrendis
1521 3375 1809 3458 agitatus
1865 3374 2147 3440 difficul-

222 3459 486 3539 tatibus,
567 3460 682 3524 sed
751 3480 943 3543 quam
1009 3459 1251 3524 Davidi
1331 3460 1563 3540 fidem,
1640 3460 1955 3525 advocato
2019 3461 2146 3526 Dei

225 3546 488 3622 nomine,
536 3545 825 3625 dederat,
871 3545 1142 3611 eandem
1190 3545 1402 3610 officio
1447 3545 1600 3610 boni
1646 3547 1835 3611 amici
1881 3545 2147 3613 defunc-

221 3642 314 3693 tus
354 3632 648 3696 retinuit.

359 3716 618 3783 Idcirco
662 3718 977 3800 sequitur,
1036 3739 1234 3800 quum
1278 3737 1471 3781 mane
1516 3716 1844 3782 illuxisset
1886 3718 2147 3782 venisse

209 3798 644 3868 Ionathanum
691 3805 757 3867 in
805 3824 1034 3886 agrum
1073 3801 1488 3887 designatum
1534 3814 1597 3866 et
1622 3801 1862 3868 Davidi
1900 3803 2145 3868 indica-

213 3897 363 3963 tum,
407 3900 475 3953 et
519 3891 798 3970 sagittas
835 3888 1188 3954 iaculatum
1238 3910 1396 3963 esse,
1445 3909 1843 3970 puerumque
1878 3889 2146 3953 iussisse

217 3974 478 4055 sagittas
522 3975 828 4057 colligere
871 3985 938 4038 et
983 3975 1290 4039 festinare
1315 3974 1622 4038 velociter
1667 3995 1800 4037 non
1837 3984 2143 4039 cunctan-

215 4070 354 4121 tem.
421 4060 643 4142 Atque
670 4061 828 4125 baec
873 4059 999 4125 duo
1034 4061 1303 4124 fuerunt
1345 4060 1630 4142 insignia
1673 4061 1846 4123 inter
1892 4069 2143 4125 utrum-

214 4162 350 4221 que,
385 4145 834 4210 Ionathanum
857 4159 920 4209 et
947 4145 1290 4228 Davidem,
1317 4145 1690 4225 constituta,
1716 4166 1915 4228 quum
1942 4166 2145 4227 puero

214 4225 402 4294 dixit:
447 4232 722 4296 Festina
754 4231 1075 4305 velociter,
1123 4233 1363 4314 sagitta
1397 4240 1496 4296 est
1533 4250 1724 4312 porro
1747 4230 1922 4297 ultra
1946 4243 2029 4307 te,
2063 4251 2144 4295 ne

215 4316 485 4397 steteris,
532 4317 717 4398 quasi
765 4315 1093 4382 Davidem
1139 4318 1234 4381 sic
1277 4316 1749 4399 alloqueretur:
1797 4317 1941 4382 Tibi
1988 4316 2146 4399 fuga

216 4402 676 4466 consulendum
724 4410 840 4475 est,
906 4423 1054 4467 nam
1102 4422 1221 4485 ego
1263 4422 1409 4468 cum
1472 4403 1883 4468 contumeliis
1929 4403 2143 4485 repul-

219 4503 319 4550 sus
360 4508 526 4554 sum.
596 4487 770 4555 Hinc
814 4490 1050 4552 iterum
1101 4488 1445 4569 discamus,
1470 4487 1613 4551 Deo
1657 4507 1773 4552 nos
1810 4489 2144 4572 affligente

218 4580 276 4632 et
325 4583 690 4652 exercente,
750 4595 878 4638 non
938 4573 1084 4639 ideo
1143 4574 1433 4638 animum
1491 4572 2017 4654 despondendum
2079 4583 2144 4637 et

217 4654 289 4718 ab
331 4658 546 4723 officio
592 4659 1031 4737 resiliendum,
1080 4659 1192 4724 sed
1239 4667 1617 4724 constanter
1660 4679 1779 4742 per
1820 4679 2143 4741 quaecun-

218 4759 330 4820 que
373 4744 755 4810 discrimina
797 4744 1352 4829 perseverandum
1390 4743 1595 4808 donec
1637 4744 1961 4828 integram
2008 4745 2143 4809 vic-

219 4828 438 4893 toriam
500 4833 1076 4911 reportaverimus.
1168 4831 1380 4896 Deum
1442 4829 1701 4913 quidem
1762 4832 1970 4895 fateor
2025 4851 2145 4896 nos

219 4930 391 4989 posse
429 4915 731 4980 omnibus
788 4916 1102 4982 molestiis
1156 4924 1222 4981 et
1280 4915 1766 4982 difficultatibus
1822 4936 2145 4996 exercere,

217 5014 405 5076 quum
450 5001 532 5064 ad
579 5003 785 5084 ipsius
831 5002 1077 5068 cultum
1123 5019 1471 5067 vocamur:
1517 5012 1583 5065 et
1617 4999 2141 5085 quandoquidem

219 5103 424 5150 rerum
468 5101 834 5153 creatarum
880 5089 1075 5155 corda
1108 5088 1301 5154 habet
1346 5089 1415 5151 in
1437 5107 1657 5167 manu,
1702 5098 1917 5169 posset
1962 5087 2143 5152 nobis

217 5169 375 5249 apud
432 5192 661 5237 omnes
721 5175 999 5258 gratiam
1058 5174 1433 5248 conciliare,
1508 5172 1618 5237 sed
1680 5182 1896 5237 tamen
1957 5173 2143 5237 Deus

216 5264 453 5337 contra,
499 5280 581 5323 ne
627 5269 916 5326 nostram
961 5261 1030 5323 in
1066 5258 1190 5323 hoc
1215 5257 1460 5323 mundo
1484 5257 1848 5323 mercedem
1874 5278 2140 5340 exspec-

2261 558 2491 628 temus,
2560 570 2642 615 ne
2708 550 2889 614 inani
2957 551 3167 636 gloria
3227 552 3642 629 inebriemur,
3709 573 3791 616 ne
3855 550 4192 616 hominum

2259 633 2557 700 laudibus
2602 637 2695 701 sic
2754 634 3145 701 deliniamur
3201 646 3276 703 ut
3317 636 3447 702 Dei
3505 638 3985 714 obliviscamur,
4045 656 4194 720 per·

2260 720 2463 785 mittit
2510 721 2810 785 homines
2877 722 3141 787 malitiis
3200 732 3267 789 et
3324 723 3673 806 iniquitate
3745 721 4057 801 laborare,
4131 732 4195 786 et

2259 826 2367 871 eos
2412 826 2576 887 quos
2624 805 2974 872 benefactis
3009 808 3346 874 cumulare
3391 830 3520 872 non
3567 807 3932 874 destitimus
3974 827 4051 873 eo
4094 808 4194 872 in-

2243 892 2680 975 'gratitudinis
2744 893 2965 957 venire
3024 902 3097 957 ut
3157 894 3394 971 oculos,
3456 905 3529 958 ut
3582 895 3676 958 ita
3721 893 3948 969 dicam,
4008 893 4196 958 nobis

2259 976 2612 1041 effodiant:
2693 978 2816 1043 hoc
2894 974 3162 1061 inquam
3238 979 3331 1044 ita
3394 977 3578 1046 Deus
3645 979 3950 1043 decrevit.
4060 978 4193 1043 Sed

2259 1062 2620 1144 quorsum?
2679 1063 2931 1145 Nempe
2989 1070 3063 1128 ut
3164 1066 3522 1143 raemonui,
3582 1085 3665 1129 ne
3721 1063 3914 1129 huius
3966 1064 4192 1129 mundi

2260 1147 2503 1213 deliciis
2551 1148 2975 1230 pelliciamur,
3034 1170 3104 1214 se
3192 1149 3338 1214 Deo
3397 1159 3627 1234 sponte
3685 1150 4069 1227 serviamus,
4130 1163 4197 1214 et

2261 1254 2597 1314 nunquam
2644 1234 2934 1299 adversis
2970 1235 3368 1311 deiiciamur,
3414 1236 3525 1301 sed
3571 1235 3677 1300 vel
3715 1235 3941 1299 invitis
3985 1237 4192 1301 omni-

2260 1320 2378 1384 bus
2427 1319 2797 1385 hominibus
2822 1319 3082 1386 fortiter
3116 1325 3181 1385 in
3221 1321 3422 1404 ipsius
3458 1320 3643 1388 cultu
3680 1341 4190 1405 perseveremus.

2256 1404 2612 1469 Praeterea
2636 1404 2821 1471 Deus
2864 1406 2958 1470 ita
2981 1406 3381 1471 demonstrat
3426 1427 3494 1472 se
3538 1407 3596 1472 si
3637 1405 3792 1489 quid
3813 1406 4191 1471 simulatum

2256 1490 2326 1554 in
2384 1490 2572 1555 nobis
2631 1491 2829 1556 fuerit
2884 1512 3110 1557 severe
3164 1493 3669 1576 castigaturum,
3724 1500 3791 1556 et
3850 1493 3905 1558 si
3965 1504 4194 1557 contra

2258 1596 2498 1659 magno
2542 1576 2759 1641 studio
2804 1575 2870 1641 in
2917 1577 3123 1661 ipsius
3172 1578 3352 1644 cultu
3398 1580 3881 1661 perrexerimus
3938 1577 4191 1644 felicem

2257 1661 2506 1726 exitum
2579 1661 2764 1728 nobis
2822 1682 3309 1742 concessurum,
3383 1664 3871 1746 quibuscunque
3931 1663 4193 1729 tandem

2258 1746 2516 1813 iniuriis
2579 1747 2794 1813 affecti
2849 1750 3080 1828 simus,
3149 1758 3213 1813 et
3289 1770 3620 1832 nunquam
3698 1769 4046 1832 passurum
4121 1763 4194 1813 ut

2256 1832 2621 1915 impunitus
2685 1833 2769 1898 sit
2848 1842 3077 1898 noster
3140 1846 3551 1917 contemptus
3570 1886 3597 1913 ,.
3667 1831 4188 1917 quandoquidem

2257 1938 2492 1983 causae
2536 1928 2799 1983 nostrae
2857 1918 3297 1985 defensionem
3357 1922 3660 2003 suscepit.
3750 1919 4190 2001 Quamobrem

2254 2004 2310 2070 si
2358 2004 2696 2068 hominum
2756 2003 2922 2069 odiis
2978 2007 3264 2070 exerceri
3320 2026 3541 2071 servos
3599 2026 3750 2071 suos
3802 2005 3987 2071 Deus
4045 2026 4191 2086 per·

2253 2090 2476 2164 mittit,
2523 2091 2593 2154 in
2638 2110 2858 2155 amore
2902 2090 3031 2155 Dei
3075 2091 3311 2157 debent
3357 2092 3840 2175 conquiescere:
3901 2092 4190 2174 quando-

2255 2176 2517 2259 quidem
2563 2174 2740 2241 solus
2782 2175 2894 2240 ille
2939 2182 3150 2258 potest
3192 2177 3365 2259 ipsos
3409 2176 3725 2243 adversus
3771 2197 4192 2260 quaecunque

2256 2262 2545 2344 pericula
2601 2261 2837 2340 tutari,
2904 2274 2970 2327 et
3025 2281 3109 2326 ex
3168 2261 3397 2328 iisdem
3464 2283 3711 2328 eruere.
3803 2265 4018 2345 Atque
4080 2262 4193 2326 ille

2255 2347 2438 2412 nobis
2486 2346 2745 2430 quidem
2792 2347 3141 2429 aliquando
3175 2347 3644 2413 relaxationem
3701 2369 3740 2412 a
3797 2349 3986 2413 malis
4043 2369 4192 2415 con-

2254 2432 2445 2511 cedit,
2492 2433 2585 2498 sic
2616 2442 2689 2496 ut
2710 2434 2882 2497 servi
2928 2434 3030 2498 sui
3074 2433 3212 2499 sint
3253 2434 3424 2518 apud
3450 2433 3747 2499 homines
3791 2434 3861 2497 in
3906 2434 4188 2498 honore:

2256 2519 2367 2586 sed
2428 2538 2560 2582 non
2620 2529 2719 2583 est
2762 2517 2876 2583 illa
2918 2517 3200 2584 conditio
3261 2520 3589 2596 diuturna,
3648 2541 3731 2584 ne
3788 2520 4188 2585 occasionem

2255 2606 2337 2670 ab
2393 2604 2505 2669 illo
2566 2603 2908 2670 recedendi
2970 2624 3390 2689 quaeramus,
3450 2605 3971 2688 quandoquidem
4032 2606 4191 2670 adeo

2255 2692 2698 2756 inconstantes
2751 2711 3008 2767 sumus,
3076 2697 3152 2754 ut
3209 2690 3311 2756 vel
3387 2692 3660 2757 minima
3716 2692 4051 2756 occasione
4112 2690 4194 2754 ab

2254 2776 2465 2842 officio
2510 2775 2972 2841 deterreamur.
3019 2775 3149 2857 Qui
3196 2797 3351 2860 ergo
3398 2778 3598 2841 vitam
3639 2796 3824 2841 suam
3871 2797 3951 2839 ex
3977 2779 4195 2841 animo

2253 2863 2398 2927 Deo
2441 2874 2794 2939 consecrat,
2840 2871 2907 2928 et
2950 2862 3022 2926 in
3066 2865 3403 2928 vocatione
3446 2871 3582 2927 tam
3640 2860 3940 2927 secundis
3999 2881 4191 2945 quam

2254 2947 2547 3014 adversis
2608 2950 2803 3014 rebus
2870 2948 3105 3032 pergit,
3165 2949 3253 3024 is,
3314 2948 3612 3030 inquam,
3684 2956 3934 3013 certum
3993 2946 4193 3011 habet

2253 3033 2703 3099 testimonium
2776 3055 2845 3099 se
2901 3033 3045 3098 Deo
3119 3054 3279 3117 pure
3358 3033 3696 3099 inservire.
3794 3032 3886 3096 Et
3952 3031 4190 3097 idcirco

2252 3119 2377 3186 Dei
2425 3120 2593 3185 filios
2629 3119 2828 3184 variis
2864 3119 3154 3183 exerceri
3197 3117 3674 3184 calamitatibus
3718 3126 3783 3183 et
3819 3117 4191 3182 tentationi-

2253 3205 2370 3272 bus
2417 3216 2691 3287 oportet,
2735 3216 2809 3269 ut
2850 3204 2983 3270 illis
3006 3204 3377 3270 excitentur
3413 3203 3492 3268 ad
3516 3225 3742 3288 preces
3764 3202 4185 3268 ardentiores.

2252 3292 2473 3373 Quare
2530 3290 2887 3369 discamus,
2948 3298 3019 3354 ut
3078 3289 3248 3370 dixi,
3314 3290 3456 3355 Deo
3529 3310 3645 3354 nos
3716 3288 3921 3355 variis
3982 3287 4190 3351 modis

2252 3376 2656 3459 explorante,
2703 3383 2772 3440 et
2814 3376 3236 3459 permittente
3279 3396 3396 3441 nos
3441 3376 3521 3441 ab
3553 3374 3921 3439 hominibus
3966 3374 4186 3453 affligi,

2249 3483 2528 3546 qnorum
2573 3470 2797 3527 tamen
2843 3461 3197 3526 commodis
3255 3460 3721 3541 studuerimus,
3780 3481 3912 3525 non
3970 3474 4186 3524 tamen

2250 3548 2332 3613 ab
2376 3548 2590 3612 officio
2636 3545 2984 3623 discedere,
3045 3546 3160 3611 sed
3207 3548 3348 3612 Deo
3393 3569 3508 3612 nos
3569 3556 3635 3611 et
3701 3567 3840 3611 rem
3896 3554 4186 3610 nostram

2250 3634 2655 3701 committere
2700 3641 2767 3697 et
2811 3632 3023 3715 ipsum
3068 3634 3338 3715 precari,
3384 3642 3460 3696 ut
3507 3654 3623 3698 nos
3666 3653 3786 3716 pro
3831 3652 3950 3697 sua
4008 3631 4187 3695 boni·

2251 3726 2381 3784 tate
2406 3718 2500 3784 sic
2523 3717 2774 3797 toleret,
2825 3732 2896 3782 ut
2918 3718 3256 3801 quibusvis
3284 3717 3770 3802 impedimentis
3798 3726 3865 3782 et
3909 3715 4183 3781 difficul-

2250 3804 2492 3870 tatibus
2557 3803 2919 3869 resistendo
2999 3824 3190 3885 pares
3258 3804 3465 3869 simus
3491 3856 3505 3879 ,
3586 3804 3817 3887 quibus
3896 3802 4183 3885 alioquin

2249 3890 2462 3954 territi
2521 3911 2561 3954 a
2604 3890 2748 3954 Deo
2807 3888 3274 3955 recederemus.
3362 3890 3544 3954 Haec
3603 3891 3809 3973 igitur
3865 3888 4188 3953 discamus

2248 3997 2330 4040 ex
2375 3975 2763 4053 Ionathano,
2811 3974 2935 4041 nisi
2979 3975 3287 4039 malimus
3332 3975 3518 4039 illum
3565 3975 3796 4040 ultimo
3855 3973 3961 4039 die
4018 3974 4187 4037 iudi-

2246 4081 2387 4126 cem
2432 4061 2735 4143 experiri.

2422 4145 2737 4228 Sequitur
2802 4144 3066 4210 tandem
3142 4144 3464 4210 Davidem
3524 4146 3840 4224 exivisse,
3907 4156 3969 4210 et
4039 4167 4183 4210 cum

2247 4231 2615 4296 Ionathano
2697 4232 3119 4298 vehementer
3198 4232 3488 4309 flevisse,
3570 4230 3886 4296 Davidem
3969 4239 4183 4294 autem

2248 4318 2560 4402 amplius:
2619 4325 2686 4383 et
2729 4318 2797 4381 in
2842 4336 2998 4400 pace
3045 4315 3383 4382 dimissum
3428 4338 3467 4380 a
3510 4315 3890 4381 Ionathano.
3978 4315 4184 4379 Porro

2246 4403 2792 4487 quemadmodum
2838 4403 3085 4468 invicta
3131 4403 3255 4467 fuit
3297 4402 3647 4467 Ionathani
3692 4401 4071 4476 constantia,
4118 4412 4184 4463 et

2247 4489 2401 4553 data
2449 4488 2690 4554 Davidi
2736 4488 2915 4568 fides,
2958 4489 3040 4552 iis
3084 4488 3251 4553 fulta
3286 4487 3729 4553 fundamentis
3774 4506 3938 4568 quae
3998 4486 4183 4550 initio

2247 4575 2634 4652 audivimus,
2681 4594 2901 4638 amore
2944 4574 3252 4638 nimirum
3300 4574 3562 4639 virtutis
3609 4582 3674 4637 et
3725 4569 4181 4637 excellentium

2246 4659 2560 4725 donorum
2622 4661 2857 4743 quibus
2917 4668 3059 4724 erat
3103 4659 3323 4725 David
3380 4668 3676 4724 ornatus:
3741 4657 3835 4721 ita
3892 4658 4178 4722 vicissim

2247 4745 2573 4810 Davidem
2619 4766 2861 4829 magna
2884 4747 3244 4810 tentatione
3289 4744 3487 4809 fuisse
3531 4743 3886 4807 exercitum
3911 4742 4181 4807 minime

2247 4830 2513 4896 dubium
2560 4841 2692 4897 est:
2739 4852 2938 4914 quum
2983 4850 3054 4894 se
3098 4830 3327 4895 nullibi
3352 4840 3569 4894 tutum
3612 4827 3962 4894 israelitica
4005 4836 4183 4893 terra

2247 4917 2547 4982 exsulare
2592 4918 2732 5001 cogi
2779 4916 2999 4983 Saulis
3043 4917 3438 4983 truculentia
3462 4915 3724 4980 videret.
3792 4914 3963 4979 Nam
4004 4913 4183 4980 nulla

2247 5010 2400 5067 tunc
2445 5003 2757 5086 temporis
2801 5002 2929 5067 alia
2974 5012 3113 5065 erat
3171 5003 3239 5065 in
3300 5011 3434 5065 toto
3478 5002 3719 5066 mundo
3764 5010 3939 5065 terra
3983 5020 4177 5084 quam

2245 5088 2315 5152 in
2337 5087 2604 5165 Israele,
2652 5089 2722 5153 in
2768 5107 2897 5172 qna
2924 5087 3050 5152 Dei
3091 5087 3306 5152 cultus
3329 5107 3532 5168 purus
3577 5094 3643 5150 et
3675 5086 3931 5169 integer
3975 5095 4175 5152 esset:

2247 5195 2377 5238 non
2422 5183 2681 5258 poterat
2723 5173 2941 5255 itaque
3001 5171 3155 5239 alibi
3199 5193 3391 5255 quam
3450 5170 3623 5256 apud
3668 5171 4042 5238 idololatras
4115 5184 4181 5238 et

2246 5259 2746 5343 capitalissimos
2789 5259 3009 5323 hostes
3053 5258 3357 5325 ecclesiae
3416 5257 3821 5323 commorari.
3892 5257 4175 5339 Quinam
