5059 6059
306 317 415 385 445

300 509 583 576 hacteuus
653 505 859 573 edidit
874 505 907 571 7
975 507 1106 576 Ubi
1169 509 1540 593 praesentia
1602 509 1808 594 ipsius
1871 510 1942 576 iu
2013 511 2203 579 electi

298 593 497 681 populi
536 592 951 659 discrimine?
995 595 1138 661 Nae
1182 616 1329 661 cum
1374 597 1513 662 risu
1557 603 1625 661 et
1658 597 2201 663 contumeliarum

300 680 454 746 omni
493 699 729 764 genere
771 689 1084 764 exceptus
1118 681 1371 761 fuisset,
1430 692 1495 748 et
1539 681 1862 748 idolorum
1909 705 2043 749 uon
2087 683 2200 749 ab·

301 765 511 834 similis
567 764 848 845 babitus,
915 786 1082 849 quae
1148 772 1341 847 laesa,
1407 768 1478 834 iu
1546 778 1789 834 terram
1854 780 2200 852 prostrata,

297 854 538 918 effracta
580 871 790 935 neque
832 861 1203 931 moventur,
1248 874 1459 938 neque
1501 855 1836 920 resistunt.
1923 857 2030 921 Ex
2075 877 2203 939 quo

297 938 438 1004 satis
477 938 894 1021 conspicuum
938 945 1039 1004 est
1080 959 1157 1004 ea
1200 960 1353 1007 suos
1397 938 1773 1007 adoratores
1808 949 1875 1006 et
1918 941 2198 1008 admira-

290 1029 444 1089 tores
491 1043 702 1106 neque
760 1022 1093 1105 adiuvare,
1150 1046 1359 1110 neque
1424 1027 1629 1092 tutari
1666 1025 1864 1092 rebus
1906 1029 2202 1112 augustis

290 1129 475 1259 ἔωθε,
530 1108 1055 1193 quandoquidem
1098 1130 1241 1177 sese
1302 1114 1502 1178 tutari
1547 1134 1677 1178 nou
1722 1122 2020 1196 possunt.
2108 1115 2202 1179 At

349 1215 456 1260 eus
505 1194 742 1261 honori
784 1216 902 1262 suo
957 1197 1328 1264 consultum
1376 1199 1610 1265 voluit:
1667 1199 1838 1264 Nam
1888 1200 2031 1265 siue
2075 1199 2199 1264 bu-

287 1280 478 1380 mauis
522 1281 679 1346 ullis
741 1281 1003 1382 auxiliis
1047 1282 1562 1350 Philistaeorum
1619 1283 1893 1364 idolum,
1959 1284 2196 1370 Dagon

287 1375 1194 1552 nomnffljpggsgffiitbagon,
1241 1455 1531 1522 diximus
1573 1456 1641 1521 iu
1685 1455 1851 1522 libro
1895 1454 2195 1523 Iudicum

284 1557 408 1603 eam
442 1557 648 1621 accipi
687 1559 876 1622 posse
918 1540 1026 1608 vel
1062 1562 1179 1625 pro
1223 1541 1572 1621 frumento,
1622 1543 1808 1625 quasi
1854 1542 2070 1608 dictus
2110 1544 2199 1608 sit

282 1624 444 1690 Deus
485 1625 818 1705 frumeuti,
886 1625 1060 1711 quod
1103 1648 1191 1692 ex
1242 1649 1469 1694 eorum
1513 1628 1818 1712 opinione
1884 1628 2197 1694 frumeuti

282 1710 509 1794 copiam
544 1711 948 1791 immitteret,
984 1713 1091 1778 vel
1125 1734 1243 1796 pro
1278 1716 1485 1797 pisce:
1531 1734 1662 1780 vox
1700 1713 1876 1780 euim
1916 1711 2197 1780 hebraea

282 1805 611 1881 utrumque
648 1798 1008 1881 significat:
1044 1807 1109 1865 et
1131 1801 1302 1885 apud
1330 1800 1611 1867 Iudaeos
1645 1799 1927 1866 invaluit
1956 1800 2196 1883 opinio,

281 1881 435 1947 istud
509 1882 762 1949 idolum
836 1883 1112 1951 formam
1182 1887 1381 1970 piscis
1455 1887 1828 1953 obtinuisse.
1938 1886 2193 1951 Verum

283 1967 565 2050 quoniam
624 1969 700 2033 iu
762 1971 1210 2055 confingendis
1268 1973 1494 2039 multis
1536 1970 1773 2038 fabulis
1815 1970 2193 2038 audaciores

282 2054 536 2132 fuerunt,
582 2053 734 2120 ideo
771 2076 904 2120 nou
954 2078 1197 2140 magua
1249 2059 1409 2142 ipsis
1453 2066 1555 2125 est
1598 2055 1967 2125 adhibenda
2008 2058 2191 2125 fides.

287 2135 436 2204 Sunt
473 2149 696 2206 tamen
741 2140 814 2206 iu
848 2141 1047 2209 rebus
1080 2144 1225 2210 istis
1260 2145 1476 2210 dubiis
1517 2145 1926 2212 coniecturae
1982 2143 2195 2228 magis

284 2224 661 2306 probabiles:
714 2247 879 2310 quas
923 2249 1055 2294 nou
1098 2230 1222 2294 fuit
1280 2230 1628 2297 admodum
1690 2250 1953 2295 necesse
1994 2229 2194 2313 pluri·

287 2309 391 2375 bus
436 2309 534 2378 hic
592 2313 903 2395 exprimi.
992 2314 1179 2380 Deus
1233 2335 1393 2382 vero
1449 2315 1633 2381 uobis
1694 2316 1765 2381 in
1825 2315 2024 2381 verbo
2077 2336 2194 2382 suo

280 2393 448 2480 louge
486 2400 702 2483 magis
744 2398 1140 2466 familiarem
1192 2401 1668 2468 instructiouen
1713 2400 1911 2466 dedit.
1986 2401 2077 2467 Et
2120 2401 2195 2466 li-

281 2491 366 2545 cet
417 2503 494 2548 ex
547 2484 718 2568 ipsis
782 2485 982 2550 etiam
1037 2487 1313 2570 paganis
1366 2487 1671 2572 colligere
1730 2489 1800 2553 iu
1864 2485 2064 2573 Syria
2127 2494 2194 2551 et

280 2565 635 2634 Palaestina
680 2570 892 2654 pisces
936 2592 1054 2654 pro
1095 2571 1220 2637 diis
1280 2572 1538 2639 habitos
1581 2582 1647 2637 et
1703 2574 1931 2641 cultos.
2020 2572 2190 2638 Nam

281 2663 342 2716 ut
412 2654 519 2720 alii
584 2655 871 2722 aliorum
936 2657 1468 2741 superstitionem
1534 2658 1769 2736 rident,
1851 2658 1930 2724 de
1998 2657 2192 2742 Syris

279 2737 612 2822 loquuntur
686 2748 995 2826 tauquam
1052 2764 1092 2808 a
1131 2744 1409 2827 piscium
1466 2743 1775 2810 carnibus
1834 2744 2189 2810 abhorren-

280 2822 464 2892 tibus:
510 2826 690 2912 quod
735 2849 866 2893 uon
912 2830 1053 2894 siue
1096 2849 1290 2896 causa
1348 2829 1428 2896 de
1472 2831 1608 2896 illis
1652 2828 1908 2899 dicitur.
1995 2829 2191 2897 Unde

279 2910 564 2980 coniicere
608 2913 771 2980 licet
827 2913 1124 2999 Dagouis
1182 2915 1428 2981 idolum
1487 2917 1684 2982 fuisse
1741 2916 1952 2981 forma
1993 2915 2191 2999 piscis

280 3014 313 3058 a
360 2998 541 3080 pube,
606 3020 743 3083 quo
808 2999 1006 3065 etiam
1048 3022 1286 3067 nomeu
1352 3000 1787 3081 referebatur3
1846 3010 1912 3067 et
1953 3002 2191 3068 idcirco

280 3081 662 3151 existimasse
681 3085 835 3151 illos
856 3085 1143 3170 aliquam
1167 3089 1234 3154 in
1257 3087 1369 3154 illo
1405 3088 1723 3155 inclusam
1761 3088 2188 3154 divinitatem.

424 3168 597 3251 Quid
663 3192 859 3255 porro
904 3171 1056 3238 huic
1110 3173 1284 3239 idolo
1329 3175 1696 3258 contigerit,
1743 3173 2049 3258 deinceps
2088 3174 2189 3239 vi-

279 3249 563 3323 dendum:
630 3277 711 3323 ac
763 3257 1056 3341 mimum
1124 3261 1377 3342 quidem
1435 3260 1831 3326 Aschdodaei
1893 3261 2190 3325 dicuntur

277 3356 432 3405 mane
470 3343 848 3422 surrexisse,
908 3349 966 3410 et
998 3345 1309 3411 invenisse
1350 3346 1673 3430 Daqonem
1730 3345 2065 3427 collapsum
2092 3345 2189 3409 ia·

279 3430 472 3492 cautem
528 3428 705 3513 facie
781 3449 907 3495 sua
968 3430 1038 3496 iu
1101 3435 1332 3497 terram
1400 3452 1610 3497 eoram
1685 3451 1837 3497 arca
1902 3430 2189 3496 Iehovae.

284 3506 515 3590 Quibus
574 3514 798 3582 verbis
855 3515 1202 3595 iudicatur,
1270 3518 1507 3597 Deum,
1570 3518 1694 3584 etsi
1753 3516 1836 3583 ab
1894 3516 2192 3582 hostibus

284 3608 450 3679 capta
501 3619 663 3668 arca
719 3602 1021 3685 captivus
1079 3602 1454 3682 haberetur,
1519 3624 1650 3668 nou
1711 3604 1911 3670 fuisse
1970 3611 2191 3668 tamen

283 3686 600 3766 captivum,
676 3687 790 3754 sed
857 3687 994 3754 vim
1056 3709 1244 3754 suam
1311 3690 1693 3769 exseruisse,
1751 3697 1820 3755 et
1862 3709 2190 3754 summam

285 3772 676 3839 autoritatem
734 3782 801 3839 et
856 3774 1206 3858 imperium
1258 3775 1644 3842 exercuisse.
1732 3776 1936 3841 Porro
1983 3773 2193 3857 Asch-

286 3849 392 3918 dod
441 3860 713 3943 antiqua
768 3861 924 3926 urbs
991 3869 1059 3926 et
1121 3859 1412 3940 celebris,
1480 3882 1645 3944 quae
1706 3870 1902 3927 autea
1964 3881 2195 3926 eversa

283 3937 468 4008 fuerat
508 3943 590 4011 ab
636 3945 872 4012 incolis
913 3946 1281 4012 instaurata
1323 3955 1391 4013 et
1433 3948 1773 4029 restituta3
1819 3958 2017 4031 atque
2060 3965 2193 4012 una

282 4034 405 4092 erat
440 4051 519 4095 ex
571 4030 868 4115 quinque
935 4032 1241 4115 satrapiis
1297 4033 1802 4099 Philistiuorum
1863 4030 2190 4116 quondam

279 4111 633 4183 clarissima.
725 4117 958 4200 Itaque
1005 4117 1086 4183 ab
1129 4118 1361 4185 incolis
1417 4127 1683 4203 propter
1725 4120 1848 4186 loci
1889 4117 2192 4183 fertilita-

278 4203 391 4263 tem
442 4202 817 4269 instaurata
879 4203 1132 4269 fuerat:
1198 4225 1338 4269 eam
1406 4205 1612 4290 igitur
1681 4204 1854 4289 quod
1919 4202 2189 4270 celebris

277 4294 429 4351 esset
488 4288 833 4373 elegerunt
896 4288 1256 4367 Philistaei,
1321 4290 1393 4355 iu
1459 4311 1657 4374 quam
1724 4310 1945 4357 arcam
2009 4288 2191 4354 illam

275 4366 530 4440 foederis
606 4385 924 4458 tauquam
1002 4376 1072 4441 iu
1151 4375 1560 4459 triumphum
1626 4375 2039 4452 deducerent,
2115 4383 2193 4440 ut

272 4454 540 4543 undique
583 4460 767 4526 fama
811 4460 892 4526 de
934 4460 1051 4527 illa
1099 4470 1535 4546 spargeretur.
1626 4461 1759 4531 Sed
1803 4484 1971 4540 ecoe,
2031 4461 2187 4526 dum

272 4541 623 4627 triumphos
661 4545 1078 4626 meditantur,
1122 4549 1308 4615 Deus
1342 4547 1655 4615 virtutem
1699 4570 1886 4615 suam
1923 4546 2187 4613 exserit.

270 4623 364 4693 Ex
395 4651 520 4713 quo
575 4633 659 4698 fit
692 4633 1131 4716 conspicuum,
1170 4643 1238 4700 et
1286 4635 1357 4699 in
1403 4655 1529 4718 quo
1564 4642 1877 4717 tanquam
1910 4634 1979 4699 iu
2031 4633 2192 4698 ima-

272 4713 407 4793 gine
439 4716 592 4784 licet
613 4719 1057 4803 contemplari,
1104 4721 1281 4803 quod
1326 4729 1469 4785 tum
1513 4721 1582 4786 iu
1605 4720 1909 4796 Psalmis,
1954 4719 2190 4784 tumiu

269 4794 429 4896 Jsaia
504 4804 894 4869 nominatim
961 4805 1219 4885 dicitur,
1301 4805 1444 4871 Deo
1509 4826 1653 4872 sese
1736 4803 2189 4889 patefaciente,

268 4882 428 4953 idola
464 4907 791 4974 corruere,
842 4900 909 4956 et
952 4894 1244 4957 omnium
1288 4891 1588 4957 ludibriis
1632 4899 1702 4957 et
1742 4891 2030 4956 irrisioni
2075 4911 2189 4956 ex-

271 4973 430 5050 poni.
514 4975 607 5042 Et
652 4976 985 5060 speciatim
1024 4976 1338 5044 adversus
1372 4978 1751 5063 Aegyptum
1791 4975 2191 5061 prophetans

269 5053 485 5152 Esaias
526 5062 655 5126 ait:
702 5061 862 5128 Ecce
921 5062 1154 5129 Iehova
1203 5063 1490 5130 insidens
1547 5063 1778 5129 cimae
1828 5062 1984 5128 nubo·
2040 5062 2187 5144 levi,

270 5159 600 5212 mensurus
653 5153 742 5215 est
782 5146 1150 5233 Aeyyptum,
1195 5150 1347 5216 adeo
1403 5154 1473 5215 ut
1518 5153 2006 5217 commoveantur
2060 5148 2191 5214 ido-

268 5223 327 5292 la
373 5229 641 5317 Aeqypti
697 5257 739 5302 a
790 5239 1108 5320 conspeetu
1171 5235 1330 5317 eius,
1394 5243 1513 5304 etc.
1602 5236 1706 5301 De
1764 5234 2190 5304 conversione

1632 322 1735 390 IN
1773 323 1828 389 1.
1875 322 2056 390 LIB.
2102 320 2505 390 SAMUEL.
2550 320 2749 389 OAP.
2794 322 2875 390 V.

4119 315 4248 387 446

2308 511 2723 578 ethnicorum
2789 510 3082 595 loquens,
3163 511 3247 577 ad
3308 509 3858 594 praedicationem
3924 512 4251 597 evangelii

2306 604 2446 663 tcto
2511 607 2836 662 terrarum
2903 597 3059 663 orbe
3123 597 3644 680 praedicandam.
3741 595 3998 664 Iudicat
4063 599 4241 664 euim

2305 683 2520 749 Deum
2578 681 2842 748 taudem
2898 683 3285 749 effecturum
3344 691 3416 750 ut
3475 684 3771 749 doctriua
3812 704 3935 750 sua
3991 684 4061 750 in
4107 693 4245 750 tota

2305 769 2572 853 regione
2607 768 3060 849 annuncietur,
3104 777 3172 836 et
3216 769 3339 835 ait:
3385 769 3556 835 Ecce
3601 769 3850 835 Iehova
3884 770 4240 836 invasurus

2304 864 2403 921 est
2425 859 2826 939 Aegyptum,
2872 854 2939 920 id
2975 865 3094 933 est,
3138 856 3208 921 in
3230 856 3519 940 Aegypti
3564 856 4041 940 possessiouem
4080 877 4240 922 ven-

2303 950 2513 1020 turus,
2581 951 2646 1006 et
2692 940 2864 1006 idola
2903 949 3061 1006 suut
3102 943 3486 1008 corruitura.
3575 941 3704 1007 Hic
3747 961 3904 1007 vero
3944 941 4241 1025 papistae

2300 1026 2591 1091 fabulam
2645 1026 2996 1092 commenti
3060 1037 3221 1094 suut
3277 1026 3669 1093 Iudaeorum
3729 1045 3936 1105 more,
4001 1048 4237 1110 nempe

2303 1111 2476 1177 idola
2534 1111 2818 1197 collapsa
2875 1113 3182 1179 cecidisse
3236 1114 3307 1179 iu
3354 1118 3650 1198 Aegypto
3708 1112 3831 1178 sub
3873 1113 4237 1179 adveutum

2304 1198 2576 1263 Domini
2618 1198 2825 1264 nostri
2867 1197 3020 1263 Iesu
3064 1197 3345 1266 Christi:
3391 1199 3566 1265 unde
3610 1211 3857 1282 quauta
3900 1200 3989 1264 sit
4030 1199 4235 1264 homi·

2301 1304 2463 1349 uum
2520 1283 2794 1350 audacia
2850 1283 3296 1366 perspicimus,
3347 1306 3556 1367 ‚quum
3615 1283 3739 1351 sibi
3784 1284 4041 1368 quidvis
4091 1304 4235 1367 per·

2302 1370 2596 1451 mittunt,
2671 1378 2737 1435 et
2800 1389 2918 1435 sua
2999 1379 3386 1449 commenta,
3467 1370 3701 1454 quibus
3768 1391 3969 1436 verus
4034 1371 4234 1436 totius

2301 1456 2669 1540 scripturae
2704 1476 2936 1522 seusus
2970 1465 3452 1540 corrumpatur,
3488 1457 3559 1521 iu
3595 1455 3884 1522 medium
3912 1454 4231 1521 adferunt.

2301 1540 2552 1608 Sensus
2588 1541 2764 1607 enim
2790 1542 3136 1608 verborum
3174 1542 3438 1607 illorum
3472 1541 3830 1625 prophetae
3866 1542 4233 1608 communis

2301 1635 2420 1704 est,
2467 1648 2720 1711 nempe,
2764 1627 3134 1712 collapsura
3174 1626 3349 1693 idola
3391 1649 3595 1710 quum
3639 1626 3825 1693 Deus
3869 1649 3985 1711 per
4028 1649 4230 1694 evau-

2299 1712 2457 1796 gelii
2519 1713 3066 1797 praedicationem
3135 1734 3319 1780 suam
3400 1713 3802 1778 maiestatem
3869 1714 4232 1796 patefaciet.

2297 1797 2483 1864 Idem
2528 1800 2598 1863 iu
2644 1799 2929 1865 Psalmis
2973 1798 3230 1884 dicitur,
3288 1799 3410 1865 sub
3455 1799 3632 1883 regis
3691 1798 4045 1866 adveutum
4087 1821 4228 1865 om-

2299 1884 2413 1950 nia
2486 1885 2660 1950 idola
2723 1884 3211 1970 confringenda.
3299 1885 3471 1951 Nam
3536 1885 3952 1951 tenebrarum
4027 1884 4231 1951 densa

2297 1970 2579 2055 caligine
2636 1978 2701 2036 et
2758 1971 2987 2037 multis
3052 1970 3551 2055 tempestatibus
3616 1969 3904 2037 muudus
3970 1992 4230 2057 semper

2298 2056 2607 2141 agitatur,
2673 2056 2877 2123 donec
2918 2056 3070 2122 illas
3113 2077 3234 2122 suo
3291 2057 3633 2140 splendore
3677 2057 3860 2123 Deus
3918 2057 4219 2142 dissipet:

2297 2152 2367 2208 et
2431 2141 2640 2209 Satan
2701 2142 2840 2208 suis
2904 2144 3278 2229 praestigiis
3348 2151 3414 2209 et
3484 2143 3864 2226 imposturis
3928 2142 4231 2210 homiues

2298 2229 2652 2308 dementat,
2722 2226 2929 2295 donec
2988 2250 3129 2295 sese
3207 2228 3395 2295 nobis
3466 2229 3652 2295 Deus
3729 2229 4092 2312 patefaciat,
4164 2238 4231 2295 et

2296 2335 2763 2400 cognoscamus
2806 2334 3010 2398 penes
3053 2336 3258 2381 uuum
3316 2315 3530 2400 ipsum
3576 2335 3771 2380 omne
3814 2336 3955 2381 esse
3999 2314 4228 2382 iudici-

2296 2422 2428 2467 um.
2517 2399 2796 2484 Semper
2854 2401 3030 2466 euim
3085 2400 3190 2466 hic
3247 2398 3595 2484 scrupulus
3638 2400 3935 2466 homiues
3992 2410 4229 2467 natura

2296 2484 2595 2552 stimulat
2635 2496 2704 2551 et
2745 2486 3012 2570 pungit:
3070 2484 3270 2552 Hunc
3311 2485 3652 2564 muudum,
3710 2507 3841 2552 uon
3886 2507 3927 2551 a
3960 2508 4031 2552 se
4073 2507 4228 2552 cou-

2298 2572 2525 2651 ditum,
2591 2569 2705 2638 sed
2764 2572 2836 2636 vi
2880 2571 3160 2655 quadam
3220 2580 3287 2637 et
3328 2572 3601 2637 numine
3644 2573 3979 2656 superiore
4021 2591 4061 2636 a
4103 2592 4230 2656 quo

2295 2667 2565 2743 regatur
2623 2666 2691 2723 et
2748 2655 3260 2723 administretur.
3349 2656 3484 2724 Sed
3534 2657 3689 2723 deos
3732 2657 3859 2723 sibi
3902 2678 3985 2723 ex
4042 2657 4228 2743 inge-

2296 2747 2405 2809 nio
2475 2745 2756 2827 fingunt,
2825 2755 2890 2807 et
2953 2742 3122 2827 quod
3188 2743 3497 2809 voluutas
3569 2743 3915 2809 dictaverit
3981 2764 4223 2809 numen

2295 2830 2598 2896 adorant:
2661 2838 2735 2895 ut
2776 2829 3096 2895 incertum
3157 2848 3423 2904 numen,
3482 2828 3771 2895 incertus
3828 2827 3969 2894 eius
4013 2829 4227 2894 cultus

2297 2917 2419 2982 sit:
2464 2925 2659 2999 atque
2701 2916 2797 2981 ita
2855 2935 3051 2982 verus
3095 2913 3279 2982 Deus
3335 2914 3649 2980 oblivioni
3709 2912 4007 2991 traditur,
4051 2913 4224 2996 quod

2296 3002 2607 3067 nimirum
2653 3001 2952 3067 homiues
2986 3021 3106 3067 sua
3139 3013 3508 3068 commenta
3541 3000 3808 3083 propria
3843 3008 4225 3082 sequuntur.

2297 3087 2632 3169 Quamdiu
2667 3109 2823 3154 vero
2852 3087 3090 3153 uostris
3132 3087 3545 3170 opinionibus
3590 3084 4039 3161 adhaeremus,
4083 3106 4226 3151 cer-

2295 3181 2435 3239 tum
2483 3182 2584 3239 est
2626 3193 2964 3257 nunquam
3008 3194 3234 3240 verum
3281 3170 3499 3237 Deum
3544 3191 3662 3238 uos
3698 3171 4063 3255 agnituros:
4110 3169 4227 3236 sed

2296 3269 2525 3325 contra
2569 3279 2632 3324 m
2725 3259 2779 3324 ‘s
2822 3280 2897 3325 ac
2956 3259 3165 3344 magis
3206 3258 3276 3324 iu
3321 3258 3610 3325 sordium
3667 3264 4042 3324 nostrarum
4083 3255 4226 3321 luto

2295 3349 2656 3427 immergeu
2703 3365 2795 3411 os.
2884 3342 3022 3410 Sed
3073 3344 3182 3409 ubi
3240 3342 3369 3410 Dei
3414 3343 3686 3410 verbum
3744 3363 3893 3409 cum
3939 3341 4230 3408 efficacia

2296 3430 2723 3513 praedicatur,
2768 3450 2843 3495 ac
2888 3450 3083 3496 verus
3128 3428 3313 3495 Deus
3357 3429 3539 3495 velut
3582 3428 3665 3494 ob
3708 3428 3932 3495 oculos
3966 3426 4227 3493 subiici-

2295 3526 2406 3582 tur
2448 3523 2517 3581 et
2559 3515 2744 3599 quasi
2775 3515 2978 3601 digito
3013 3514 3361 3594 indicatur,
3407 3523 3550 3581 tum
3584 3514 3702 3580 uui
3736 3514 3833 3579 illi
3869 3513 4227 3579 adhaerere

2293 3622 2415 3668 nos
2459 3610 2734 3685 oportet.
2824 3603 3038 3684 Atque
3094 3599 3461 3667 incredulos
3510 3598 3769 3684 quidem
3806 3602 4012 3665 fateor
4055 3598 4225 3663 nihil

2292 3689 2718 3772 profecturos,
2760 3688 3047 3772 caligant
3089 3687 3285 3763 enim,
3343 3687 3546 3751 immo
3589 3707 3855 3769 prorsus
3898 3683 4227 3751 excaecati

2295 3782 2483 3840 suut:
2560 3775 2795 3858 quibus
2859 3773 3171 3839 nimirum
3245 3770 3455 3839 Satan
3519 3792 3635 3856 per
3699 3770 4225 3839 incredulitatem

2295 3860 2519 3926 oculos
2578 3861 2779 3926 eruit:
2839 3867 3037 3942 atque
3093 3858 3237 3923 ideo
3281 3879 3491 3942 neque
3543 3856 3784 3939 videre,
3841 3875 4055 3941 neque
4109 3857 4227 3922 ali·

2294 3966 2490 4030 quam
2524 3945 2878 4010 utilitatem
2914 3952 3252 4028 reportare
3286 3953 3577 4027 possunt.
3624 3945 3713 4009 At
3748 3945 3804 4008 si
3847 3963 4227 4010 sacrosanc-

2295 4040 2439 4097 tum
2505 4032 2637 4097 Dei
2700 4032 2977 4097 verbum
3036 4038 3105 4096 et
3160 4029 3573 4115 evangelium
3641 4030 3807 4095 altas
3862 4028 3934 4095 iu
3988 4028 4224 4094 animis

2296 4117 2541 4183 uostris
2583 4115 2833 4182 radices
2889 4117 3164 4200 egerint,
3218 4123 3284 4182 et
3327 4115 3679 4181 efficaciam
3738 4115 4043 4193 habeant,
4091 4133 4224 4178 nou

2294 4202 2488 4268 modo
2529 4222 2763 4268 verum
2806 4220 2883 4267 ac
2925 4222 3256 4268 summum
3299 4222 3546 4267 numen
3591 4200 4066 4275 venerabimur,
4109 4196 4223 4263 sed

2294 4289 2489 4353 etiam
2528 4308 2756 4355 omnes
2789 4289 3285 4370 superstitiones
3320 4307 3396 4354 ac
3439 4291 3951 4372 ἐθελοθρησκειας
3994 4283 4223 4366 procul

2295 4395 2334 4440 a
2378 4373 2567 4440 uobis
2608 4394 2752 4440 esse
2793 4372 3177 4441 iubebimus.
3266 4374 3438 4439 Nam
3482 4373 3595 4457 qui
3639 4372 3743 4442 vel
3788 4372 3857 4436 iu
3901 4370 4073 4435 hauc
4116 4368 4223 4434 vel

2292 4461 2363 4524 iu
2418 4459 2603 4525 illam
2660 4467 2916 4542 partem
2976 4480 3129 4525 suas
3184 4460 3523 4542 opiniones
3581 4458 3840 4542 sequuti
3900 4455 4224 4521 inclinant

2294 4555 2359 4611 et
2402 4544 2483 4611 de
2526 4544 2807 4610 veritate
2849 4545 3212 4629 ambigunt,
3252 4564 3485 4627 parum
3531 4544 3742 4610 adbuc
3786 4550 3903 4608 aut
3945 4539 4110 4606 nihil
4151 4540 4222 4605 in

2294 4630 2620 4715 evangelii
2679 4629 3160 4713 praedicatione
3225 4637 3713 4713 promoverunt.
3802 4626 3916 4694 Sic
3979 4625 4223 4691 multos

2292 4717 2518 4783 videas
2563 4716 2752 4782 fateri
2797 4716 3061 4799 quidem
3107 4723 3174 4782 et
3226 4735 3581 4801 agnoscere
3636 4713 3873 4779 bonam
3919 4719 3986 4776 et
4027 4730 4222 4777 sanc—

2293 4812 2428 4869 tam
2473 4823 2616 4870 esse
2661 4801 3052 4868 doctrinam:
3111 4801 3225 4869 sed
3272 4811 3490 4867 tamen
3546 4799 3860 4884 pristinas
3901 4818 4112 4881 nugas
4155 4801 4223 4862 et

2292 4889 2528 4955 stultas
2592 4887 2969 4955 devotiones
3034 4888 3338 4954 retinere.
3439 4885 3690 4951 Verum
3752 4884 3933 4949 Deus
4005 4882 4224 4948 istius-

2294 4976 2471 5041 modi
2510 4974 2910 5058 corruptelas
2925 4975 3094 5040 ferre
3118 4994 3253 5039 non
3275 4979 3508 5056 potest.
3544 4970 3765 5052 Quare
3787 4967 4038 5052 quoties
4080 4987 4224 5033 sese

2293 5060 2480 5128 Deus
2522 5083 2607 5128 ex
2650 5081 2770 5126 sua
2827 5058 3283 5126 benevolentia
3325 5057 3515 5122 uobis
3559 5055 3882 5139 patefacit,
3924 5052 4224 5120 omuibus

2297 5149 2487 5217 vanis
2567 5145 3145 5231 superstitionibus
3221 5141 3735 5209 renuntiandum
3815 5149 3935 5220 est,
4012 5159 4222 5224 neque

2294 5243 2518 5304 tamen
2576 5232 2721 5301 ideo
2774 5252 2999 5299 omues
3054 5230 3196 5297 sine
3253 5227 3627 5297 discrimine
3684 5227 3756 5294 in
3811 5225 3935 5296 hoc
3993 5226 4224 5296 timore
