<?xml version="1.0" encoding="UTF-8"?>
<!DOCTYPE html PUBLIC "-//W3C//DTD XHTML 1.0 Transitional//EN"
    "http://www.w3.org/TR/xhtml1/DTD/xhtml1-transitional.dtd">
<html xmlns="http://www.w3.org/1999/xhtml" xml:lang="en" lang="en">
 <head>
  <title>
</title>
<meta http-equiv="Content-Type" content="text/html;charset=utf-8" />
  <meta name='ocr-system' content='tesseract 3.04.00' />
  <meta name='ocr-capabilities' content='ocr_page ocr_carea ocr_par ocr_line ocrx_word'/>
</head>
<body>
  <div class='ocr_page' id='page_1' title='image "./ioanniscalvinio07unkngoog_0153.png"; bbox 0 0 5059 6059; ppageno 0'>
   <div class='ocr_carea' id='block_1_1' title="bbox 327 339 433 404">
    <p class='ocr_par' dir='ltr' id='par_1_1' title="bbox 327 339 433 404">
     <span class='ocr_line' id='line_1_1' title="bbox 327 339 433 404; baseline 0.019 -2"><span class='ocrx_word' id='word_1_1' title='bbox 327 339 433 404; x_wconf 72' lang='lat'><strong>2&#39;1‘1</strong></span> 
     </span>
    </p>
   </div>
   <div class='ocr_carea' id='block_1_2' title="bbox 1686 337 2904 410">
    <p class='ocr_par' dir='ltr' id='par_1_2' title="bbox 1686 337 2904 410">
     <span class='ocr_line' id='line_1_2' title="bbox 1686 337 2904 410; baseline 0.006 -8"><span class='ocrx_word' id='word_1_2' title='bbox 1686 337 1786 404; x_wconf 88' lang='lat' dir='ltr'><strong>IN</strong></span> <span class='ocrx_word' id='word_1_3' title='bbox 1830 337 1885 403; x_wconf 92' lang='grc' dir='ltr'><strong>Ι.</strong></span> <span class='ocrx_word' id='word_1_4' title='bbox 1931 339 2112 406; x_wconf 86' lang='lat' dir='ltr'><strong>LIB.</strong></span> <span class='ocrx_word' id='word_1_5' title='bbox 2159 338 2560 410; x_wconf 80' lang='lat' dir='ltr'><strong>SAMUEL.</strong></span> <span class='ocrx_word' id='word_1_6' title='bbox 2608 342 2801 410; x_wconf 78' lang='lat' dir='ltr'><strong>OAP.</strong></span> <span class='ocrx_word' id='word_1_7' title='bbox 2850 344 2904 409; x_wconf 93' lang='lat'><strong>1.</strong></span> 
     </span>
    </p>
   </div>
   <div class='ocr_carea' id='block_1_3' title="bbox 4167 354 4295 422">
    <p class='ocr_par' dir='ltr' id='par_1_3' title="bbox 4167 354 4295 422">
     <span class='ocr_line' id='line_1_3' title="bbox 4167 354 4295 422; baseline 0.031 -4"><span class='ocrx_word' id='word_1_8' title='bbox 4167 354 4295 422; x_wconf 80' lang='lat'><strong>278</strong></span> 
     </span>
    </p>
   </div>
   <div class='ocr_carea' id='block_1_4' title="bbox 324 525 4295 616">
    <p class='ocr_par' dir='ltr' id='par_1_4' title="bbox 324 525 4295 616">
     <span class='ocr_line' id='line_1_4' title="bbox 324 525 4295 616; baseline 0.004 -24"><span class='ocrx_word' id='word_1_9' title='bbox 324 529 534 615; x_wconf 86' lang='lat' dir='ltr'><strong>gitent,</strong></span> <span class='ocrx_word' id='word_1_10' title='bbox 629 534 700 592; x_wconf 88' lang='lat' dir='ltr'><strong>ut</strong></span> <span class='ocrx_word' id='word_1_11' title='bbox 789 525 1038 611; x_wconf 90' lang='lat' dir='ltr'><strong>prolem</strong></span> <span class='ocrx_word' id='word_1_12' title='bbox 1132 525 1292 610; x_wconf 90' lang='lat' dir='ltr'><strong>ipsis</strong></span> <span class='ocrx_word' id='word_1_13' title='bbox 1385 547 1553 610; x_wconf 88' lang='lat' dir='ltr'><strong>quae</strong></span> <span class='ocrx_word' id='word_1_14' title='bbox 1633 527 1851 593; x_wconf 89' lang='lat' dir='ltr'><strong>Deum</strong></span> <span class='ocrx_word' id='word_1_15' title='bbox 1926 528 2099 594; x_wconf 91' lang='lat' dir='ltr'><strong>colat</strong></span> <span class='ocrx_word' id='word_1_16' title='bbox 2177 550 2253 597; x_wconf 88' lang='lat' dir='ltr'><strong>ac</strong></span> <span class='ocrx_word' id='word_1_17' title='bbox 2354 552 2777 616; x_wconf 89' lang='lat' dir='ltr'><strong>quaecunque</strong></span> <span class='ocrx_word' id='word_1_18' title='bbox 2833 532 3094 598; x_wconf 88' lang='lat' dir='ltr'><strong>tandem</strong></span> <span class='ocrx_word' id='word_1_19' title='bbox 3152 533 3269 598; x_wconf 91' lang='lat' dir='ltr'><strong>illa</strong></span> <span class='ocrx_word' id='word_1_20' title='bbox 3323 533 3536 614; x_wconf 87' lang='lat' dir='ltr'><strong>fuerit,</strong></span> <span class='ocrx_word' id='word_1_21' title='bbox 3608 536 4108 605; x_wconf 81' lang='lat' dir='ltr'><strong>animadvertite</strong></span> <span class='ocrx_word' id='word_1_22' title='bbox 4164 563 4295 608; x_wconf 91' lang='lat' dir='ltr'><strong>non</strong></span> 
     </span>
    </p>
   </div>
   <div class='ocr_carea' id='block_1_5' title="bbox 321 611 2249 697">
    <p class='ocr_par' dir='ltr' id='par_1_5' title="bbox 321 611 2249 697">
     <span class='ocr_line' id='line_1_5' title="bbox 321 611 2249 697; baseline -0.001 -16"><span class='ocrx_word' id='word_1_23' title='bbox 321 622 647 682; x_wconf 83' lang='lat' dir='ltr'><strong>veneretur</strong></span> <span class='ocrx_word' id='word_1_24' title='bbox 713 612 988 697; x_wconf 89' lang='lat' dir='ltr'><strong>benigne</strong></span> <span class='ocrx_word' id='word_1_25' title='bbox 1060 611 1289 678; x_wconf 85' lang='lat' dir='ltr'><strong>donet:</strong></span> <span class='ocrx_word' id='word_1_26' title='bbox 1378 633 1453 678; x_wconf 90' lang='lat' dir='ltr'><strong>ac</strong></span> <span class='ocrx_word' id='word_1_27' title='bbox 1525 613 1809 690; x_wconf 90' lang='lat' dir='ltr'><strong>tandem,</strong></span> <span class='ocrx_word' id='word_1_28' title='bbox 1887 622 2075 680; x_wconf 91' lang='lat' dir='ltr'><strong>natos</strong></span> <span class='ocrx_word' id='word_1_29' title='bbox 2147 617 2249 680; x_wconf 92' lang='lat' dir='ltr'><strong>in·</strong></span> 
     </span>
    </p>
   </div>
   <div class='ocr_carea' id='block_1_6' title="bbox 2351 618 4295 700">
    <p class='ocr_par' dir='ltr' id='par_1_6' title="bbox 2351 618 4295 700">
     <span class='ocr_line' id='line_1_6' title="bbox 2351 618 4295 700; baseline 0.006 -18"><span class='ocrx_word' id='word_1_30' title='bbox 2351 627 2732 683; x_wconf 86' lang='lat' dir='ltr'><strong>contentum</strong></span> <span class='ocrx_word' id='word_1_31' title='bbox 2771 618 3090 684; x_wconf 86' lang='lat' dir='ltr'><strong>Elcanam</strong></span> <span class='ocrx_word' id='word_1_32' title='bbox 3126 621 3455 684; x_wconf 89' lang='lat' dir='ltr'><strong>communi</strong></span> <span class='ocrx_word' id='word_1_33' title='bbox 3502 622 3795 687; x_wconf 90' lang='lat' dir='ltr'><strong>omnium</strong></span> <span class='ocrx_word' id='word_1_34' title='bbox 3819 624 4049 700; x_wconf 84' lang='lat' dir='ltr'><strong>officio,</strong></span> <span class='ocrx_word' id='word_1_35' title='bbox 4095 627 4295 693; x_wconf 86' lang='lat' dir='ltr'><strong>etiam</strong></span> 
     </span>
    </p>
   </div>
   <div class='ocr_carea' id='block_1_7' title="bbox 316 697 4296 871">
    <p class='ocr_par' dir='ltr' id='par_1_7' title="bbox 316 697 4296 871">
     <span class='ocr_line' id='line_1_7' title="bbox 320 697 4294 796; baseline 0.003 -29"><span class='ocrx_word' id='word_1_36' title='bbox 320 702 518 768; x_wconf 74' lang='lat' dir='ltr'><strong>fantes</strong></span> <span class='ocrx_word' id='word_1_37' title='bbox 590 722 629 765; x_wconf 92' lang='lat' dir='ltr'><strong>a</strong></span> <span class='ocrx_word' id='word_1_38' title='bbox 687 698 829 765; x_wconf 89' lang='lat' dir='ltr'><strong>Deo</strong></span> <span class='ocrx_word' id='word_1_39' title='bbox 896 720 966 764; x_wconf 89' lang='lat' dir='ltr'><strong>se</strong></span> <span class='ocrx_word' id='word_1_40' title='bbox 1047 708 1359 782; x_wconf 85' lang='lat' dir='ltr'><strong>tanquam</strong></span> <span class='ocrx_word' id='word_1_41' title='bbox 1430 697 1673 763; x_wconf 89' lang='lat' dir='ltr'><strong>donum</strong></span> <span class='ocrx_word' id='word_1_42' title='bbox 1733 719 1809 764; x_wconf 91' lang='lat' dir='ltr'><strong>ac</strong></span> <span class='ocrx_word' id='word_1_43' title='bbox 1867 699 2247 766; x_wconf 87' lang='lat' dir='ltr'><strong>thesaurum</strong></span> <span class='ocrx_word' id='word_1_44' title='bbox 2352 726 2433 767; x_wconf 82' lang='lat' dir='ltr'><strong>ex</strong></span> <span class='ocrx_word' id='word_1_45' title='bbox 2482 704 2841 769; x_wconf 79' lang='lat' dir='ltr'><strong>abundanti</strong></span> <span class='ocrx_word' id='word_1_46' title='bbox 2885 705 3058 788; x_wconf 90' lang='lat' dir='ltr'><strong>grati</strong></span> <span class='ocrx_word' id='word_1_47' title='bbox 3098 706 3298 770; x_wconf 87' lang='lat' dir='ltr'><strong>animi</strong></span> <span class='ocrx_word' id='word_1_48' title='bbox 3338 708 3782 773; x_wconf 87' lang='lat' dir='ltr'><strong>testimonium</strong></span> <span class='ocrx_word' id='word_1_49' title='bbox 3828 710 4127 789; x_wconf 87' lang='lat' dir='ltr'><strong>adiicere,</strong></span> <span class='ocrx_word' id='word_1_50' title='bbox 4163 735 4294 796; x_wconf 92' lang='lat' dir='ltr'><strong>quo</strong></span> 
     </span>
     <span class='ocr_line' id='line_1_8' title="bbox 316 784 4296 871; baseline 0.002 -15"><span class='ocrx_word' id='word_1_51' title='bbox 316 808 461 856; x_wconf 84' lang='lat' dir='ltr'><strong>suae</strong></span> <span class='ocrx_word' id='word_1_52' title='bbox 558 785 709 851; x_wconf 90' lang='lat' dir='ltr'><strong>fidei</strong></span> <span class='ocrx_word' id='word_1_53' title='bbox 788 784 1208 851; x_wconf 89' lang='lat' dir='ltr'><strong>commissum</strong></span> <span class='ocrx_word' id='word_1_54' title='bbox 1289 792 1646 868; x_wconf 83' lang='lat' dir='ltr'><strong>agnoscant</strong></span> <span class='ocrx_word' id='word_1_55' title='bbox 1722 787 2064 869; x_wconf 88' lang='lat' dir='ltr'><strong>accepisse,</strong></span> <span class='ocrx_word' id='word_1_56' title='bbox 2176 797 2248 854; x_wconf 87' lang='lat' dir='ltr'><strong>ut</strong></span> <span class='ocrx_word' id='word_1_57' title='bbox 2350 802 2759 871; x_wconf 86' lang='lat' dir='ltr'><strong>acceptorum</strong></span> <span class='ocrx_word' id='word_1_58' title='bbox 2842 812 2882 855; x_wconf 88' lang='lat' dir='ltr'><strong>a</strong></span> <span class='ocrx_word' id='word_1_59' title='bbox 2954 791 3093 856; x_wconf 89' lang='lat' dir='ltr'><strong>Deo</strong></span> <span class='ocrx_word' id='word_1_60' title='bbox 3168 790 3622 857; x_wconf 86' lang='lat' dir='ltr'><strong>beneficiorum</strong></span> <span class='ocrx_word' id='word_1_61' title='bbox 3684 815 3755 859; x_wconf 93' lang='lat' dir='ltr'><strong>se</strong></span> <span class='ocrx_word' id='word_1_62' title='bbox 3813 817 4165 864; x_wconf 79' lang='lat' dir='ltr'><strong>memorem</strong></span> <span class='ocrx_word' id='word_1_63' title='bbox 4228 808 4296 865; x_wconf 90' lang='lat' dir='ltr'><strong>et</strong></span> 
     </span>
    </p>
   </div>
   <div class='ocr_carea' id='block_1_8' title="bbox 288 870 2247 5336">
    <p class='ocr_par' dir='ltr' id='par_1_8' title="bbox 312 870 2247 1282">
     <span class='ocr_line' id='line_1_9' title="bbox 318 870 2247 939; baseline 0 -1"><span class='ocrx_word' id='word_1_64' title='bbox 318 885 486 939; x_wconf 88' lang='lat' dir='ltr'><strong>tanto</strong></span> <span class='ocrx_word' id='word_1_65' title='bbox 564 872 806 936; x_wconf 85' lang='lat' dir='ltr'><strong>maiore</strong></span> <span class='ocrx_word' id='word_1_66' title='bbox 863 891 1020 936; x_wconf 89' lang='lat' dir='ltr'><strong>cura</strong></span> <span class='ocrx_word' id='word_1_67' title='bbox 1078 880 1144 935; x_wconf 92' lang='lat' dir='ltr'><strong>et</strong></span> <span class='ocrx_word' id='word_1_68' title='bbox 1201 870 1416 935; x_wconf 90' lang='lat' dir='ltr'><strong>studio</strong></span> <span class='ocrx_word' id='word_1_69' title='bbox 1482 871 1554 935; x_wconf 92' lang='lat' dir='ltr'><strong>in</strong></span> <span class='ocrx_word' id='word_1_70' title='bbox 1622 871 1748 936; x_wconf 87' lang='lat' dir='ltr'><strong>Dei</strong></span> <span class='ocrx_word' id='word_1_71' title='bbox 1813 872 2044 937; x_wconf 88' lang='lat' dir='ltr'><strong>timore</strong></span> <span class='ocrx_word' id='word_1_72' title='bbox 2098 873 2247 939; x_wconf 90' lang='lat' dir='ltr'><strong>illos</strong></span> 
     </span>
     <span class='ocr_line' id='line_1_10' title="bbox 317 955 2244 1036; baseline 0.001 -12"><span class='ocrx_word' id='word_1_73' title='bbox 317 957 578 1025; x_wconf 87' lang='lat' dir='ltr'><strong>educent</strong></span> <span class='ocrx_word' id='word_1_74' title='bbox 640 979 714 1023; x_wconf 91' lang='lat' dir='ltr'><strong>ac</strong></span> <span class='ocrx_word' id='word_1_75' title='bbox 775 956 1094 1036; x_wconf 85' lang='lat' dir='ltr'><strong>erudiant,</strong></span> <span class='ocrx_word' id='word_1_76' title='bbox 1165 955 1479 1021; x_wconf 89' lang='lat' dir='ltr'><strong>rationem</strong></span> <span class='ocrx_word' id='word_1_77' title='bbox 1555 955 1708 1021; x_wconf 88' lang='lat' dir='ltr'><strong>olim</strong></span> <span class='ocrx_word' id='word_1_78' title='bbox 1769 955 1915 1021; x_wconf 90' lang='lat' dir='ltr'><strong>Deo</strong></span> <span class='ocrx_word' id='word_1_79' title='bbox 1974 959 2244 1025; x_wconf 90' lang='lat' dir='ltr'><strong>reddere</strong></span> 
     </span>
     <span class='ocr_line' id='line_1_11' title="bbox 312 1041 2243 1130; baseline 0.001 -21"><span class='ocrx_word' id='word_1_80' title='bbox 312 1044 511 1130; x_wconf 79' lang='lat' dir='ltr'><strong>parati</strong></span> <span class='ocrx_word' id='word_1_81' title='bbox 564 1043 1034 1109; x_wconf 73' lang='lat' dir='ltr'><strong>nutricationis.</strong></span> <span class='ocrx_word' id='word_1_82' title='bbox 1124 1041 1292 1107; x_wconf 86' lang='lat' dir='ltr'><strong>Nam</strong></span> <span class='ocrx_word' id='word_1_83' title='bbox 1340 1041 1642 1126; x_wconf 87' lang='lat' dir='ltr'><strong>alioquin,</strong></span> <span class='ocrx_word' id='word_1_84' title='bbox 1686 1052 1759 1108; x_wconf 92' lang='lat' dir='ltr'><strong>ut</strong></span> <span class='ocrx_word' id='word_1_85' title='bbox 1801 1042 1957 1121; x_wconf 85' lang='lat' dir='ltr'>dixi,</span> <span class='ocrx_word' id='word_1_86' title='bbox 2018 1045 2243 1111; x_wconf 86' lang='lat' dir='ltr'><strong>istius-</strong></span> 
     </span>
     <span class='ocr_line' id='line_1_12' title="bbox 312 1129 2241 1282; baseline 0.001 -88"><span class='ocrx_word' id='word_1_87' title='bbox 312 1129 503 1282; x_wconf 45' lang='lat' dir='ltr'><strong>}nodi·</strong></span> <span class='ocrx_word' id='word_1_88' title='bbox 531 1130 868 1195; x_wconf 86' lang='lat' dir='ltr'><strong>nominum</strong></span> <span class='ocrx_word' id='word_1_89' title='bbox 919 1129 1266 1194; x_wconf 89' lang='lat' dir='ltr'><strong>temeraria</strong></span> <span class='ocrx_word' id='word_1_90' title='bbox 1324 1129 1682 1212; x_wconf 79' lang='lat' dir='ltr'><strong>usurpatiO,</strong></span> <span class='ocrx_word' id='word_1_91' title='bbox 1726 1148 1907 1194; x_wconf 90' lang='lat' dir='ltr'><strong>mera</strong></span> <span class='ocrx_word' id='word_1_92' title='bbox 1949 1139 2049 1196; x_wconf 88' lang='lat' dir='ltr'><strong>est</strong></span> <span class='ocrx_word' id='word_1_93' title='bbox 2093 1152 2241 1214; x_wconf 90' lang='lat' dir='ltr'><strong>pro-</strong></span> 
     </span>
     <span class='ocr_line' id='line_1_13' title="bbox 338 1233 569 1282; baseline -0.013 0"><span class='ocrx_word' id='word_1_94' title='bbox 338 1233 569 1282; x_wconf 79' lang='lat' dir='ltr'><strong>anano.</strong></span> 
     </span>
    </p>

    <p class='ocr_par' dir='ltr' id='par_1_9' title="bbox 288 1297 2240 5336">
     <span class='ocr_line' id='line_1_14' title="bbox 470 1297 2239 1385; baseline 0.001 -19"><span class='ocrx_word' id='word_1_95' title='bbox 470 1303 792 1385; x_wconf 90' lang='lat' dir='ltr'><strong>Deinceps</strong></span> <span class='ocrx_word' id='word_1_96' title='bbox 866 1299 1114 1365; x_wconf 84' lang='lat' dir='ltr'><strong>Elcana</strong></span> <span class='ocrx_word' id='word_1_97' title='bbox 1184 1299 1254 1363; x_wconf 91' lang='lat' dir='ltr'><strong>in</strong></span> <span class='ocrx_word' id='word_1_98' title='bbox 1314 1297 1584 1364; x_wconf 89' lang='lat' dir='ltr'><strong>domum</strong></span> <span class='ocrx_word' id='word_1_99' title='bbox 1647 1299 1772 1365; x_wconf 90' lang='lat' dir='ltr'><strong>Dei</strong></span> <span class='ocrx_word' id='word_1_100' title='bbox 1830 1300 2239 1369; x_wconf 76' lang='lat' dir='ltr'><strong>adscendisse</strong></span> 
     </span>
     <span class='ocr_line' id='line_1_15' title="bbox 307 1384 2240 1468; baseline 0.001 -15"><span class='ocrx_word' id='word_1_101' title='bbox 307 1387 546 1465; x_wconf 89' lang='lat' dir='ltr'><strong>dicitur,</strong></span> <span class='ocrx_word' id='word_1_102' title='bbox 646 1385 1037 1451; x_wconf 86' lang='lat' dir='ltr'><strong>sacrificium</strong></span> <span class='ocrx_word' id='word_1_103' title='bbox 1117 1385 1635 1450; x_wconf 84' lang='lat' dir='ltr'><strong>anniversarium</strong></span> <span class='ocrx_word' id='word_1_104' title='bbox 1716 1384 2072 1468; x_wconf 87' lang='lat' dir='ltr'><strong>oblaturus,</strong></span> <span class='ocrx_word' id='word_1_105' title='bbox 2174 1399 2240 1454; x_wconf 92' lang='lat' dir='ltr'><strong>et</strong></span> 
     </span>
     <span class='ocr_line' id='line_1_16' title="bbox 306 1471 2237 1557; baseline -0.001 -16"><span class='ocrx_word' id='word_1_106' title='bbox 306 1487 515 1542; x_wconf 79' lang='lat' dir='ltr'><strong>votum</strong></span> <span class='ocrx_word' id='word_1_107' title='bbox 570 1471 1051 1557; x_wconf 87' lang='lat' dir='ltr'><strong>persoluturus:</strong></span> <span class='ocrx_word' id='word_1_108' title='bbox 1107 1473 1307 1536; x_wconf 90' lang='lat' dir='ltr'><strong>Anna</strong></span> <span class='ocrx_word' id='word_1_109' title='bbox 1363 1492 1521 1536; x_wconf 79' lang='lat' dir='ltr'><strong>vero</strong></span> <span class='ocrx_word' id='word_1_110' title='bbox 1566 1491 1699 1536; x_wconf 91' lang='lat' dir='ltr'><strong>non</strong></span> <span class='ocrx_word' id='word_1_111' title='bbox 1746 1472 2039 1538; x_wconf 86' lang='lat' dir='ltr'><strong>venisse:</strong></span> <span class='ocrx_word' id='word_1_112' title='bbox 2097 1484 2237 1539; x_wconf 90' lang='lat' dir='ltr'><strong>tum</strong></span> 
     </span>
     <span class='ocr_line' id='line_1_17' title="bbox 304 1557 2235 1646; baseline 0.001 -21"><span class='ocrx_word' id='word_1_113' title='bbox 304 1558 463 1646; x_wconf 89' lang='lat' dir='ltr'><strong>quod</strong></span> <span class='ocrx_word' id='word_1_114' title='bbox 516 1558 730 1624; x_wconf 84' lang='lat' dir='ltr'><strong>fllium</strong></span> <span class='ocrx_word' id='word_1_115' title='bbox 792 1557 1080 1622; x_wconf 92' lang='lat' dir='ltr'><strong>nondum</strong></span> <span class='ocrx_word' id='word_1_116' title='bbox 1126 1557 1531 1635; x_wconf 88' lang='lat' dir='ltr'><strong>ablactasset,</strong></span> <span class='ocrx_word' id='word_1_117' title='bbox 1590 1566 1730 1622; x_wconf 89' lang='lat' dir='ltr'><strong>tum</strong></span> <span class='ocrx_word' id='word_1_118' title='bbox 1776 1558 1945 1640; x_wconf 92' lang='lat' dir='ltr'><strong>quod</strong></span> <span class='ocrx_word' id='word_1_119' title='bbox 1994 1560 2235 1641; x_wconf 81' lang='lat' dir='ltr'><strong>absque</strong></span> 
     </span>
     <span class='ocr_line' id='line_1_18' title="bbox 303 1642 2235 1730; baseline 0.001 -20"><span class='ocrx_word' id='word_1_120' title='bbox 303 1647 452 1730; x_wconf 88' lang='lat' dir='ltr'><strong>ipso,</strong></span> <span class='ocrx_word' id='word_1_121' title='bbox 487 1665 686 1729; x_wconf 90' lang='lat' dir='ltr'><strong>quem</strong></span> <span class='ocrx_word' id='word_1_122' title='bbox 714 1644 855 1708; x_wconf 90' lang='lat' dir='ltr'><strong>Deo</strong></span> <span class='ocrx_word' id='word_1_123' title='bbox 877 1642 1149 1708; x_wconf 81' lang='lat' dir='ltr'><strong>dederat</strong></span> <span class='ocrx_word' id='word_1_124' title='bbox 1169 1642 1558 1726; x_wconf 86' lang='lat' dir='ltr'><strong>dicaratque,</strong></span> <span class='ocrx_word' id='word_1_125' title='bbox 1579 1643 1799 1708; x_wconf 84' lang='lat' dir='ltr'><strong>venire</strong></span> <span class='ocrx_word' id='word_1_126' title='bbox 1823 1644 2042 1710; x_wconf 88' lang='lat' dir='ltr'><strong>nollet.</strong></span> <span class='ocrx_word' id='word_1_127' title='bbox 2102 1645 2235 1712; x_wconf 90' lang='lat' dir='ltr'><strong>Hic</strong></span> 
     </span>
     <span class='ocr_line' id='line_1_19' title="bbox 302 1729 2231 1813; baseline -0.001 -15"><span class='ocrx_word' id='word_1_128' title='bbox 302 1732 476 1798; x_wconf 90' lang='lat' dir='ltr'><strong>nobis</strong></span> <span class='ocrx_word' id='word_1_129' title='bbox 524 1731 596 1795; x_wconf 92' lang='lat' dir='ltr'><strong>in</strong></span> <span class='ocrx_word' id='word_1_130' title='bbox 659 1729 1044 1794; x_wconf 88' lang='lat' dir='ltr'><strong>memoriam</strong></span> <span class='ocrx_word' id='word_1_131' title='bbox 1104 1729 1471 1794; x_wconf 84' lang='lat' dir='ltr'><strong>revocanda</strong></span> <span class='ocrx_word' id='word_1_132' title='bbox 1515 1749 1681 1811; x_wconf 92' lang='lat' dir='ltr'><strong>quae</strong></span> <span class='ocrx_word' id='word_1_133' title='bbox 1738 1730 2039 1813; x_wconf 89' lang='lat' dir='ltr'><strong>superius</strong></span> <span class='ocrx_word' id='word_1_134' title='bbox 2083 1732 2231 1796; x_wconf 87' lang='lat' dir='ltr'><strong>atti-</strong></span> 
     </span>
     <span class='ocr_line' id='line_1_20' title="bbox 304 1814 2233 1903; baseline -0.001 -21"><span class='ocrx_word' id='word_1_135' title='bbox 304 1820 517 1903; x_wconf 89' lang='lat' dir='ltr'><strong>gimus,</strong></span> <span class='ocrx_word' id='word_1_136' title='bbox 591 1817 915 1882; x_wconf 83' lang='lat' dir='ltr'><strong>Elcanam</strong></span> <span class='ocrx_word' id='word_1_137' title='bbox 975 1815 1287 1879; x_wconf 90' lang='lat' dir='ltr'><strong>nimirum</strong></span> <span class='ocrx_word' id='word_1_138' title='bbox 1346 1835 1501 1880; x_wconf 85' lang='lat' dir='ltr'><strong>suae</strong></span> <span class='ocrx_word' id='word_1_139' title='bbox 1554 1814 1837 1897; x_wconf 88' lang='lat' dir='ltr'><strong>pietatis,</strong></span> <span class='ocrx_word' id='word_1_140' title='bbox 1898 1836 1972 1881; x_wconf 91' lang='lat' dir='ltr'><strong>ac</strong></span> <span class='ocrx_word' id='word_1_141' title='bbox 2029 1817 2233 1881; x_wconf 91' lang='lat' dir='ltr'><strong>studii</strong></span> 
     </span>
     <span class='ocr_line' id='line_1_21' title="bbox 308 1899 2229 1969; baseline -0.001 0"><span class='ocrx_word' id='word_1_142' title='bbox 308 1905 400 1969; x_wconf 89' lang='lat' dir='ltr'><strong>sui</strong></span> <span class='ocrx_word' id='word_1_143' title='bbox 440 1904 502 1968; x_wconf 89' lang='lat' dir='ltr'><strong>in</strong></span> <span class='ocrx_word' id='word_1_144' title='bbox 545 1924 708 1968; x_wconf 85' lang='lat' dir='ltr'><strong>vero</strong></span> <span class='ocrx_word' id='word_1_145' title='bbox 754 1914 820 1966; x_wconf 90' lang='lat' dir='ltr'><strong>et</strong></span> <span class='ocrx_word' id='word_1_146' title='bbox 864 1903 1117 1967; x_wconf 90' lang='lat' dir='ltr'><strong>sincero</strong></span> <span class='ocrx_word' id='word_1_147' title='bbox 1162 1901 1339 1966; x_wconf 89' lang='lat' dir='ltr'><strong>cultu</strong></span> <span class='ocrx_word' id='word_1_148' title='bbox 1387 1899 1514 1965; x_wconf 92' lang='lat' dir='ltr'><strong>Dei</strong></span> <span class='ocrx_word' id='word_1_149' title='bbox 1561 1899 1901 1966; x_wconf 90' lang='lat' dir='ltr'><strong>retinendo</strong></span> <span class='ocrx_word' id='word_1_150' title='bbox 1946 1903 2229 1969; x_wconf 90' lang='lat' dir='ltr'><strong>testimo·</strong></span> 
     </span>
     <span class='ocr_line' id='line_1_22' title="bbox 309 1986 2232 2073; baseline 0 -19"><span class='ocrx_word' id='word_1_151' title='bbox 309 1991 476 2055; x_wconf 90' lang='lat' dir='ltr'><strong>nium</strong></span> <span class='ocrx_word' id='word_1_152' title='bbox 545 1988 827 2065; x_wconf 84' lang='lat' dir='ltr'><strong>dedisse,</strong></span> <span class='ocrx_word' id='word_1_153' title='bbox 902 2007 1103 2071; x_wconf 91' lang='lat' dir='ltr'><strong>quum</strong></span> <span class='ocrx_word' id='word_1_154' title='bbox 1178 1986 1339 2051; x_wconf 91' lang='lat' dir='ltr'><strong>adeo</strong></span> <span class='ocrx_word' id='word_1_155' title='bbox 1397 1986 1699 2069; x_wconf 83' lang='lat' dir='ltr'><strong>religiose</strong></span> <span class='ocrx_word' id='word_1_156' title='bbox 1759 1999 1823 2053; x_wconf 89' lang='lat' dir='ltr'><strong>et</strong></span> <span class='ocrx_word' id='word_1_157' title='bbox 1884 1987 2232 2073; x_wconf 85' lang='lat' dir='ltr'><strong>diligenter</strong></span> 
     </span>
     <span class='ocr_line' id='line_1_23' title="bbox 304 2072 2228 2157; baseline -0.001 -16"><span class='ocrx_word' id='word_1_158' title='bbox 304 2076 730 2141; x_wconf 83' lang='lat' dir='ltr'><strong>sanctuarium</strong></span> <span class='ocrx_word' id='word_1_159' title='bbox 788 2072 917 2138; x_wconf 91' lang='lat' dir='ltr'><strong>Dei</strong></span> <span class='ocrx_word' id='word_1_160' title='bbox 978 2073 1440 2155; x_wconf 82' lang='lat' dir='ltr'><strong>frequentaret.</strong></span> <span class='ocrx_word' id='word_1_161' title='bbox 1533 2074 1748 2155; x_wconf 82' lang='lat' dir='ltr'><strong>Atque</strong></span> <span class='ocrx_word' id='word_1_162' title='bbox 1803 2073 1925 2139; x_wconf 91' lang='lat' dir='ltr'><strong>hoc</strong></span> <span class='ocrx_word' id='word_1_163' title='bbox 1968 2074 2228 2157; x_wconf 91' lang='lat' dir='ltr'><strong>quidem</strong></span> 
     </span>
     <span class='ocr_line' id='line_1_24' title="bbox 303 2155 2231 2238; baseline -0.001 -11"><span class='ocrx_word' id='word_1_164' title='bbox 303 2161 618 2227; x_wconf 87' lang='lat' dir='ltr'><strong>Israelitae</strong></span> <span class='ocrx_word' id='word_1_165' title='bbox 685 2159 1012 2225; x_wconf 85' lang='lat' dir='ltr'><strong>habebant</strong></span> <span class='ocrx_word' id='word_1_166' title='bbox 1070 2160 1139 2223; x_wconf 93' lang='lat' dir='ltr'><strong>in</strong></span> <span class='ocrx_word' id='word_1_167' title='bbox 1200 2155 1541 2238; x_wconf 89' lang='lat' dir='ltr'><strong>mandatis,</strong></span> <span class='ocrx_word' id='word_1_168' title='bbox 1601 2157 1714 2223; x_wconf 89' lang='lat' dir='ltr'><strong>sed</strong></span> <span class='ocrx_word' id='word_1_169' title='bbox 1778 2160 1966 2225; x_wconf 89' lang='lat' dir='ltr'><strong>multi</strong></span> <span class='ocrx_word' id='word_1_170' title='bbox 2014 2162 2231 2225; x_wconf 85' lang='lat' dir='ltr'><strong>varias</strong></span> 
     </span>
     <span class='ocr_line' id='line_1_25' title="bbox 303 2242 2228 2330; baseline -0.003 -16"><span class='ocrx_word' id='word_1_171' title='bbox 303 2268 512 2314; x_wconf 83' lang='lat' dir='ltr'><strong>causas</strong></span> <span class='ocrx_word' id='word_1_172' title='bbox 569 2244 1069 2330; x_wconf 81' lang='lat' dir='ltr'><strong>praetexebant,</strong></span> <span class='ocrx_word' id='word_1_173' title='bbox 1130 2252 1205 2309; x_wconf 90' lang='lat' dir='ltr'><strong>ut</strong></span> <span class='ocrx_word' id='word_1_174' title='bbox 1248 2264 1378 2309; x_wconf 91' lang='lat' dir='ltr'><strong>non</strong></span> <span class='ocrx_word' id='word_1_175' title='bbox 1424 2242 1818 2310; x_wconf 80' lang='lat' dir='ltr'><strong>excederent</strong></span> <span class='ocrx_word' id='word_1_176' title='bbox 1861 2247 1998 2310; x_wconf 89' lang='lat' dir='ltr'><strong>suis</strong></span> <span class='ocrx_word' id='word_1_177' title='bbox 2041 2247 2228 2312; x_wconf 87' lang='lat' dir='ltr'><strong>locis:</strong></span> 
     </span>
     <span class='ocr_line' id='line_1_26' title="bbox 304 2330 2231 2414; baseline -0.001 -17"><span class='ocrx_word' id='word_1_178' title='bbox 304 2333 439 2399; x_wconf 89' lang='lat' dir='ltr'><strong>licet</strong></span> <span class='ocrx_word' id='word_1_179' title='bbox 482 2334 605 2397; x_wconf 91' lang='lat' dir='ltr'><strong>tria</strong></span> <span class='ocrx_word' id='word_1_180' title='bbox 649 2340 916 2396; x_wconf 87' lang='lat' dir='ltr'><strong>tantum</strong></span> <span class='ocrx_word' id='word_1_181' title='bbox 961 2331 1031 2395; x_wconf 93' lang='lat' dir='ltr'><strong>in</strong></span> <span class='ocrx_word' id='word_1_182' title='bbox 1070 2330 1361 2414; x_wconf 89' lang='lat' dir='ltr'><strong>singulos</strong></span> <span class='ocrx_word' id='word_1_183' title='bbox 1406 2350 1614 2395; x_wconf 89' lang='lat' dir='ltr'><strong>annos</strong></span> <span class='ocrx_word' id='word_1_184' title='bbox 1660 2330 2018 2396; x_wconf 87' lang='lat' dir='ltr'><strong>istiusmodi</strong></span> <span class='ocrx_word' id='word_1_185' title='bbox 2064 2333 2231 2397; x_wconf 84' lang='lat' dir='ltr'><strong>festa</strong></span> 
     </span>
     <span class='ocr_line' id='line_1_27' title="bbox 303 2415 2228 2500; baseline -0.001 -17"><span class='ocrx_word' id='word_1_186' title='bbox 303 2420 610 2484; x_wconf 86' lang='lat' dir='ltr'><strong>instituta.</strong></span> <span class='ocrx_word' id='word_1_187' title='bbox 710 2416 844 2483; x_wconf 80' lang='lat' dir='ltr'><strong>Sed</strong></span> <span class='ocrx_word' id='word_1_188' title='bbox 881 2419 1122 2480; x_wconf 89' lang='lat' dir='ltr'><strong>mirum</strong></span> <span class='ocrx_word' id='word_1_189' title='bbox 1161 2437 1290 2480; x_wconf 91' lang='lat' dir='ltr'><strong>non</strong></span> <span class='ocrx_word' id='word_1_190' title='bbox 1328 2426 1429 2480; x_wconf 91' lang='lat' dir='ltr'><strong>est</strong></span> <span class='ocrx_word' id='word_1_191' title='bbox 1464 2415 1700 2481; x_wconf 90' lang='lat' dir='ltr'><strong>multos</strong></span> <span class='ocrx_word' id='word_1_192' title='bbox 1740 2426 1875 2481; x_wconf 90' lang='lat' dir='ltr'><strong>tum</strong></span> <span class='ocrx_word' id='word_1_193' title='bbox 1902 2429 2228 2500; x_wconf 89' lang='lat' dir='ltr'><strong>contemp-</strong></span> 
     </span>
     <span class='ocr_line' id='line_1_28' title="bbox 304 2501 2229 2586; baseline -0.001 -16"><span class='ocrx_word' id='word_1_194' title='bbox 304 2517 462 2570; x_wconf 84' lang='lat' dir='ltr'><strong>tores</strong></span> <span class='ocrx_word' id='word_1_195' title='bbox 504 2504 720 2570; x_wconf 82' lang='lat' dir='ltr'><strong>divini</strong></span> <span class='ocrx_word' id='word_1_196' title='bbox 765 2503 1056 2568; x_wconf 89' lang='lat' dir='ltr'><strong>numinis</strong></span> <span class='ocrx_word' id='word_1_197' title='bbox 1101 2523 1294 2586; x_wconf 86' lang='lat' dir='ltr'><strong>aegre</strong></span> <span class='ocrx_word' id='word_1_198' title='bbox 1338 2501 1583 2566; x_wconf 90' lang='lat' dir='ltr'><strong>relictis</strong></span> <span class='ocrx_word' id='word_1_199' title='bbox 1623 2501 1890 2567; x_wconf 90' lang='lat' dir='ltr'><strong>aedibus</strong></span> <span class='ocrx_word' id='word_1_200' title='bbox 1935 2504 2002 2567; x_wconf 89' lang='lat' dir='ltr'><strong>in</strong></span> <span class='ocrx_word' id='word_1_201' title='bbox 2050 2502 2229 2569; x_wconf 91' lang='lat' dir='ltr'><strong>hunc</strong></span> 
     </span>
     <span class='ocr_line' id='line_1_29' title="bbox 302 2587 2227 2657; baseline -0.001 -3"><span class='ocrx_word' id='word_1_202' title='bbox 302 2592 499 2657; x_wconf 89' lang='lat' dir='ltr'><strong>locum</strong></span> <span class='ocrx_word' id='word_1_203' title='bbox 558 2589 951 2655; x_wconf 87' lang='lat' dir='ltr'><strong>adoraturos</strong></span> <span class='ocrx_word' id='word_1_204' title='bbox 1008 2596 1075 2652; x_wconf 90' lang='lat' dir='ltr'><strong>et</strong></span> <span class='ocrx_word' id='word_1_205' title='bbox 1138 2587 1617 2653; x_wconf 85' lang='lat' dir='ltr'><strong>sacrificaturos</strong></span> <span class='ocrx_word' id='word_1_206' title='bbox 1661 2588 1937 2653; x_wconf 85' lang='lat' dir='ltr'><strong>venisse.</strong></span> <span class='ocrx_word' id='word_1_207' title='bbox 2026 2588 2227 2654; x_wconf 86' lang='lat' dir='ltr'><strong>Nam·</strong></span> 
     </span>
     <span class='ocr_line' id='line_1_30' title="bbox 301 2672 2227 2760; baseline -0.003 -18"><span class='ocrx_word' id='word_1_208' title='bbox 301 2698 413 2760; x_wconf 88' lang='lat' dir='ltr'><strong>que</strong></span> <span class='ocrx_word' id='word_1_209' title='bbox 454 2687 595 2742; x_wconf 85' lang='lat' dir='ltr'><strong>erat</strong></span> <span class='ocrx_word' id='word_1_210' title='bbox 640 2678 772 2741; x_wconf 91' lang='lat' dir='ltr'><strong>iter</strong></span> <span class='ocrx_word' id='word_1_211' title='bbox 818 2673 1122 2739; x_wconf 83' lang='lat' dir='ltr'><strong>difficile:</strong></span> <span class='ocrx_word' id='word_1_212' title='bbox 1178 2672 1408 2737; x_wconf 90' lang='lat' dir='ltr'><strong>deinde</strong></span> <span class='ocrx_word' id='word_1_213' title='bbox 1453 2674 1518 2737; x_wconf 93' lang='lat' dir='ltr'><strong>in</strong></span> <span class='ocrx_word' id='word_1_214' title='bbox 1563 2673 1881 2740; x_wconf 86' lang='lat' dir='ltr'><strong>sacrificia</strong></span> <span class='ocrx_word' id='word_1_215' title='bbox 1925 2683 2065 2740; x_wconf 89' lang='lat' dir='ltr'><strong>erat</strong></span> <span class='ocrx_word' id='word_1_216' title='bbox 2110 2673 2227 2738; x_wconf 90' lang='lat' dir='ltr'><strong>ali-</strong></span> 
     </span>
     <span class='ocr_line' id='line_1_31' title="bbox 300 2758 2231 2846; baseline -0.002 -18"><span class='ocrx_word' id='word_1_217' title='bbox 300 2763 442 2846; x_wconf 84' lang='lat' dir='ltr'><strong>quid</strong></span> <span class='ocrx_word' id='word_1_218' title='bbox 488 2761 980 2827; x_wconf 89' lang='lat' dir='ltr'><strong>insumendum.</strong></span> <span class='ocrx_word' id='word_1_219' title='bbox 1069 2759 1295 2841; x_wconf 79' lang='lat' dir='ltr'><strong>Quare</strong></span> <span class='ocrx_word' id='word_1_220' title='bbox 1337 2779 1536 2841; x_wconf 92' lang='lat' dir='ltr'><strong>quum</strong></span> <span class='ocrx_word' id='word_1_221' title='bbox 1581 2758 1828 2824; x_wconf 83' lang='lat' dir='ltr'><strong>Elcana</strong></span> <span class='ocrx_word' id='word_1_222' title='bbox 1864 2759 2139 2825; x_wconf 89' lang='lat' dir='ltr'><strong>solemni</strong></span> <span class='ocrx_word' id='word_1_223' title='bbox 2155 2779 2231 2824; x_wconf 87' lang='lat' dir='ltr'><strong>ac</strong></span> 
     </span>
     <span class='ocr_line' id='line_1_32' title="bbox 300 2843 2228 2932; baseline -0.002 -19"><span class='ocrx_word' id='word_1_224' title='bbox 300 2849 679 2932; x_wconf 85' lang='lat' dir='ltr'><strong>praestituto</strong></span> <span class='ocrx_word' id='word_1_225' title='bbox 748 2847 854 2911; x_wconf 92' lang='lat' dir='ltr'><strong>die</strong></span> <span class='ocrx_word' id='word_1_226' title='bbox 924 2846 1090 2911; x_wconf 86' lang='lat' dir='ltr'><strong>t&#39;esto</strong></span> <span class='ocrx_word' id='word_1_227' title='bbox 1160 2844 1414 2910; x_wconf 87' lang='lat' dir='ltr'><strong>venisse</strong></span> <span class='ocrx_word' id='word_1_228' title='bbox 1475 2843 1733 2922; x_wconf 90' lang='lat' dir='ltr'><strong>dicitur,</strong></span> <span class='ocrx_word' id='word_1_229' title='bbox 1810 2845 1876 2909; x_wconf 93' lang='lat' dir='ltr'><strong>in</strong></span> <span class='ocrx_word' id='word_1_230' title='bbox 1936 2867 2012 2910; x_wconf 90' lang='lat' dir='ltr'><strong>eo</strong></span> <span class='ocrx_word' id='word_1_231' title='bbox 2069 2845 2228 2910; x_wconf 89' lang='lat' dir='ltr'><strong>satis</strong></span> 
     </span>
     <span class='ocr_line' id='line_1_33' title="bbox 300 2929 2227 3019; baseline -0.003 -18"><span class='ocrx_word' id='word_1_232' title='bbox 300 2947 555 3019; x_wconf 80' lang='lat' dir='ltr'><strong>apparet</strong></span> <span class='ocrx_word' id='word_1_233' title='bbox 624 2954 783 2997; x_wconf 87' lang='lat' dir='ltr'><strong>eum</strong></span> <span class='ocrx_word' id='word_1_234' title='bbox 860 2953 985 2996; x_wconf 90' lang='lat' dir='ltr'><strong>non</strong></span> <span class='ocrx_word' id='word_1_235' title='bbox 1047 2929 1491 3013; x_wconf 88' lang='lat' dir='ltr'><strong>reponendum</strong></span> <span class='ocrx_word' id='word_1_236' title='bbox 1552 2930 1616 2994; x_wconf 94' lang='lat' dir='ltr'><strong>in</strong></span> <span class='ocrx_word' id='word_1_237' title='bbox 1681 2951 1951 2995; x_wconf 89' lang='lat' dir='ltr'><strong>numero</strong></span> <span class='ocrx_word' id='word_1_238' title='bbox 2012 2931 2227 2996; x_wconf 90' lang='lat' dir='ltr'><strong>Deum</strong></span> 
     </span>
     <span class='ocr_line' id='line_1_34' title="bbox 301 3016 2229 3104; baseline -0.003 -18"><span class='ocrx_word' id='word_1_239' title='bbox 301 3020 731 3104; x_wconf 81' lang='lat' dir='ltr'><strong>perfunctorie</strong></span> <span class='ocrx_word' id='word_1_240' title='bbox 776 3017 1263 3084; x_wconf 80' lang='lat' dir='ltr'><strong>venerantium:</strong></span> <span class='ocrx_word' id='word_1_241' title='bbox 1311 3024 1377 3080; x_wconf 89' lang='lat' dir='ltr'><strong>et</strong></span> <span class='ocrx_word' id='word_1_242' title='bbox 1416 3016 1528 3099; x_wconf 90' lang='lat' dir='ltr'><strong>qui</strong></span> <span class='ocrx_word' id='word_1_243' title='bbox 1571 3038 1641 3081; x_wconf 91' lang='lat' dir='ltr'><strong>se</strong></span> <span class='ocrx_word' id='word_1_244' title='bbox 1688 3017 1768 3082; x_wconf 92' lang='lat' dir='ltr'><strong>ab</strong></span> <span class='ocrx_word' id='word_1_245' title='bbox 1791 3016 1905 3081; x_wconf 92' lang='lat' dir='ltr'><strong>illo</strong></span> <span class='ocrx_word' id='word_1_246' title='bbox 1921 3016 2229 3099; x_wconf 92' lang='lat' dir='ltr'><strong>quidquid</strong></span> 
     </span>
     <span class='ocr_line' id='line_1_35' title="bbox 301 3102 2226 3186; baseline -0.004 -14"><span class='ocrx_word' id='word_1_247' title='bbox 301 3107 601 3172; x_wconf 89' lang='lat' dir='ltr'><strong>bonorum</strong></span> <span class='ocrx_word' id='word_1_248' title='bbox 704 3104 951 3170; x_wconf 90' lang='lat' dir='ltr'><strong>habent</strong></span> <span class='ocrx_word' id='word_1_249' title='bbox 1048 3103 1372 3186; x_wconf 88' lang='lat' dir='ltr'><strong>accepisse</strong></span> <span class='ocrx_word' id='word_1_250' title='bbox 1473 3102 1732 3185; x_wconf 91' lang='lat' dir='ltr'><strong>quidem</strong></span> <span class='ocrx_word' id='word_1_251' title='bbox 1820 3104 2226 3186; x_wconf 86' lang='lat' dir='ltr'><strong>profitentur,</strong></span> 
     </span>
     <span class='ocr_line' id='line_1_36' title="bbox 303 3188 2228 3277; baseline -0.003 -20"><span class='ocrx_word' id='word_1_252' title='bbox 303 3213 529 3277; x_wconf 86' lang='lat' dir='ltr'><strong>suaque</strong></span> <span class='ocrx_word' id='word_1_253' title='bbox 588 3191 819 3256; x_wconf 89' lang='lat' dir='ltr'><strong>omnia</strong></span> <span class='ocrx_word' id='word_1_254' title='bbox 875 3189 969 3254; x_wconf 92' lang='lat' dir='ltr'><strong>illi</strong></span> <span class='ocrx_word' id='word_1_255' title='bbox 1015 3201 1279 3271; x_wconf 88' lang='lat' dir='ltr'><strong>accepta</strong></span> <span class='ocrx_word' id='word_1_256' title='bbox 1321 3188 1559 3265; x_wconf 83' lang='lat' dir='ltr'><strong>ferunt,</strong></span> <span class='ocrx_word' id='word_1_257' title='bbox 1618 3188 1731 3252; x_wconf 92' lang='lat' dir='ltr'><strong>sed</strong></span> <span class='ocrx_word' id='word_1_258' title='bbox 1778 3200 2001 3253; x_wconf 89' lang='lat' dir='ltr'><strong>tamen</strong></span> <span class='ocrx_word' id='word_1_259' title='bbox 2047 3189 2228 3254; x_wconf 85' lang='lat' dir='ltr'><strong>verbi</strong></span> 
     </span>
     <span class='ocr_line' id='line_1_37' title="bbox 300 3274 2228 3362; baseline -0.002 -20"><span class='ocrx_word' id='word_1_260' title='bbox 300 3278 490 3361; x_wconf 86' lang='lat' dir='ltr'><strong>ipsius</strong></span> <span class='ocrx_word' id='word_1_261' title='bbox 533 3275 1087 3362; x_wconf 87' lang='lat' dir='ltr'><strong>praedicationem</strong></span> <span class='ocrx_word' id='word_1_262' title='bbox 1123 3274 1568 3351; x_wconf 87' lang='lat' dir='ltr'><strong>floccifaciunt,</strong></span> <span class='ocrx_word' id='word_1_263' title='bbox 1637 3295 1918 3357; x_wconf 89' lang='lat' dir='ltr'><strong>suaeque</strong></span> <span class='ocrx_word' id='word_1_264' title='bbox 1961 3274 2228 3358; x_wconf 88' lang='lat' dir='ltr'><strong>pietatis</strong></span> 
     </span>
     <span class='ocr_line' id='line_1_38' title="bbox 303 3358 2227 3431; baseline 0 -5"><span class='ocrx_word' id='word_1_265' title='bbox 303 3384 474 3431; x_wconf 82' lang='lat' dir='ltr'><strong>veras</strong></span> <span class='ocrx_word' id='word_1_266' title='bbox 530 3375 725 3429; x_wconf 86' lang='lat' dir='ltr'><strong>notas</strong></span> <span class='ocrx_word' id='word_1_267' title='bbox 771 3362 962 3427; x_wconf 89' lang='lat' dir='ltr'><strong>edere</strong></span> <span class='ocrx_word' id='word_1_268' title='bbox 1006 3366 1455 3426; x_wconf 87' lang='lat' dir='ltr'><strong>contemnunt.</strong></span> <span class='ocrx_word' id='word_1_269' title='bbox 1547 3361 1645 3425; x_wconf 85' lang='lat' dir='ltr'><strong>Ac</strong></span> <span class='ocrx_word' id='word_1_270' title='bbox 1691 3360 2076 3425; x_wconf 90' lang='lat' dir='ltr'><strong>nominatim</strong></span> <span class='ocrx_word' id='word_1_271' title='bbox 2123 3358 2227 3426; x_wconf 88' lang='lat' dir='ltr'><strong>die</strong></span> 
     </span>
     <span class='ocr_line' id='line_1_39' title="bbox 300 3444 2227 3516; baseline -0.001 -2"><span class='ocrx_word' id='word_1_272' title='bbox 300 3450 553 3516; x_wconf 84' lang='lat' dir='ltr'><strong>solemni</strong></span> <span class='ocrx_word' id='word_1_273' title='bbox 591 3450 914 3515; x_wconf 82' lang='lat' dir='ltr'><strong>Elcanam</strong></span> <span class='ocrx_word' id='word_1_274' title='bbox 952 3446 1078 3512; x_wconf 90' lang='lat' dir='ltr'><strong>dici</strong></span> <span class='ocrx_word' id='word_1_275' title='bbox 1101 3447 1358 3510; x_wconf 78' lang='lat' dir='ltr'><strong>venisse</strong></span> <span class='ocrx_word' id='word_1_276' title='bbox 1381 3445 1462 3510; x_wconf 88' lang='lat' dir='ltr'><strong>ad</strong></span> <span class='ocrx_word' id='word_1_277' title='bbox 1487 3444 1986 3512; x_wconf 87' lang='lat' dir='ltr'><strong>sacrificandum</strong></span> <span class='ocrx_word' id='word_1_278' title='bbox 2009 3447 2227 3512; x_wconf 90' lang='lat' dir='ltr'><strong>obser-</strong></span> 
     </span>
     <span class='ocr_line' id='line_1_40' title="bbox 301 3529 2225 3615; baseline -0.002 -15"><span class='ocrx_word' id='word_1_279' title='bbox 301 3537 566 3602; x_wconf 83' lang='lat' dir='ltr'><strong>vandum</strong></span> <span class='ocrx_word' id='word_1_280' title='bbox 637 3542 760 3600; x_wconf 88' lang='lat' dir='ltr'><strong>est.</strong></span> <span class='ocrx_word' id='word_1_281' title='bbox 849 3533 1040 3615; x_wconf 80' lang='lat' dir='ltr'><strong>Quod</strong></span> <span class='ocrx_word' id='word_1_282' title='bbox 1102 3529 1361 3614; x_wconf 87' lang='lat' dir='ltr'><strong>quidem</strong></span> <span class='ocrx_word' id='word_1_283' title='bbox 1423 3552 1607 3596; x_wconf 86' lang='lat' dir='ltr'><strong>exem</strong></span> <span class='ocrx_word' id='word_1_284' title='bbox 1658 3530 1791 3595; x_wconf 91' lang='lat' dir='ltr'><strong>lum</strong></span> <span class='ocrx_word' id='word_1_285' title='bbox 1851 3532 2037 3596; x_wconf 89' lang='lat' dir='ltr'><strong>nobis</strong></span> <span class='ocrx_word' id='word_1_286' title='bbox 2095 3553 2225 3598; x_wconf 91' lang='lat' dir='ltr'><strong>non</strong></span> 
     </span>
     <span class='ocr_line' id='line_1_41' title="bbox 300 3618 2224 3704; baseline -0.001 -20"><span class='ocrx_word' id='word_1_287' title='bbox 300 3621 359 3685; x_wconf 91' lang='lat' dir='ltr'><strong>in</strong></span> <span class='ocrx_word' id='word_1_288' title='bbox 421 3644 567 3687; x_wconf 89' lang='lat' dir='ltr'><strong>eum</strong></span> <span class='ocrx_word' id='word_1_289' title='bbox 623 3622 828 3687; x_wconf 88' lang='lat' dir='ltr'><strong>finem</strong></span> <span class='ocrx_word' id='word_1_290' title='bbox 886 3619 1270 3704; x_wconf 85' lang='lat' dir='ltr'><strong>proponitur</strong></span> <span class='ocrx_word' id='word_1_291' title='bbox 1329 3625 1404 3682; x_wconf 90' lang='lat' dir='ltr'><strong>ut</strong></span> <span class='ocrx_word' id='word_1_292' title='bbox 1460 3639 1535 3682; x_wconf 94' lang='lat' dir='ltr'><strong>eo</strong></span> <span class='ocrx_word' id='word_1_293' title='bbox 1585 3640 1623 3682; x_wconf 98' lang='lat' dir='ltr'><strong>a</strong></span> <span class='ocrx_word' id='word_1_294' title='bbox 1668 3625 1933 3682; x_wconf 88' lang='lat' dir='ltr'><strong>utamur</strong></span> <span class='ocrx_word' id='word_1_295' title='bbox 1976 3618 2060 3683; x_wconf 90' lang='lat' dir='ltr'><strong>ad</strong></span> <span class='ocrx_word' id='word_1_296' title='bbox 2102 3620 2224 3683; x_wconf 87' lang='lat' dir='ltr'><strong>fin·</strong></span> 
     </span>
     <span class='ocr_line' id='line_1_42' title="bbox 297 3702 2222 3790; baseline -0.002 -19"><span class='ocrx_word' id='word_1_297' title='bbox 297 3708 525 3790; x_wconf 86' lang='lat' dir='ltr'><strong>gendos</strong></span> <span class='ocrx_word' id='word_1_298' title='bbox 569 3707 799 3775; x_wconf 77' lang='lat' dir='ltr'><strong>varios</strong></span> <span class='ocrx_word' id='word_1_299' title='bbox 843 3704 1076 3781; x_wconf 86' lang='lat' dir='ltr'><strong>cultus,</strong></span> <span class='ocrx_word' id='word_1_300' title='bbox 1122 3703 1311 3768; x_wconf 92' lang='lat' dir='ltr'><strong>modo</strong></span> <span class='ocrx_word' id='word_1_301' title='bbox 1347 3702 1525 3768; x_wconf 91' lang='lat' dir='ltr'><strong>huno</strong></span> <span class='ocrx_word' id='word_1_302' title='bbox 1561 3702 1749 3768; x_wconf 92' lang='lat' dir='ltr'><strong>modo</strong></span> <span class='ocrx_word' id='word_1_303' title='bbox 1785 3702 1975 3768; x_wconf 90' lang='lat' dir='ltr'><strong>illum</strong></span> <span class='ocrx_word' id='word_1_304' title='bbox 2011 3703 2222 3770; x_wconf 92' lang='lat' dir='ltr'><strong>locum</strong></span> 
     </span>
     <span class='ocr_line' id='line_1_43' title="bbox 300 3788 2222 3877; baseline -0.002 -20"><span class='ocrx_word' id='word_1_305' title='bbox 300 3792 578 3877; x_wconf 81' lang='lat' dir='ltr'><strong>religiose</strong></span> <span class='ocrx_word' id='word_1_306' title='bbox 667 3793 1180 3874; x_wconf 86' lang='lat' dir='ltr'><strong>frequentantes,</strong></span> <span class='ocrx_word' id='word_1_307' title='bbox 1278 3789 1503 3872; x_wconf 88' lang='lat' dir='ltr'><strong>quales</strong></span> <span class='ocrx_word' id='word_1_308' title='bbox 1583 3801 1741 3854; x_wconf 89' lang='lat' dir='ltr'><strong>sunt</strong></span> <span class='ocrx_word' id='word_1_309' title='bbox 1819 3788 2222 3873; x_wconf 84' lang='lat' dir='ltr'><strong>papistarum</strong></span> 
     </span>
     <span class='ocr_line' id='line_1_44' title="bbox 296 3874 2222 3964; baseline -0.002 -21"><span class='ocrx_word' id='word_1_310' title='bbox 296 3880 861 3964; x_wconf 85' lang='lat' dir='ltr'><strong>peregrinationes,</strong></span> <span class='ocrx_word' id='word_1_311' title='bbox 897 3877 1018 3943; x_wconf 91' lang='lat' dir='ltr'><strong>hoc</strong></span> <span class='ocrx_word' id='word_1_312' title='bbox 1052 3876 1423 3958; x_wconf 86' lang='lat' dir='ltr'><strong>exemplum</strong></span> <span class='ocrx_word' id='word_1_313' title='bbox 1449 3874 1532 3939; x_wconf 91' lang='lat' dir='ltr'><strong>ad</strong></span> <span class='ocrx_word' id='word_1_314' title='bbox 1555 3896 1739 3940; x_wconf 87' lang='lat' dir='ltr'><strong>suam</strong></span> <span class='ocrx_word' id='word_1_315' title='bbox 1762 3874 2222 3942; x_wconf 89' lang='lat' dir='ltr'><strong>idolomaniam</strong></span> 
     </span>
     <span class='ocr_line' id='line_1_45' title="bbox 304 3960 2220 4046; baseline -0.002 -18"><span class='ocrx_word' id='word_1_316' title='bbox 304 3984 486 4046; x_wconf 83' lang='lat' dir='ltr'><strong>prave</strong></span> <span class='ocrx_word' id='word_1_317' title='bbox 546 3963 1083 4046; x_wconf 86' lang='lat' dir='ltr'><strong>detorquentium</strong></span> <span class='ocrx_word' id='word_1_318' title='bbox 1194 3960 1513 4045; x_wconf 80' lang='lat' dir='ltr'><strong>Superius</strong></span> <span class='ocrx_word' id='word_1_319' title='bbox 1557 3962 1734 4025; x_wconf 92' lang='lat' dir='ltr'><strong>enim</strong></span> <span class='ocrx_word' id='word_1_320' title='bbox 1777 3981 2006 4027; x_wconf 87' lang='lat' dir='ltr'><strong>causas</strong></span> <span class='ocrx_word' id='word_1_321' title='bbox 2051 3971 2220 4026; x_wconf 89' lang='lat' dir='ltr'><strong>attu-</strong></span> 
     </span>
     <span class='ocr_line' id='line_1_46' title="bbox 299 4046 2222 4136; baseline -0.001 -23"><span class='ocrx_word' id='word_1_322' title='bbox 299 4048 498 4136; x_wconf 87' lang='lat' dir='ltr'><strong>limus,</strong></span> <span class='ocrx_word' id='word_1_323' title='bbox 540 4074 662 4119; x_wconf 88' lang='lat' dir='ltr'><strong>cur</strong></span> <span class='ocrx_word' id='word_1_324' title='bbox 710 4051 887 4114; x_wconf 92' lang='lat' dir='ltr'><strong>Deus</strong></span> <span class='ocrx_word' id='word_1_325' title='bbox 934 4047 1115 4113; x_wconf 88' lang='lat' dir='ltr'><strong>nullo</strong></span> <span class='ocrx_word' id='word_1_326' title='bbox 1159 4046 1286 4111; x_wconf 88' lang='lat' dir='ltr'><strong>alio</strong></span> <span class='ocrx_word' id='word_1_327' title='bbox 1331 4047 1468 4112; x_wconf 85' lang='lat' dir='ltr'><strong>loco</strong></span> <span class='ocrx_word' id='word_1_328' title='bbox 1512 4067 1707 4130; x_wconf 89' lang='lat' dir='ltr'><strong>quam</strong></span> <span class='ocrx_word' id='word_1_329' title='bbox 1752 4046 2222 4129; x_wconf 83' lang='lat' dir='ltr'><strong>Hierosolymis</strong></span> 
     </span>
     <span class='ocr_line' id='line_1_47' title="bbox 290 4132 2221 4219; baseline -0.001 -19"><span class='ocrx_word' id='word_1_330' title='bbox 290 4135 530 4203; x_wconf 88' lang='lat' dir='ltr'><strong>adorari</strong></span> <span class='ocrx_word' id='word_1_331' title='bbox 588 4136 847 4219; x_wconf 89' lang='lat' dir='ltr'><strong>sibique</strong></span> <span class='ocrx_word' id='word_1_332' title='bbox 899 4134 1214 4200; x_wconf 83' lang='lat' dir='ltr'><strong>sacrificia</strong></span> <span class='ocrx_word' id='word_1_333' title='bbox 1272 4133 1493 4198; x_wconf 88' lang='lat' dir='ltr'><strong>offerri</strong></span> <span class='ocrx_word' id='word_1_334' title='bbox 1551 4132 1766 4212; x_wconf 87' lang='lat' dir='ltr'><strong>vellet,</strong></span> <span class='ocrx_word' id='word_1_335' title='bbox 1828 4153 2077 4216; x_wconf 85' lang='lat' dir='ltr'><strong>nempe,</strong></span> <span class='ocrx_word' id='word_1_336' title='bbox 2139 4154 2221 4198; x_wconf 91' lang='lat' dir='ltr'><strong>ne</strong></span> 
     </span>
     <span class='ocr_line' id='line_1_48' title="bbox 288 4219 2220 4306; baseline -0.002 -19"><span class='ocrx_word' id='word_1_337' title='bbox 288 4221 399 4287; x_wconf 85' lang='lat' dir='ltr'><strong>sibi</strong></span> <span class='ocrx_word' id='word_1_338' title='bbox 441 4225 720 4306; x_wconf 88' lang='lat' dir='ltr'><strong>populus</strong></span> <span class='ocrx_word' id='word_1_339' title='bbox 769 4222 981 4286; x_wconf 81' lang='lat' dir='ltr'><strong>varios</strong></span> <span class='ocrx_word' id='word_1_340' title='bbox 1017 4220 1169 4285; x_wconf 89' lang='lat' dir='ltr'><strong>deos</strong></span> <span class='ocrx_word' id='word_1_341' title='bbox 1205 4241 1324 4303; x_wconf 89' lang='lat' dir='ltr'><strong>pro</strong></span> <span class='ocrx_word' id='word_1_342' title='bbox 1359 4219 1628 4284; x_wconf 88' lang='lat' dir='ltr'><strong>arbitrio</strong></span> <span class='ocrx_word' id='word_1_343' title='bbox 1664 4220 1974 4302; x_wconf 88' lang='lat' dir='ltr'><strong>fingeret:</strong></span> <span class='ocrx_word' id='word_1_344' title='bbox 2022 4229 2220 4302; x_wconf 86' lang='lat' dir='ltr'><strong>atque</strong></span> 
     </span>
     <span class='ocr_line' id='line_1_49' title="bbox 289 4304 2219 4388; baseline -0.001 -16"><span class='ocrx_word' id='word_1_345' title='bbox 289 4319 353 4372; x_wconf 88' lang='lat' dir='ltr'><strong>ut</strong></span> <span class='ocrx_word' id='word_1_346' title='bbox 393 4309 711 4375; x_wconf 81' lang='lat' dir='ltr'><strong>sacrificia</strong></span> <span class='ocrx_word' id='word_1_347' title='bbox 753 4308 847 4373; x_wconf 91' lang='lat' dir='ltr'><strong>sic</strong></span> <span class='ocrx_word' id='word_1_348' title='bbox 883 4329 923 4371; x_wconf 88' lang='lat' dir='ltr'><strong>a</strong></span> <span class='ocrx_word' id='word_1_349' title='bbox 957 4304 1418 4386; x_wconf 87' lang='lat' dir='ltr'><strong>sacerdotibus,</strong></span> <span class='ocrx_word' id='word_1_350' title='bbox 1462 4315 1538 4370; x_wconf 92' lang='lat' dir='ltr'><strong>ut</strong></span> <span class='ocrx_word' id='word_1_351' title='bbox 1572 4305 2046 4388; x_wconf 88' lang='lat' dir='ltr'><strong>praescriptum</strong></span> <span class='ocrx_word' id='word_1_352' title='bbox 2083 4305 2219 4371; x_wconf 91' lang='lat' dir='ltr'><strong>illis</strong></span> 
     </span>
     <span class='ocr_line' id='line_1_50' title="bbox 292 4390 2215 4475; baseline 0 -19"><span class='ocrx_word' id='word_1_353' title='bbox 292 4413 326 4456; x_wconf 84' lang='lat' dir='ltr'><strong>a</strong></span> <span class='ocrx_word' id='word_1_354' title='bbox 387 4393 671 4460; x_wconf 91' lang='lat' dir='ltr'><strong>Domino</strong></span> <span class='ocrx_word' id='word_1_355' title='bbox 716 4393 946 4469; x_wconf 83' lang='lat' dir='ltr'><strong>fuerat,</strong></span> <span class='ocrx_word' id='word_1_356' title='bbox 992 4391 1627 4457; x_wconf 83' lang='lat' dir='ltr'><strong>administrarentur.</strong></span> <span class='ocrx_word' id='word_1_357' title='bbox 1695 4390 1844 4455; x_wconf 88' lang='lat' dir='ltr'><strong>Non</strong></span> <span class='ocrx_word' id='word_1_358' title='bbox 1891 4411 2048 4475; x_wconf 87' lang='lat' dir='ltr'><strong>ergo</strong></span> <span class='ocrx_word' id='word_1_359' title='bbox 2094 4390 2215 4456; x_wconf 89' lang='lat' dir='ltr'><strong>sibi</strong></span> 
     </span>
     <span class='ocr_line' id='line_1_51' title="bbox 291 4477 2215 4559; baseline -0.002 -16"><span class='ocrx_word' id='word_1_360' title='bbox 291 4478 526 4545; x_wconf 81' lang='lat' dir='ltr'><strong>Elcana</strong></span> <span class='ocrx_word' id='word_1_361' title='bbox 615 4479 953 4546; x_wconf 77' lang='lat' dir='ltr'><strong>Siluntem</strong></span> <span class='ocrx_word' id='word_1_362' title='bbox 1034 4478 1306 4543; x_wconf 87' lang='lat' dir='ltr'><strong>veniens</strong></span> <span class='ocrx_word' id='word_1_363' title='bbox 1387 4477 1595 4542; x_wconf 91' lang='lat' dir='ltr'><strong>ullum</strong></span> <span class='ocrx_word' id='word_1_364' title='bbox 1674 4477 1981 4541; x_wconf 90' lang='lat' dir='ltr'><strong>meritum</strong></span> <span class='ocrx_word' id='word_1_365' title='bbox 2046 4478 2215 4559; x_wconf 89' lang='lat' dir='ltr'><strong>apud</strong></span> 
     </span>
     <span class='ocr_line' id='line_1_52' title="bbox 291 4561 2219 4649; baseline 0.002 -23"><span class='ocrx_word' id='word_1_366' title='bbox 291 4562 495 4630; x_wconf 88' lang='lat' dir='ltr'><strong>Deum</strong></span> <span class='ocrx_word' id='word_1_367' title='bbox 556 4589 642 4631; x_wconf 81' lang='lat' dir='ltr'><strong>ex</strong></span> <span class='ocrx_word' id='word_1_368' title='bbox 678 4564 1040 4649; x_wconf 89' lang='lat' dir='ltr'><strong>peragratis</strong></span> <span class='ocrx_word' id='word_1_369' title='bbox 1100 4564 1321 4628; x_wconf 91' lang='lat' dir='ltr'><strong>multis</strong></span> <span class='ocrx_word' id='word_1_370' title='bbox 1386 4563 1762 4647; x_wconf 87' lang='lat' dir='ltr'><strong>regionibus</strong></span> <span class='ocrx_word' id='word_1_371' title='bbox 1822 4562 2044 4647; x_wconf 87' lang='lat' dir='ltr'><strong>fingit:</strong></span> <span class='ocrx_word' id='word_1_372' title='bbox 2105 4561 2219 4629; x_wconf 89' lang='lat' dir='ltr'><strong>sed</strong></span> 
     </span>
     <span class='ocr_line' id='line_1_53' title="bbox 291 4647 2218 4733; baseline 0 -20"><span class='ocrx_word' id='word_1_373' title='bbox 291 4651 602 4718; x_wconf 82' lang='lat' dir='ltr'><strong>voluntati</strong></span> <span class='ocrx_word' id='word_1_374' title='bbox 683 4652 805 4716; x_wconf 90' lang='lat' dir='ltr'><strong>Dei</strong></span> <span class='ocrx_word' id='word_1_375' title='bbox 875 4649 1073 4733; x_wconf 89' lang='lat' dir='ltr'><strong>probe</strong></span> <span class='ocrx_word' id='word_1_376' title='bbox 1129 4650 1431 4733; x_wconf 80' lang='lat' dir='ltr'><strong>cognitae</strong></span> <span class='ocrx_word' id='word_1_377' title='bbox 1472 4647 1895 4732; x_wconf 87' lang='lat' dir='ltr'><strong>obtemperat.</strong></span> <span class='ocrx_word' id='word_1_378' title='bbox 1983 4648 2218 4732; x_wconf 89' lang='lat' dir='ltr'><strong>Itaque</strong></span> 
     </span>
     <span class='ocr_line' id='line_1_54' title="bbox 291 4734 2219 4819; baseline -0.001 -21"><span class='ocrx_word' id='word_1_379' title='bbox 291 4734 650 4803; x_wconf 87' lang='lat' dir='ltr'><strong>institutam</strong></span> <span class='ocrx_word' id='word_1_380' title='bbox 721 4736 1183 4819; x_wconf 83' lang='lat' dir='ltr'><strong>profectionem</strong></span> <span class='ocrx_word' id='word_1_381' title='bbox 1257 4735 1565 4814; x_wconf 85' lang='lat' dir='ltr'><strong>Elcanae,</strong></span> <span class='ocrx_word' id='word_1_382' title='bbox 1654 4734 2020 4799; x_wconf 88' lang='lat' dir='ltr'><strong>obedientia</strong></span> <span class='ocrx_word' id='word_1_383' title='bbox 2094 4734 2219 4798; x_wconf 91' lang='lat' dir='ltr'><strong>Dei</strong></span> 
     </span>
     <span class='ocr_line' id='line_1_55' title="bbox 296 4818 2218 4907; baseline -0.001 -22"><span class='ocrx_word' id='word_1_384' title='bbox 296 4823 408 4887; x_wconf 88' lang='lat' dir='ltr'><strong>niti</strong></span> <span class='ocrx_word' id='word_1_385' title='bbox 444 4825 864 4907; x_wconf 89' lang='lat' dir='ltr'><strong>conspicuum</strong></span> <span class='ocrx_word' id='word_1_386' title='bbox 901 4833 1029 4887; x_wconf 82' lang='lat' dir='ltr'><strong>est:</strong></span> <span class='ocrx_word' id='word_1_387' title='bbox 1076 4821 1234 4903; x_wconf 92' lang='lat' dir='ltr'><strong>quin</strong></span> <span class='ocrx_word' id='word_1_388' title='bbox 1272 4830 1335 4885; x_wconf 90' lang='lat' dir='ltr'><strong>et</strong></span> <span class='ocrx_word' id='word_1_389' title='bbox 1370 4818 1615 4905; x_wconf 87' lang='lat' dir='ltr'><strong>aliquid</strong></span> <span class='ocrx_word' id='word_1_390' title='bbox 1639 4821 1920 4904; x_wconf 85' lang='lat' dir='ltr'><strong>amplius</strong></span> <span class='ocrx_word' id='word_1_391' title='bbox 1941 4819 2218 4900; x_wconf 87' lang='lat' dir='ltr'><strong>additur,</strong></span> 
     </span>
     <span class='ocr_line' id='line_1_56' title="bbox 302 4906 2219 4993; baseline 0 -24"><span class='ocrx_word' id='word_1_392' title='bbox 302 4929 527 4993; x_wconf 88' lang='lat' dir='ltr'><strong>nempe</strong></span> <span class='ocrx_word' id='word_1_393' title='bbox 572 4909 859 4974; x_wconf 88' lang='lat' dir='ltr'><strong>solemne</strong></span> <span class='ocrx_word' id='word_1_394' title='bbox 903 4906 1193 4973; x_wconf 88' lang='lat' dir='ltr'><strong>oblatum</strong></span> <span class='ocrx_word' id='word_1_395' title='bbox 1252 4908 1663 4988; x_wconf 87' lang='lat' dir='ltr'><strong>sacrificium,</strong></span> <span class='ocrx_word' id='word_1_396' title='bbox 1722 4916 1917 4989; x_wconf 88' lang='lat' dir='ltr'><strong>atque</strong></span> <span class='ocrx_word' id='word_1_397' title='bbox 1961 4916 2219 4989; x_wconf 89' lang='lat' dir='ltr'><strong>praeter</strong></span> 
     </span>
     <span class='ocr_line' id='line_1_57' title="bbox 294 4992 2217 5061; baseline 0.001 -5"><span class='ocrx_word' id='word_1_398' title='bbox 294 4992 567 5059; x_wconf 87' lang='lat' dir='ltr'><strong>solemne</strong></span> <span class='ocrx_word' id='word_1_399' title='bbox 639 4995 1025 5061; x_wconf 86' lang='lat' dir='ltr'><strong>sacrificium</strong></span> <span class='ocrx_word' id='word_1_400' title='bbox 1113 4992 1633 5059; x_wconf 82' lang='lat' dir='ltr'><strong>anniversarium</strong></span> <span class='ocrx_word' id='word_1_401' title='bbox 1708 4992 1903 5056; x_wconf 90' lang='lat' dir='ltr'><strong>etiam</strong></span> <span class='ocrx_word' id='word_1_402' title='bbox 1973 5005 2217 5058; x_wconf 80' lang='lat' dir='ltr'><strong>votum.</strong></span> 
     </span>
     <span class='ocr_line' id='line_1_58' title="bbox 295 5076 2219 5157; baseline 0.001 -17"><span class='ocrx_word' id='word_1_403' title='bbox 295 5076 546 5145; x_wconf 87' lang='lat' dir='ltr'><strong>Incerta</strong></span> <span class='ocrx_word' id='word_1_404' title='bbox 609 5101 763 5146; x_wconf 85' lang='lat' dir='ltr'><strong>vero</strong></span> <span class='ocrx_word' id='word_1_405' title='bbox 821 5080 1118 5146; x_wconf 86' lang='lat' dir='ltr'><strong>sacrificii</strong></span> <span class='ocrx_word' id='word_1_406' title='bbox 1166 5079 1364 5144; x_wconf 92' lang='lat' dir='ltr'><strong>huius</strong></span> <span class='ocrx_word' id='word_1_407' title='bbox 1408 5082 1674 5157; x_wconf 86' lang='lat' dir='ltr'><strong>occasi0,</strong></span> <span class='ocrx_word' id='word_1_408' title='bbox 1736 5100 1819 5142; x_wconf 86' lang='lat' dir='ltr'><strong>an</strong></span> <span class='ocrx_word' id='word_1_409' title='bbox 1865 5079 1946 5144; x_wconf 92' lang='lat' dir='ltr'><strong>ob</strong></span> <span class='ocrx_word' id='word_1_410' title='bbox 1992 5088 2219 5142; x_wconf 89' lang='lat' dir='ltr'><strong>natum</strong></span> 
     </span>
     <span class='ocr_line' id='line_1_59' title="bbox 296 5163 2225 5249; baseline 0 -20"><span class='ocrx_word' id='word_1_411' title='bbox 296 5175 541 5246; x_wconf 87' lang='lat' dir='ltr'><strong>praeter</strong></span> <span class='ocrx_word' id='word_1_412' title='bbox 586 5187 763 5249; x_wconf 91' lang='lat' dir='ltr'><strong>spem</strong></span> <span class='ocrx_word' id='word_1_413' title='bbox 812 5166 1042 5244; x_wconf 87' lang='lat' dir='ltr'><strong>filium,</strong></span> <span class='ocrx_word' id='word_1_414' title='bbox 1096 5186 1181 5229; x_wconf 94' lang='lat' dir='ltr'><strong>an</strong></span> <span class='ocrx_word' id='word_1_415' title='bbox 1217 5166 1298 5231; x_wconf 92' lang='lat' dir='ltr'><strong>ob</strong></span> <span class='ocrx_word' id='word_1_416' title='bbox 1333 5165 1528 5231; x_wconf 89' lang='lat' dir='ltr'><strong>aliam</strong></span> <span class='ocrx_word' id='word_1_417' title='bbox 1563 5163 1914 5248; x_wconf 89' lang='lat' dir='ltr'><strong>quamlibet</strong></span> <span class='ocrx_word' id='word_1_418' title='bbox 1942 5184 2225 5242; x_wconf 89' lang='lat' dir='ltr'><strong>causam,</strong></span> 
     </span>
     <span class='ocr_line' id='line_1_60' title="bbox 299 5249 2222 5336; baseline 0.001 -22"><span class='ocrx_word' id='word_1_419' title='bbox 299 5269 680 5334; x_wconf 86' lang='lat' dir='ltr'><strong>quamquam</strong></span> <span class='ocrx_word' id='word_1_420' title='bbox 740 5254 917 5336; x_wconf 90' lang='lat' dir='ltr'><strong>prior</strong></span> <span class='ocrx_word' id='word_1_421' title='bbox 942 5251 1058 5316; x_wconf 90' lang='lat' dir='ltr'><strong>illa</strong></span> <span class='ocrx_word' id='word_1_422' title='bbox 1100 5252 1310 5334; x_wconf 85' lang='lat' dir='ltr'><strong>magis</strong></span> <span class='ocrx_word' id='word_1_423' title='bbox 1339 5253 1476 5317; x_wconf 88' lang='lat' dir='ltr'><strong>veri</strong></span> <span class='ocrx_word' id='word_1_424' title='bbox 1513 5251 1761 5316; x_wconf 90' lang='lat' dir='ltr'><strong>similis.</strong></span> <span class='ocrx_word' id='word_1_425' title='bbox 1851 5249 2222 5329; x_wconf 83' lang='lat' dir='ltr'><strong>Caeterum,</strong></span> 
     </span>
    </p>
   </div>
   <div class='ocr_carea' id='block_1_9' title="bbox 2316 874 4352 5405">
    <p class='ocr_par' dir='ltr' id='par_1_10' title="bbox 2316 874 4352 5405">
     <span class='ocr_line' id='line_1_61' title="bbox 2347 874 4292 966; baseline 0.006 -28"><span class='ocrx_word' id='word_1_426' title='bbox 2347 884 2606 958; x_wconf 84' lang='lat' dir='ltr'><strong>gratum</strong></span> <span class='ocrx_word' id='word_1_427' title='bbox 2676 874 3029 957; x_wconf 86' lang='lat' dir='ltr'><strong>professus,</strong></span> <span class='ocrx_word' id='word_1_428' title='bbox 3086 877 3332 959; x_wconf 88' lang='lat' dir='ltr'><strong>gratias</strong></span> <span class='ocrx_word' id='word_1_429' title='bbox 3388 877 3486 941; x_wconf 91' lang='lat' dir='ltr'><strong>illi</strong></span> <span class='ocrx_word' id='word_1_430' title='bbox 3547 878 3801 960; x_wconf 90' lang='lat' dir='ltr'><strong>publice</strong></span> <span class='ocrx_word' id='word_1_431' title='bbox 3861 894 4033 966; x_wconf 85' lang='lat' dir='ltr'><strong>agat.</strong></span> <span class='ocrx_word' id='word_1_432' title='bbox 4124 885 4292 949; x_wconf 85' lang='lat' dir='ltr'><strong>Nam</strong></span> 
     </span>
     <span class='ocr_line' id='line_1_62' title="bbox 2345 961 4292 1050; baseline 0.006 -26"><span class='ocrx_word' id='word_1_433' title='bbox 2345 961 2644 1044; x_wconf 90' lang='lat' dir='ltr'><strong>superius</strong></span> <span class='ocrx_word' id='word_1_434' title='bbox 2667 970 2967 1025; x_wconf 87' lang='lat' dir='ltr'><strong>votorum</strong></span> <span class='ocrx_word' id='word_1_435' title='bbox 2989 961 3166 1027; x_wconf 91' lang='lat' dir='ltr'><strong>hunc</strong></span> <span class='ocrx_word' id='word_1_436' title='bbox 3188 983 3331 1028; x_wconf 89' lang='lat' dir='ltr'><strong>esse</strong></span> <span class='ocrx_word' id='word_1_437' title='bbox 3355 963 3551 1027; x_wconf 86' lang='lat' dir='ltr'><strong>finem</strong></span> <span class='ocrx_word' id='word_1_438' title='bbox 3578 962 3930 1045; x_wconf 87' lang='lat' dir='ltr'><strong>docuimus,</strong></span> <span class='ocrx_word' id='word_1_439' title='bbox 3966 967 4292 1050; x_wconf 87' lang='lat' dir='ltr'><strong>publicam</strong></span> 
     </span>
     <span class='ocr_line' id='line_1_63' title="bbox 2345 1047 4294 1138; baseline 0.006 -28"><span class='ocrx_word' id='word_1_440' title='bbox 2345 1067 2581 1130; x_wconf 90' lang='lat' dir='ltr'><strong>nempe</strong></span> <span class='ocrx_word' id='word_1_441' title='bbox 2654 1047 3139 1130; x_wconf 83' lang='lat' dir='ltr'><strong>professionem,</strong></span> <span class='ocrx_word' id='word_1_442' title='bbox 3214 1069 3344 1130; x_wconf 90' lang='lat' dir='ltr'><strong>qua</strong></span> <span class='ocrx_word' id='word_1_443' title='bbox 3417 1049 3558 1114; x_wconf 91' lang='lat' dir='ltr'><strong>Deo</strong></span> <span class='ocrx_word' id='word_1_444' title='bbox 3605 1050 3720 1113; x_wconf 88' lang='lat' dir='ltr'><strong>uni</strong></span> <span class='ocrx_word' id='word_1_445' title='bbox 3763 1053 3983 1118; x_wconf 91' lang='lat' dir='ltr'><strong>omnia</strong></span> <span class='ocrx_word' id='word_1_446' title='bbox 4025 1067 4294 1138; x_wconf 86' lang='lat' dir='ltr'><strong>accepta</strong></span> 
     </span>
     <span class='ocr_line' id='line_1_64' title="bbox 2343 1131 4286 1216; baseline 0.007 -21"><span class='ocrx_word' id='word_1_447' title='bbox 2343 1131 2666 1213; x_wconf 82' lang='lat' dir='ltr'><strong>feruutur,</strong></span> <span class='ocrx_word' id='word_1_448' title='bbox 2759 1133 2945 1213; x_wconf 90' lang='lat' dir='ltr'><strong>eique</strong></span> <span class='ocrx_word' id='word_1_449' title='bbox 3027 1154 3145 1216; x_wconf 88' lang='lat' dir='ltr'><strong>pro</strong></span> <span class='ocrx_word' id='word_1_450' title='bbox 3220 1134 3499 1216; x_wconf 87' lang='lat' dir='ltr'><strong>acceptis</strong></span> <span class='ocrx_word' id='word_1_451' title='bbox 3569 1134 3895 1203; x_wconf 86' lang='lat' dir='ltr'><strong>beneficiis</strong></span> <span class='ocrx_word' id='word_1_452' title='bbox 3964 1143 4286 1208; x_wconf 83' lang='lat' dir='ltr'><strong>sacrificia</strong></span> 
     </span>
     <span class='ocr_line' id='line_1_65' title="bbox 2342 1217 4288 1302; baseline 0.007 -21"><span class='ocrx_word' id='word_1_453' title='bbox 2342 1217 2556 1283; x_wconf 91' lang='lat' dir='ltr'><strong>laudis</strong></span> <span class='ocrx_word' id='word_1_454' title='bbox 2590 1220 2975 1283; x_wconf 87' lang='lat' dir='ltr'><strong>offeruntur.</strong></span> <span class='ocrx_word' id='word_1_455' title='bbox 3064 1220 3167 1283; x_wconf 93' lang='lat' dir='ltr'><strong>De</strong></span> <span class='ocrx_word' id='word_1_456' title='bbox 3203 1218 3466 1284; x_wconf 82' lang='lat' dir='ltr'><strong>Silunte</strong></span> <span class='ocrx_word' id='word_1_457' title='bbox 3504 1242 3654 1285; x_wconf 84' lang='lat' dir='ltr'><strong>vero</strong></span> <span class='ocrx_word' id='word_1_458' title='bbox 3691 1223 4044 1302; x_wconf 91' lang='lat' dir='ltr'><strong>sciendum,</strong></span> <span class='ocrx_word' id='word_1_459' title='bbox 4082 1228 4288 1294; x_wconf 86' lang='lat' dir='ltr'><strong>fuisse</strong></span> 
     </span>
     <span class='ocr_line' id='line_1_66' title="bbox 2341 1304 4284 1392; baseline 0.006 -25"><span class='ocrx_word' id='word_1_460' title='bbox 2341 1304 2552 1369; x_wconf 93' lang='lat' dir='ltr'><strong>locum</strong></span> <span class='ocrx_word' id='word_1_461' title='bbox 2615 1305 2680 1368; x_wconf 94' lang='lat' dir='ltr'><strong>in</strong></span> <span class='ocrx_word' id='word_1_462' title='bbox 2745 1325 2873 1387; x_wconf 92' lang='lat' dir='ltr'><strong>quo</strong></span> <span class='ocrx_word' id='word_1_463' title='bbox 2935 1325 3085 1370; x_wconf 90' lang='lat' dir='ltr'><strong>arca</strong></span> <span class='ocrx_word' id='word_1_464' title='bbox 3146 1315 3284 1369; x_wconf 91' lang='lat' dir='ltr'><strong>tum</strong></span> <span class='ocrx_word' id='word_1_465' title='bbox 3332 1305 3723 1387; x_wconf 87' lang='lat' dir='ltr'><strong>quiescebat:</strong></span> <span class='ocrx_word' id='word_1_466' title='bbox 3785 1328 3861 1373; x_wconf 87' lang='lat' dir='ltr'><strong>ac</strong></span> <span class='ocrx_word' id='word_1_467' title='bbox 3903 1311 4173 1392; x_wconf 91' lang='lat' dir='ltr'><strong>proinde</strong></span> <span class='ocrx_word' id='word_1_468' title='bbox 4217 1315 4284 1378; x_wconf 93' lang='lat' dir='ltr'><strong>in</strong></span> 
     </span>
     <span class='ocr_line' id='line_1_67' title="bbox 2342 1389 4284 1477; baseline 0.005 -24"><span class='ocrx_word' id='word_1_469' title='bbox 2342 1410 2534 1473; x_wconf 89' lang='lat' dir='ltr'><strong>quem</strong></span> <span class='ocrx_word' id='word_1_470' title='bbox 2618 1389 2743 1454; x_wconf 84' lang='lat' dir='ltr'><strong>fuit</strong></span> <span class='ocrx_word' id='word_1_471' title='bbox 2817 1390 3092 1473; x_wconf 88' lang='lat' dir='ltr'><strong>singulis</strong></span> <span class='ocrx_word' id='word_1_472' title='bbox 3166 1391 3711 1457; x_wconf 82' lang='lat' dir='ltr'><strong>conveniendum.</strong></span> <span class='ocrx_word' id='word_1_473' title='bbox 3812 1394 4036 1477; x_wconf 90' lang='lat' dir='ltr'><strong>Neque</strong></span> <span class='ocrx_word' id='word_1_474' title='bbox 4107 1401 4284 1464; x_wconf 91' lang='lat' dir='ltr'><strong>enim</strong></span> 
     </span>
     <span class='ocr_line' id='line_1_68' title="bbox 2342 1475 4287 1563; baseline 0.005 -24"><span class='ocrx_word' id='word_1_475' title='bbox 2342 1475 2557 1541; x_wconf 84' lang='lat' dir='ltr'><strong>adhuc</strong></span> <span class='ocrx_word' id='word_1_476' title='bbox 2593 1476 2775 1541; x_wconf 91' lang='lat' dir='ltr'><strong>Deus</strong></span> <span class='ocrx_word' id='word_1_477' title='bbox 2810 1488 3063 1539; x_wconf 88' lang='lat' dir='ltr'><strong>certum</strong></span> <span class='ocrx_word' id='word_1_478' title='bbox 3100 1475 3312 1541; x_wconf 90' lang='lat' dir='ltr'><strong>locum</strong></span> <span class='ocrx_word' id='word_1_479' title='bbox 3349 1475 3731 1542; x_wconf 82' lang='lat' dir='ltr'><strong>habitationi</strong></span> <span class='ocrx_word' id='word_1_480' title='bbox 3768 1500 3843 1545; x_wconf 89' lang='lat' dir='ltr'><strong>ac</strong></span> <span class='ocrx_word' id='word_1_481' title='bbox 3876 1483 4078 1563; x_wconf 87' lang='lat' dir='ltr'><strong>quieti</strong></span> <span class='ocrx_word' id='word_1_482' title='bbox 4115 1483 4287 1550; x_wconf 91' lang='lat' dir='ltr'><strong>dele-</strong></span> 
     </span>
     <span class='ocr_line' id='line_1_69' title="bbox 2342 1561 4281 1650; baseline 0.005 -25"><span class='ocrx_word' id='word_1_483' title='bbox 2342 1575 2548 1645; x_wconf 86' lang='lat' dir='ltr'><strong>gerat,</strong></span> <span class='ocrx_word' id='word_1_484' title='bbox 2586 1561 3132 1644; x_wconf 89' lang='lat' dir='ltr'><strong>quemadmodum</strong></span> <span class='ocrx_word' id='word_1_485' title='bbox 3177 1583 3376 1644; x_wconf 91' lang='lat' dir='ltr'><strong>quum</strong></span> <span class='ocrx_word' id='word_1_486' title='bbox 3403 1562 3482 1627; x_wconf 91' lang='lat' dir='ltr'><strong>de</strong></span> <span class='ocrx_word' id='word_1_487' title='bbox 3504 1563 3966 1648; x_wconf 83' lang='lat' dir='ltr'><strong>Hierosolyma</strong></span> <span class='ocrx_word' id='word_1_488' title='bbox 3989 1567 4281 1650; x_wconf 88' lang='lat' dir='ltr'><strong>loquitur</strong></span> 
     </span>
     <span class='ocr_line' id='line_1_70' title="bbox 2336 1647 4271 1733; baseline 0.005 -22"><span class='ocrx_word' id='word_1_489' title='bbox 2336 1647 2675 1729; x_wconf 89' lang='lat' dir='ltr'><strong>scriptura,</strong></span> <span class='ocrx_word' id='word_1_490' title='bbox 2716 1647 2929 1713; x_wconf 90' lang='lat' dir='ltr'><strong>locum</strong></span> <span class='ocrx_word' id='word_1_491' title='bbox 2973 1647 3211 1729; x_wconf 88' lang='lat' dir='ltr'><strong>quietis</strong></span> <span class='ocrx_word' id='word_1_492' title='bbox 3254 1663 3319 1712; x_wconf 86' lang='lat' dir='ltr'><strong>et</strong></span> <span class='ocrx_word' id='word_1_493' title='bbox 3356 1648 3662 1714; x_wconf 89' lang='lat' dir='ltr'><strong>domicilii</strong></span> <span class='ocrx_word' id='word_1_494' title='bbox 3706 1653 4082 1733; x_wconf 85' lang='lat' dir='ltr'><strong>sempiterni</strong></span> <span class='ocrx_word' id='word_1_495' title='bbox 4129 1676 4271 1720; x_wconf 89' lang='lat' dir='ltr'><strong>eam</strong></span> 
     </span>
     <span class='ocr_line' id='line_1_71' title="bbox 2339 1734 4275 1817; baseline 0.004 -20"><span class='ocrx_word' id='word_1_496' title='bbox 2339 1744 2542 1797; x_wconf 81' lang='lat' dir='ltr'><strong>vocat.</strong></span> <span class='ocrx_word' id='word_1_497' title='bbox 2635 1736 2807 1799; x_wconf 83' lang='lat' dir='ltr'><strong>Arca</strong></span> <span class='ocrx_word' id='word_1_498' title='bbox 2841 1734 3014 1797; x_wconf 90' lang='lat' dir='ltr'><strong>enim</strong></span> <span class='ocrx_word' id='word_1_499' title='bbox 3056 1745 3210 1799; x_wconf 84' lang='lat' dir='ltr'><strong>tunc</strong></span> <span class='ocrx_word' id='word_1_500' title='bbox 3235 1736 3541 1817; x_wconf 88' lang='lat' dir='ltr'><strong>temporis</strong></span> <span class='ocrx_word' id='word_1_501' title='bbox 3566 1735 4030 1802; x_wconf 78' lang='lat' dir='ltr'><strong>nullamflxam</strong></span> <span class='ocrx_word' id='word_1_502' title='bbox 4055 1739 4275 1805; x_wconf 89' lang='lat' dir='ltr'><strong>sedem</strong></span> 
     </span>
     <span class='ocr_line' id='line_1_72' title="bbox 2335 1817 4270 1906; baseline 0.004 -24"><span class='ocrx_word' id='word_1_503' title='bbox 2335 1817 2633 1894; x_wconf 88' lang='lat' dir='ltr'><strong>habebat,</strong></span> <span class='ocrx_word' id='word_1_504' title='bbox 2696 1818 2809 1884; x_wconf 91' lang='lat' dir='ltr'><strong>sed</strong></span> <span class='ocrx_word' id='word_1_505' title='bbox 2871 1840 2949 1883; x_wconf 88' lang='lat' dir='ltr'><strong>ex</strong></span> <span class='ocrx_word' id='word_1_506' title='bbox 2982 1818 3120 1884; x_wconf 90' lang='lat' dir='ltr'><strong>loco</strong></span> <span class='ocrx_word' id='word_1_507' title='bbox 3178 1840 3310 1884; x_wconf 93' lang='lat' dir='ltr'><strong>uno</strong></span> <span class='ocrx_word' id='word_1_508' title='bbox 3366 1824 3433 1883; x_wconf 93' lang='lat' dir='ltr'><strong>in</strong></span> <span class='ocrx_word' id='word_1_509' title='bbox 3480 1819 3682 1884; x_wconf 91' lang='lat' dir='ltr'><strong>alium</strong></span> <span class='ocrx_word' id='word_1_510' title='bbox 3730 1823 4270 1906; x_wconf 82' lang='lat' dir='ltr'><strong>transferebatur,</strong></span> 
     </span>
     <span class='ocr_line' id='line_1_73' title="bbox 2333 1902 4270 1988; baseline 0.005 -21"><span class='ocrx_word' id='word_1_511' title='bbox 2333 1917 2405 1967; x_wconf 92' lang='lat' dir='ltr'><strong>ut</strong></span> <span class='ocrx_word' id='word_1_512' title='bbox 2465 1902 2727 1969; x_wconf 89' lang='lat' dir='ltr'><strong>tandem</strong></span> <span class='ocrx_word' id='word_1_513' title='bbox 2788 1905 2984 1969; x_wconf 84' lang='lat' dir='ltr'><strong>etiam</strong></span> <span class='ocrx_word' id='word_1_514' title='bbox 3030 1917 3220 1988; x_wconf 89' lang='lat' dir='ltr'><strong>capta</strong></span> <span class='ocrx_word' id='word_1_515' title='bbox 3264 1906 3351 1969; x_wconf 91' lang='lat' dir='ltr'><strong>sit</strong></span> <span class='ocrx_word' id='word_1_516' title='bbox 3395 1904 3475 1969; x_wconf 89' lang='lat' dir='ltr'><strong>ab</strong></span> <span class='ocrx_word' id='word_1_517' title='bbox 3520 1905 3838 1972; x_wconf 87' lang='lat' dir='ltr'><strong>hostibus.</strong></span> <span class='ocrx_word' id='word_1_518' title='bbox 3930 1907 4060 1975; x_wconf 84' lang='lat' dir='ltr'><strong>Sed</strong></span> <span class='ocrx_word' id='word_1_519' title='bbox 4111 1922 4270 1977; x_wconf 90' lang='lat' dir='ltr'><strong>tunc</strong></span> 
     </span>
     <span class='ocr_line' id='line_1_74' title="bbox 2333 1989 4270 2075; baseline 0.005 -22"><span class='ocrx_word' id='word_1_520' title='bbox 2333 2010 2476 2054; x_wconf 91' lang='lat' dir='ltr'><strong>eam</strong></span> <span class='ocrx_word' id='word_1_521' title='bbox 2523 1989 2790 2055; x_wconf 79' lang='lat' dir='ltr'><strong>Silunte</strong></span> <span class='ocrx_word' id='word_1_522' title='bbox 2836 1989 3019 2055; x_wconf 86' lang='lat' dir='ltr'><strong>Deus</strong></span> <span class='ocrx_word' id='word_1_523' title='bbox 3062 2012 3203 2056; x_wconf 88' lang='lat' dir='ltr'><strong>esse</strong></span> <span class='ocrx_word' id='word_1_524' title='bbox 3250 1990 3476 2066; x_wconf 87' lang='lat' dir='ltr'><strong>voluit,</strong></span> <span class='ocrx_word' id='word_1_525' title='bbox 3543 1993 3652 2073; x_wconf 91' lang='lat' dir='ltr'><strong>qui</strong></span> <span class='ocrx_word' id='word_1_526' title='bbox 3697 2003 3921 2075; x_wconf 88' lang='lat' dir='ltr'><strong>postea</strong></span> <span class='ocrx_word' id='word_1_527' title='bbox 3964 1996 4143 2061; x_wconf 86' lang='lat' dir='ltr'><strong>locus</strong></span> <span class='ocrx_word' id='word_1_528' title='bbox 4190 1997 4270 2062; x_wconf 90' lang='lat' dir='ltr'><strong>de</strong></span> 
     </span>
     <span class='ocr_line' id='line_1_75' title="bbox 2334 2074 4270 2159; baseline 0.004 -19"><span class='ocrx_word' id='word_1_529' title='bbox 2334 2074 2582 2140; x_wconf 83' lang='lat' dir='ltr'><strong>solatus</strong></span> <span class='ocrx_word' id='word_1_530' title='bbox 2640 2087 2757 2153; x_wconf 84' lang='lat' dir='ltr'><strong>est,</strong></span> <span class='ocrx_word' id='word_1_531' title='bbox 2825 2098 2953 2140; x_wconf 91' lang='lat' dir='ltr'><strong>non</strong></span> <span class='ocrx_word' id='word_1_532' title='bbox 3013 2076 3155 2141; x_wconf 90' lang='lat' dir='ltr'><strong>sine</strong></span> <span class='ocrx_word' id='word_1_533' title='bbox 3215 2097 3455 2159; x_wconf 82' lang='lat' dir='ltr'><strong>magna</strong></span> <span class='ocrx_word' id='word_1_534' title='bbox 3496 2079 3785 2141; x_wconf 90' lang='lat' dir='ltr'><strong>omnium</strong></span> <span class='ocrx_word' id='word_1_535' title='bbox 3824 2079 4270 2149; x_wconf 83' lang='lat' dir='ltr'><strong>admiratione.</strong></span> 
     </span>
     <span class='ocr_line' id='line_1_76' title="bbox 2335 2160 4268 2251; baseline 0.004 -26"><span class='ocrx_word' id='word_1_536' title='bbox 2335 2160 2783 2242; x_wconf 80' lang='lat' dir='ltr'><strong>Quamobrem</strong></span> <span class='ocrx_word' id='word_1_537' title='bbox 2829 2162 3024 2226; x_wconf 87' lang='lat' dir='ltr'><strong>etiam</strong></span> <span class='ocrx_word' id='word_1_538' title='bbox 3073 2162 3385 2227; x_wconf 89' lang='lat' dir='ltr'><strong>Ieremias</strong></span> <span class='ocrx_word' id='word_1_539' title='bbox 3429 2162 3707 2227; x_wconf 88' lang='lat' dir='ltr'><strong>Iudaeos</strong></span> <span class='ocrx_word' id='word_1_540' title='bbox 3749 2163 3862 2228; x_wconf 91' lang='lat' dir='ltr'><strong>illo</strong></span> <span class='ocrx_word' id='word_1_541' title='bbox 3885 2187 4003 2230; x_wconf 91' lang='lat' dir='ltr'><strong>suo</strong></span> <span class='ocrx_word' id='word_1_542' title='bbox 4026 2169 4268 2251; x_wconf 89' lang='lat' dir='ltr'><strong>templo</strong></span> 
     </span>
     <span class='ocr_line' id='line_1_77' title="bbox 2330 2246 4268 2334; baseline 0.004 -23"><span class='ocrx_word' id='word_1_543' title='bbox 2330 2247 2526 2312; x_wconf 89' lang='lat' dir='ltr'><strong>nimis</strong></span> <span class='ocrx_word' id='word_1_544' title='bbox 2561 2246 2921 2312; x_wconf 88' lang='lat' dir='ltr'><strong>insolenter</strong></span> <span class='ocrx_word' id='word_1_545' title='bbox 2956 2248 3317 2330; x_wconf 86' lang='lat' dir='ltr'><strong>gloriantes</strong></span> <span class='ocrx_word' id='word_1_546' title='bbox 3352 2248 3775 2329; x_wconf 86' lang='lat' dir='ltr'><strong>conspiciens,</strong></span> <span class='ocrx_word' id='word_1_547' title='bbox 3811 2251 4085 2316; x_wconf 86' lang='lat' dir='ltr'><strong>eandem</strong></span> <span class='ocrx_word' id='word_1_548' title='bbox 4113 2253 4268 2334; x_wconf 89' lang='lat' dir='ltr'><strong>illis,</strong></span> 
     </span>
     <span class='ocr_line' id='line_1_78' title="bbox 2328 2332 4272 2421; baseline 0.004 -25"><span class='ocrx_word' id='word_1_549' title='bbox 2328 2353 2496 2416; x_wconf 88' lang='lat' dir='ltr'><strong>quae</strong></span> <span class='ocrx_word' id='word_1_550' title='bbox 2540 2333 2694 2397; x_wconf 91' lang='lat' dir='ltr'><strong>olim</strong></span> <span class='ocrx_word' id='word_1_551' title='bbox 2744 2332 2992 2398; x_wconf 82' lang='lat' dir='ltr'><strong>Silunti</strong></span> <span class='ocrx_word' id='word_1_552' title='bbox 3027 2333 3410 2417; x_wconf 87' lang='lat' dir='ltr'><strong>contigerat,</strong></span> <span class='ocrx_word' id='word_1_553' title='bbox 3457 2332 3921 2401; x_wconf 86' lang='lat' dir='ltr'><strong>desolationem</strong></span> <span class='ocrx_word' id='word_1_554' title='bbox 3965 2340 4272 2421; x_wconf 90' lang='lat' dir='ltr'><strong>minatur,</strong></span> 
     </span>
     <span class='ocr_line' id='line_1_79' title="bbox 2334 2418 4276 2506; baseline 0.004 -24"><span class='ocrx_word' id='word_1_555' title='bbox 2334 2418 2437 2482; x_wconf 86' lang='lat' dir='ltr'><strong>his</strong></span> <span class='ocrx_word' id='word_1_556' title='bbox 2487 2418 2730 2483; x_wconf 85' lang='lat' dir='ltr'><strong>verbis:</strong></span> <span class='ocrx_word' id='word_1_557' title='bbox 2774 2419 2872 2483; x_wconf 81' lang='lat' dir='ltr'><strong>Ite</strong></span> <span class='ocrx_word' id='word_1_558' title='bbox 2904 2420 3036 2483; x_wconf 74' lang='lat' dir='ltr'><strong>iam</strong></span> <span class='ocrx_word' id='word_1_559' title='bbox 3068 2419 3139 2483; x_wconf 81' lang='lat' dir='ltr'><strong>in</strong></span> <span class='ocrx_word' id='word_1_560' title='bbox 3172 2419 3369 2484; x_wconf 79' lang='lat' dir='ltr'><strong>locum</strong></span> <span class='ocrx_word' id='word_1_561' title='bbox 3402 2439 3609 2484; x_wconf 84' lang='lat' dir='ltr'><strong>meum</strong></span> <span class='ocrx_word' id='word_1_562' title='bbox 3643 2422 3916 2502; x_wconf 77' lang='lat' dir='ltr'><strong>quierat</strong></span> <span class='ocrx_word' id='word_1_563' title='bbox 3938 2421 4276 2506; x_wconf 74' lang='lat' dir='ltr'><strong>Schilunte,</strong></span> 
     </span>
     <span class='ocr_line' id='line_1_80' title="bbox 2329 2503 4276 2588; baseline 0.003 -19"><span class='ocrx_word' id='word_1_564' title='bbox 2329 2504 2438 2569; x_wconf 71' lang='lat' dir='ltr'><strong>ubi</strong></span> <span class='ocrx_word' id='word_1_565' title='bbox 2503 2504 2771 2585; x_wconf 80' lang='lat' dir='ltr'><strong>feceram</strong></span> <span class='ocrx_word' id='word_1_566' title='bbox 2843 2511 2914 2570; x_wconf 81' lang='lat' dir='ltr'><strong>ut</strong></span> <span class='ocrx_word' id='word_1_567' title='bbox 2968 2503 3276 2571; x_wconf 72' lang='lat' dir='ltr'><strong>habitaret</strong></span> <span class='ocrx_word' id='word_1_568' title='bbox 3328 2525 3547 2569; x_wconf 74' lang='lat' dir='ltr'><strong>nomen</strong></span> <span class='ocrx_word' id='word_1_569' title='bbox 3596 2526 3798 2571; x_wconf 77' lang='lat' dir='ltr'><strong>meum</strong></span> <span class='ocrx_word' id='word_1_570' title='bbox 3840 2511 4150 2588; x_wconf 78' lang='lat' dir='ltr'><strong>primum,</strong></span> <span class='ocrx_word' id='word_1_571' title='bbox 4219 2516 4276 2575; x_wconf 77' lang='lat' dir='ltr'><strong>et</strong></span> 
     </span>
     <span class='ocr_line' id='line_1_81' title="bbox 2332 2590 4277 2677; baseline 0.004 -23"><span class='ocrx_word' id='word_1_572' title='bbox 2332 2590 2528 2654; x_wconf 72' lang='lat' dir='ltr'><strong>videte</strong></span> <span class='ocrx_word' id='word_1_573' title='bbox 2604 2591 2677 2656; x_wconf 72' lang='lat' dir='ltr'><strong>id</strong></span> <span class='ocrx_word' id='word_1_574' title='bbox 2751 2591 2914 2671; x_wconf 70' lang='lat' dir='ltr'><strong>quod</strong></span> <span class='ocrx_word' id='word_1_575' title='bbox 2995 2591 3115 2671; x_wconf 75' lang='lat' dir='ltr'><strong>feci</strong></span> <span class='ocrx_word' id='word_1_576' title='bbox 3169 2595 3430 2671; x_wconf 77' lang='lat' dir='ltr'><strong>propter</strong></span> <span class='ocrx_word' id='word_1_577' title='bbox 3493 2590 3806 2656; x_wconf 62' lang='lat' dir='ltr'><strong>vitalitium</strong></span> <span class='ocrx_word' id='word_1_578' title='bbox 3860 2595 4087 2677; x_wconf 79' lang='lat' dir='ltr'><strong>populi</strong></span> <span class='ocrx_word' id='word_1_579' title='bbox 4151 2598 4277 2662; x_wconf 74' lang='lat' dir='ltr'><strong>mei</strong></span> 
     </span>
     <span class='ocr_line' id='line_1_82' title="bbox 2334 2675 4352 2763; baseline 0.004 -23"><span class='ocrx_word' id='word_1_580' title='bbox 2334 2675 2620 2756; x_wconf 63' lang='lat' dir='ltr'><strong>Israeli-e,</strong></span> <span class='ocrx_word' id='word_1_581' title='bbox 2678 2696 2788 2741; x_wconf 76' lang='lat' dir='ltr'><strong>vos</strong></span> <span class='ocrx_word' id='word_1_582' title='bbox 2835 2696 2980 2741; x_wconf 84' lang='lat' dir='ltr'><strong>vero</strong></span> <span class='ocrx_word' id='word_1_583' title='bbox 3009 2676 3383 2758; x_wconf 77' lang='lat' dir='ltr'><strong>potentiores</strong></span> <span class='ocrx_word' id='word_1_584' title='bbox 3422 2676 3561 2741; x_wconf 85' lang='lat' dir='ltr'><strong>Deo</strong></span> <span class='ocrx_word' id='word_1_585' title='bbox 3605 2677 4066 2745; x_wconf 77' lang='lat' dir='ltr'><strong>arbitramini?</strong></span> <span class='ocrx_word' id='word_1_586' title='bbox 4126 2681 4276 2763; x_wconf 79' lang='lat' dir='ltr'><strong>Quo</strong></span> <span class='ocrx_word' id='word_1_587' title='bbox 4348 2696 4352 2700; x_wconf 75' lang='grc'>’</span> 
     </span>
     <span class='ocr_line' id='line_1_83' title="bbox 2332 2761 4271 2836; baseline 0.004 -11"><span class='ocrx_word' id='word_1_588' title='bbox 2332 2761 2502 2825; x_wconf 82' lang='lat' dir='ltr'><strong>facto</strong></span> <span class='ocrx_word' id='word_1_589' title='bbox 2550 2761 2732 2826; x_wconf 91' lang='lat' dir='ltr'><strong>Deus</strong></span> <span class='ocrx_word' id='word_1_590' title='bbox 2799 2772 3110 2826; x_wconf 85' lang='lat' dir='ltr'><strong>testatum</strong></span> <span class='ocrx_word' id='word_1_591' title='bbox 3171 2762 3379 2826; x_wconf 82' lang='lat' dir='ltr'><strong>facere</strong></span> <span class='ocrx_word' id='word_1_592' title='bbox 3439 2763 3666 2836; x_wconf 86' lang='lat' dir='ltr'><strong>voluit,</strong></span> <span class='ocrx_word' id='word_1_593' title='bbox 3736 2764 3884 2828; x_wconf 89' lang='lat' dir='ltr'><strong>licet</strong></span> <span class='ocrx_word' id='word_1_594' title='bbox 3942 2778 4271 2832; x_wconf 88' lang='lat' dir='ltr'><strong>terrenum</strong></span> 
     </span>
     <span class='ocr_line' id='line_1_84' title="bbox 2334 2846 4268 2930; baseline 0.003 -18"><span class='ocrx_word' id='word_1_595' title='bbox 2334 2846 2617 2929; x_wconf 87' lang='lat' dir='ltr'><strong>aliquem</strong></span> <span class='ocrx_word' id='word_1_596' title='bbox 2661 2848 2873 2912; x_wconf 90' lang='lat' dir='ltr'><strong>locum</strong></span> <span class='ocrx_word' id='word_1_597' title='bbox 2919 2868 3036 2911; x_wconf 91' lang='lat' dir='ltr'><strong>suo</strong></span> <span class='ocrx_word' id='word_1_598' title='bbox 3080 2847 3288 2912; x_wconf 87' lang='lat' dir='ltr'><strong>cultui</strong></span> <span class='ocrx_word' id='word_1_599' title='bbox 3332 2846 3695 2930; x_wconf 85' lang='lat' dir='ltr'><strong>delegisset,</strong></span> <span class='ocrx_word' id='word_1_600' title='bbox 3758 2871 3881 2914; x_wconf 92' lang='lat' dir='ltr'><strong>non</strong></span> <span class='ocrx_word' id='word_1_601' title='bbox 3933 2861 4151 2917; x_wconf 86' lang='lat' dir='ltr'><strong>tamen</strong></span> <span class='ocrx_word' id='word_1_602' title='bbox 4198 2875 4268 2918; x_wconf 91' lang='lat' dir='ltr'><strong>se</strong></span> 
     </span>
     <span class='ocr_line' id='line_1_85' title="bbox 2332 2931 4268 3004; baseline 0.004 -8"><span class='ocrx_word' id='word_1_603' title='bbox 2332 2934 2400 2996; x_wconf 90' lang='lat' dir='ltr'><strong>in</strong></span> <span class='ocrx_word' id='word_1_604' title='bbox 2466 2954 2661 2998; x_wconf 89' lang='lat' dir='ltr'><strong>omne</strong></span> <span class='ocrx_word' id='word_1_605' title='bbox 2725 2953 2961 2998; x_wconf 80' lang='lat' dir='ltr'><strong>aevum</strong></span> <span class='ocrx_word' id='word_1_606' title='bbox 3028 2931 3125 2997; x_wconf 89' lang='lat' dir='ltr'><strong>illi</strong></span> <span class='ocrx_word' id='word_1_607' title='bbox 3193 2933 3390 2997; x_wconf 87' lang='lat' dir='ltr'><strong>veluti</strong></span> <span class='ocrx_word' id='word_1_608' title='bbox 3458 2934 3609 2997; x_wconf 89' lang='lat' dir='ltr'><strong>data</strong></span> <span class='ocrx_word' id='word_1_609' title='bbox 3676 2934 3800 2999; x_wconf 86' lang='lat' dir='ltr'><strong>fide</strong></span> <span class='ocrx_word' id='word_1_610' title='bbox 3867 2934 4268 3004; x_wconf 85' lang='lat' dir='ltr'><strong>adstrictum.</strong></span> 
     </span>
     <span class='ocr_line' id='line_1_86' title="bbox 2332 3017 4263 3104; baseline 0.003 -22"><span class='ocrx_word' id='word_1_611' title='bbox 2332 3017 2497 3082; x_wconf 90' lang='lat' dir='ltr'><strong>Inde</strong></span> <span class='ocrx_word' id='word_1_612' title='bbox 2561 3019 2802 3085; x_wconf 86' lang='lat' dir='ltr'><strong>factum</strong></span> <span class='ocrx_word' id='word_1_613' title='bbox 2869 3028 2947 3083; x_wconf 94' lang='lat' dir='ltr'><strong>ut</strong></span> <span class='ocrx_word' id='word_1_614' title='bbox 3012 3017 3409 3101; x_wconf 86' lang='lat' dir='ltr'><strong>captivitatis</strong></span> <span class='ocrx_word' id='word_1_615' title='bbox 3475 3019 3890 3103; x_wconf 85' lang='lat' dir='ltr'><strong>babylonicae</strong></span> <span class='ocrx_word' id='word_1_616' title='bbox 3950 3033 4263 3104; x_wconf 87' lang='lat' dir='ltr'><strong>tempore,</strong></span> 
     </span>
     <span class='ocr_line' id='line_1_87' title="bbox 2329 3102 4260 3190; baseline 0.004 -24"><span class='ocrx_word' id='word_1_617' title='bbox 2329 3102 2676 3169; x_wconf 85' lang='lat' dir='ltr'><strong>destructis</strong></span> <span class='ocrx_word' id='word_1_618' title='bbox 2744 3125 2819 3170; x_wconf 90' lang='lat' dir='ltr'><strong>ao</strong></span> <span class='ocrx_word' id='word_1_619' title='bbox 2892 3104 3194 3170; x_wconf 87' lang='lat' dir='ltr'><strong>desolatis</strong></span> <span class='ocrx_word' id='word_1_620' title='bbox 3267 3103 3415 3168; x_wconf 90' lang='lat' dir='ltr'><strong>licet</strong></span> <span class='ocrx_word' id='word_1_621' title='bbox 3475 3104 3651 3188; x_wconf 87' lang='lat' dir='ltr'><strong>locis,</strong></span> <span class='ocrx_word' id='word_1_622' title='bbox 3717 3126 3880 3187; x_wconf 91' lang='lat' dir='ltr'><strong>quae</strong></span> <span class='ocrx_word' id='word_1_623' title='bbox 3925 3118 4260 3190; x_wconf 89' lang='lat' dir='ltr'><strong>tamquam</strong></span> 
     </span>
     <span class='ocr_line' id='line_1_88' title="bbox 2332 3188 4265 3274; baseline 0.004 -22"><span class='ocrx_word' id='word_1_624' title='bbox 2332 3202 2661 3254; x_wconf 90' lang='lat' dir='ltr'><strong>terrenum</strong></span> <span class='ocrx_word' id='word_1_625' title='bbox 2722 3188 2997 3272; x_wconf 89' lang='lat' dir='ltr'><strong>aliquem</strong></span> <span class='ocrx_word' id='word_1_626' title='bbox 3058 3189 3433 3273; x_wconf 85' lang='lat' dir='ltr'><strong>paradisum</strong></span> <span class='ocrx_word' id='word_1_627' title='bbox 3498 3190 3674 3255; x_wconf 85' lang='lat' dir='ltr'><strong>Deus</strong></span> <span class='ocrx_word' id='word_1_628' title='bbox 3720 3190 4023 3274; x_wconf 85' lang='lat' dir='ltr'><strong>elegerat,</strong></span> <span class='ocrx_word' id='word_1_629' title='bbox 4086 3204 4151 3258; x_wconf 88' lang='lat' dir='ltr'><strong>et</strong></span> <span class='ocrx_word' id='word_1_630' title='bbox 4193 3196 4265 3259; x_wconf 89' lang='lat' dir='ltr'><strong>in</strong></span> 
     </span>
     <span class='ocr_line' id='line_1_89' title="bbox 2326 3275 4262 3357; baseline 0.004 -19"><span class='ocrx_word' id='word_1_631' title='bbox 2326 3275 2563 3357; x_wconf 90' lang='lat' dir='ltr'><strong>quibus</strong></span> <span class='ocrx_word' id='word_1_632' title='bbox 2621 3275 2870 3357; x_wconf 88' lang='lat' dir='ltr'><strong>aliquot</strong></span> <span class='ocrx_word' id='word_1_633' title='bbox 2927 3276 3184 3342; x_wconf 86' lang='lat' dir='ltr'><strong>saecula</strong></span> <span class='ocrx_word' id='word_1_634' title='bbox 3240 3275 3597 3357; x_wconf 77' lang='lat' dir='ltr'><strong>quieverat,</strong></span> <span class='ocrx_word' id='word_1_635' title='bbox 3659 3297 3791 3340; x_wconf 92' lang='lat' dir='ltr'><strong>non</strong></span> <span class='ocrx_word' id='word_1_636' title='bbox 3841 3276 3987 3342; x_wconf 90' lang='lat' dir='ltr'><strong>ideo</strong></span> <span class='ocrx_word' id='word_1_637' title='bbox 4035 3289 4262 3345; x_wconf 89' lang='lat' dir='ltr'><strong>tamen</strong></span> 
     </span>
     <span class='ocr_line' id='line_1_90' title="bbox 2330 3360 4265 3430; baseline 0.004 -6"><span class='ocrx_word' id='word_1_638' title='bbox 2330 3361 2571 3425; x_wconf 88' lang='lat' dir='ltr'><strong>abolita</strong></span> <span class='ocrx_word' id='word_1_639' title='bbox 2611 3362 2744 3426; x_wconf 91' lang='lat' dir='ltr'><strong>sint</strong></span> <span class='ocrx_word' id='word_1_640' title='bbox 2788 3360 3122 3427; x_wconf 86' lang='lat' dir='ltr'><strong>sacrificia.</strong></span> <span class='ocrx_word' id='word_1_641' title='bbox 3212 3361 3420 3426; x_wconf 91' lang='lat' dir='ltr'><strong>Porro</strong></span> <span class='ocrx_word' id='word_1_642' title='bbox 3465 3361 3519 3427; x_wconf 91' lang='lat' dir='ltr'><strong>si</strong></span> <span class='ocrx_word' id='word_1_643' title='bbox 3569 3363 3746 3426; x_wconf 87' lang='lat' dir='ltr'><strong>Deus</strong></span> <span class='ocrx_word' id='word_1_644' title='bbox 3791 3362 3944 3427; x_wconf 91' lang='lat' dir='ltr'><strong>olim</strong></span> <span class='ocrx_word' id='word_1_645' title='bbox 3997 3386 4265 3430; x_wconf 89' lang='lat' dir='ltr'><strong>suorum</strong></span> 
     </span>
     <span class='ocr_line' id='line_1_91' title="bbox 2327 3444 4264 3534; baseline 0.003 -23"><span class='ocrx_word' id='word_1_646' title='bbox 2327 3444 2720 3512; x_wconf 90' lang='lat' dir='ltr'><strong>iudiciorum</strong></span> <span class='ocrx_word' id='word_1_647' title='bbox 2780 3447 3148 3514; x_wconf 83' lang='lat' dir='ltr'><strong>severitatis</strong></span> <span class='ocrx_word' id='word_1_648' title='bbox 3224 3447 3526 3529; x_wconf 84' lang='lat' dir='ltr'><strong>exempla</strong></span> <span class='ocrx_word' id='word_1_649' title='bbox 3581 3447 3650 3511; x_wconf 91' lang='lat' dir='ltr'><strong>in</strong></span> <span class='ocrx_word' id='word_1_650' title='bbox 3723 3469 3801 3512; x_wconf 89' lang='lat' dir='ltr'><strong>ea</strong></span> <span class='ocrx_word' id='word_1_651' title='bbox 3859 3449 4017 3527; x_wconf 88' lang='lat' dir='ltr'><strong>loca,</strong></span> <span class='ocrx_word' id='word_1_652' title='bbox 4099 3472 4264 3534; x_wconf 89' lang='lat' dir='ltr'><strong>quae</strong></span> 
     </span>
     <span class='ocr_line' id='line_1_92' title="bbox 2329 3532 4260 3616; baseline 0.003 -20"><span class='ocrx_word' id='word_1_653' title='bbox 2329 3544 2637 3616; x_wconf 87' lang='lat' dir='ltr'><strong>tanquam</strong></span> <span class='ocrx_word' id='word_1_654' title='bbox 2714 3532 3050 3615; x_wconf 86' lang='lat' dir='ltr'><strong>paradisos</strong></span> <span class='ocrx_word' id='word_1_655' title='bbox 3106 3545 3397 3597; x_wconf 87' lang='lat' dir='ltr'><strong>terrenos</strong></span> <span class='ocrx_word' id='word_1_656' title='bbox 3456 3532 3578 3597; x_wconf 87' lang='lat' dir='ltr'><strong>sibi</strong></span> <span class='ocrx_word' id='word_1_657' title='bbox 3638 3533 3977 3616; x_wconf 88' lang='lat' dir='ltr'><strong>selegerat,</strong></span> <span class='ocrx_word' id='word_1_658' title='bbox 4060 3548 4128 3601; x_wconf 90' lang='lat' dir='ltr'><strong>et</strong></span> <span class='ocrx_word' id='word_1_659' title='bbox 4193 3539 4260 3602; x_wconf 91' lang='lat' dir='ltr'><strong>in</strong></span> 
     </span>
     <span class='ocr_line' id='line_1_93' title="bbox 2325 3616 4262 3703; baseline 0.003 -21"><span class='ocrx_word' id='word_1_660' title='bbox 2325 3619 2559 3702; x_wconf 88' lang='lat' dir='ltr'><strong>quibus</strong></span> <span class='ocrx_word' id='word_1_661' title='bbox 2645 3640 2762 3702; x_wconf 89' lang='lat' dir='ltr'><strong>per</strong></span> <span class='ocrx_word' id='word_1_662' title='bbox 2848 3619 3043 3703; x_wconf 86' lang='lat' dir='ltr'><strong>longa</strong></span> <span class='ocrx_word' id='word_1_663' title='bbox 3126 3617 3386 3682; x_wconf 88' lang='lat' dir='ltr'><strong>saecula</strong></span> <span class='ocrx_word' id='word_1_664' title='bbox 3458 3616 3855 3684; x_wconf 88' lang='lat' dir='ltr'><strong>domicilium</strong></span> <span class='ocrx_word' id='word_1_665' title='bbox 3925 3619 4262 3702; x_wconf 88' lang='lat' dir='ltr'><strong>habuerat,</strong></span> 
     </span>
     <span class='ocr_line' id='line_1_94' title="bbox 2325 3703 4260 3787; baseline 0.002 -19"><span class='ocrx_word' id='word_1_666' title='bbox 2325 3705 2538 3769; x_wconf 79' lang='lat' dir='ltr'><strong>voluit</strong></span> <span class='ocrx_word' id='word_1_667' title='bbox 2595 3715 2875 3784; x_wconf 85' lang='lat' dir='ltr'><strong>exstare,</strong></span> <span class='ocrx_word' id='word_1_668' title='bbox 2931 3704 3077 3787; x_wconf 90' lang='lat' dir='ltr'><strong>quis</strong></span> <span class='ocrx_word' id='word_1_669' title='bbox 3135 3703 3293 3769; x_wconf 88' lang='lat' dir='ltr'><strong>adeo</strong></span> <span class='ocrx_word' id='word_1_670' title='bbox 3337 3723 3598 3767; x_wconf 85' lang='lat' dir='ltr'><strong>vaecors</strong></span> <span class='ocrx_word' id='word_1_671' title='bbox 3643 3717 3710 3769; x_wconf 92' lang='lat' dir='ltr'><strong>et</strong></span> <span class='ocrx_word' id='word_1_672' title='bbox 3758 3705 3954 3771; x_wconf 90' lang='lat' dir='ltr'><strong>hebes</strong></span> <span class='ocrx_word' id='word_1_673' title='bbox 3997 3719 4115 3783; x_wconf 89' lang='lat' dir='ltr'><strong>est,</strong></span> <span class='ocrx_word' id='word_1_674' title='bbox 4188 3718 4260 3772; x_wconf 89' lang='lat' dir='ltr'><strong>ut</strong></span> 
     </span>
     <span class='ocr_line' id='line_1_95' title="bbox 2329 3787 4264 3874; baseline 0.003 -20"><span class='ocrx_word' id='word_1_675' title='bbox 2329 3789 2524 3854; x_wconf 91' lang='lat' dir='ltr'><strong>hodie</strong></span> <span class='ocrx_word' id='word_1_676' title='bbox 2566 3792 2759 3856; x_wconf 89' lang='lat' dir='ltr'><strong>certis</strong></span> <span class='ocrx_word' id='word_1_677' title='bbox 2803 3789 2959 3854; x_wconf 89' lang='lat' dir='ltr'><strong>locis</strong></span> <span class='ocrx_word' id='word_1_678' title='bbox 3003 3811 3151 3855; x_wconf 90' lang='lat' dir='ltr'><strong>eum</strong></span> <span class='ocrx_word' id='word_1_679' title='bbox 3198 3787 3488 3854; x_wconf 84' lang='lat' dir='ltr'><strong>adfixum</strong></span> <span class='ocrx_word' id='word_1_680' title='bbox 3532 3809 3674 3853; x_wconf 86' lang='lat' dir='ltr'><strong>esse</strong></span> <span class='ocrx_word' id='word_1_681' title='bbox 3717 3792 3838 3855; x_wconf 92' lang='lat' dir='ltr'><strong>sibi</strong></span> <span class='ocrx_word' id='word_1_682' title='bbox 3885 3793 4264 3874; x_wconf 91' lang='lat' dir='ltr'><strong>persuaderi</strong></span> 
     </span>
     <span class='ocr_line' id='line_1_96' title="bbox 2324 3873 4259 3960; baseline 0.003 -21"><span class='ocrx_word' id='word_1_683' title='bbox 2324 3877 2645 3960; x_wconf 87' lang='lat' dir='ltr'><strong>patiatur:</strong></span> <span class='ocrx_word' id='word_1_684' title='bbox 2732 3873 3277 3958; x_wconf 87' lang='lat' dir='ltr'><strong>quemadmodum</strong></span> <span class='ocrx_word' id='word_1_685' title='bbox 3355 3894 3588 3956; x_wconf 86' lang='lat' dir='ltr'><strong>papam</strong></span> <span class='ocrx_word' id='word_1_686' title='bbox 3658 3874 3845 3940; x_wconf 91' lang='lat' dir='ltr'><strong>illum</strong></span> <span class='ocrx_word' id='word_1_687' title='bbox 3914 3899 4259 3944; x_wconf 90' lang='lat' dir='ltr'><strong>romanum</strong></span> 
     </span>
     <span class='ocr_line' id='line_1_97' title="bbox 2326 3960 4261 4044; baseline 0.002 -19"><span class='ocrx_word' id='word_1_688' title='bbox 2326 3961 2622 4028; x_wconf 88' lang='lat' dir='ltr'><strong>videmus</strong></span> <span class='ocrx_word' id='word_1_689' title='bbox 2709 3960 2791 4027; x_wconf 91' lang='lat' dir='ltr'><strong>de</strong></span> <span class='ocrx_word' id='word_1_690' title='bbox 2878 3982 2996 4027; x_wconf 88' lang='lat' dir='ltr'><strong>sua</strong></span> <span class='ocrx_word' id='word_1_691' title='bbox 3061 3961 3213 4027; x_wconf 91' lang='lat' dir='ltr'><strong>sede</strong></span> <span class='ocrx_word' id='word_1_692' title='bbox 3278 3960 3689 4044; x_wconf 74' lang='lat' dir='ltr'><strong>gloriantem,</strong></span> <span class='ocrx_word' id='word_1_693' title='bbox 3777 3963 3948 4044; x_wconf 91' lang='lat' dir='ltr'><strong>qnod</strong></span> <span class='ocrx_word' id='word_1_694' title='bbox 4019 3965 4261 4031; x_wconf 87' lang='lat' dir='ltr'><strong>Petrus</strong></span> 
     </span>
     <span class='ocr_line' id='line_1_98' title="bbox 2322 4046 4257 4131; baseline 0.002 -19"><span class='ocrx_word' id='word_1_695' title='bbox 2322 4048 2571 4112; x_wconf 85' lang='lat' dir='ltr'><strong>Romae</strong></span> <span class='ocrx_word' id='word_1_696' title='bbox 2629 4046 2914 4113; x_wconf 83' lang='lat' dir='ltr'><strong>sederit?</strong></span> <span class='ocrx_word' id='word_1_697' title='bbox 2974 4049 3082 4113; x_wconf 86' lang='lat' dir='ltr'><strong>An</strong></span> <span class='ocrx_word' id='word_1_698' title='bbox 3129 4067 3286 4112; x_wconf 85' lang='lat' dir='ltr'><strong>vero</strong></span> <span class='ocrx_word' id='word_1_699' title='bbox 3329 4046 3567 4112; x_wconf 89' lang='lat' dir='ltr'><strong>Petrus</strong></span> <span class='ocrx_word' id='word_1_700' title='bbox 3611 4068 3889 4131; x_wconf 85' lang='lat' dir='ltr'><strong>regnum</strong></span> <span class='ocrx_word' id='word_1_701' title='bbox 3934 4049 4257 4115; x_wconf 86' lang='lat' dir='ltr'><strong>coelorum</strong></span> 
     </span>
     <span class='ocr_line' id='line_1_99' title="bbox 2322 4131 4256 4218; baseline 0.001 -20"><span class='ocrx_word' id='word_1_702' title='bbox 2322 4133 2606 4198; x_wconf 86' lang='lat' dir='ltr'><strong>Romam</strong></span> <span class='ocrx_word' id='word_1_703' title='bbox 2665 4133 3019 4213; x_wconf 84' lang='lat' dir='ltr'><strong>transtulit,</strong></span> <span class='ocrx_word' id='word_1_704' title='bbox 3078 4131 3247 4216; x_wconf 91' lang='lat' dir='ltr'><strong>quod</strong></span> <span class='ocrx_word' id='word_1_705' title='bbox 3290 4133 3410 4198; x_wconf 90' lang='lat' dir='ltr'><strong>sibi</strong></span> <span class='ocrx_word' id='word_1_706' title='bbox 3460 4131 3954 4218; x_wconf 82' lang='lat' dir='ltr'><strong>Hierosolymis,</strong></span> <span class='ocrx_word' id='word_1_707' title='bbox 4016 4135 4256 4200; x_wconf 89' lang='lat' dir='ltr'><strong>celebri</strong></span> 
     </span>
     <span class='ocr_line' id='line_1_100' title="bbox 2320 4219 4254 4303; baseline 0.001 -19"><span class='ocrx_word' id='word_1_708' title='bbox 2320 4220 2603 4297; x_wconf 85' lang='lat' dir='ltr'><strong>civitate,</strong></span> <span class='ocrx_word' id='word_1_709' title='bbox 2642 4220 2996 4284; x_wconf 79' lang='lat' dir='ltr'><strong>verisimile</strong></span> <span class='ocrx_word' id='word_1_710' title='bbox 3018 4232 3117 4285; x_wconf 89' lang='lat' dir='ltr'><strong>est</strong></span> <span class='ocrx_word' id='word_1_711' title='bbox 3138 4219 3425 4301; x_wconf 87' lang='lat' dir='ltr'><strong>potuisse</strong></span> <span class='ocrx_word' id='word_1_712' title='bbox 3449 4219 3589 4282; x_wconf 91' lang='lat' dir='ltr'><strong>iure</strong></span> <span class='ocrx_word' id='word_1_713' title='bbox 3611 4219 3878 4284; x_wconf 89' lang='lat' dir='ltr'><strong>meliore</strong></span> <span class='ocrx_word' id='word_1_714' title='bbox 3901 4221 4254 4303; x_wconf 79' lang='lat' dir='ltr'><strong>arrogare?</strong></span> 
     </span>
     <span class='ocr_line' id='line_1_101' title="bbox 2324 4302 4257 4387; baseline 0.002 -18"><span class='ocrx_word' id='word_1_715' title='bbox 2324 4308 2428 4369; x_wconf 83' lang='lat' dir='ltr'><strong>An</strong></span> <span class='ocrx_word' id='word_1_716' title='bbox 2489 4327 2648 4372; x_wconf 81' lang='lat' dir='ltr'><strong>vero</strong></span> <span class='ocrx_word' id='word_1_717' title='bbox 2692 4306 2907 4371; x_wconf 87' lang='lat' dir='ltr'><strong>Deum</strong></span> <span class='ocrx_word' id='word_1_718' title='bbox 2950 4305 3184 4370; x_wconf 82' lang='lat' dir='ltr'><strong>infanti</strong></span> <span class='ocrx_word' id='word_1_719' title='bbox 3227 4302 3510 4369; x_wconf 86' lang='lat' dir='ltr'><strong>similem</strong></span> <span class='ocrx_word' id='word_1_720' title='bbox 3555 4306 3966 4377; x_wconf 87' lang='lat' dir='ltr'><strong>arbitramur.</strong></span> <span class='ocrx_word' id='word_1_721' title='bbox 4030 4307 4140 4387; x_wconf 91' lang='lat' dir='ltr'><strong>qui</strong></span> <span class='ocrx_word' id='word_1_722' title='bbox 4186 4328 4257 4373; x_wconf 92' lang='lat' dir='ltr'><strong>se</strong></span> 
     </span>
     <span class='ocr_line' id='line_1_102' title="bbox 2320 4389 4253 4474; baseline 0.002 -20"><span class='ocrx_word' id='word_1_723' title='bbox 2320 4393 2386 4455; x_wconf 85' lang='lat' dir='ltr'><strong>vi</strong></span> <span class='ocrx_word' id='word_1_724' title='bbox 2447 4389 2725 4474; x_wconf 87' lang='lat' dir='ltr'><strong>quadam</strong></span> <span class='ocrx_word' id='word_1_725' title='bbox 2771 4391 3042 4456; x_wconf 88' lang='lat' dir='ltr'><strong>retineri</strong></span> <span class='ocrx_word' id='word_1_726' title='bbox 3089 4391 3397 4471; x_wconf 89' lang='lat' dir='ltr'><strong>patiatur,</strong></span> <span class='ocrx_word' id='word_1_727' title='bbox 3457 4399 3761 4472; x_wconf 88' lang='lat' dir='ltr'><strong>tanquam</strong></span> <span class='ocrx_word' id='word_1_728' title='bbox 3809 4391 4253 4474; x_wconf 87' lang='lat' dir='ltr'><strong>mancipatum</strong></span> 
     </span>
     <span class='ocr_line' id='line_1_103' title="bbox 2319 4475 4254 4559; baseline 0 -18"><span class='ocrx_word' id='word_1_729' title='bbox 2319 4478 2398 4541; x_wconf 89' lang='lat' dir='ltr'><strong>iis</strong></span> <span class='ocrx_word' id='word_1_730' title='bbox 2434 4477 2612 4556; x_wconf 87' lang='lat' dir='ltr'><strong>locis,</strong></span> <span class='ocrx_word' id='word_1_731' title='bbox 2656 4498 2737 4541; x_wconf 83' lang='lat' dir='ltr'><strong>ex</strong></span> <span class='ocrx_word' id='word_1_732' title='bbox 2775 4477 3009 4559; x_wconf 87' lang='lat' dir='ltr'><strong>quibus</strong></span> <span class='ocrx_word' id='word_1_733' title='bbox 3044 4476 3230 4540; x_wconf 91' lang='lat' dir='ltr'><strong>illum</strong></span> <span class='ocrx_word' id='word_1_734' title='bbox 3269 4486 3366 4540; x_wconf 87' lang='lat' dir='ltr'><strong>tot</strong></span> <span class='ocrx_word' id='word_1_735' title='bbox 3396 4475 3689 4540; x_wconf 86' lang='lat' dir='ltr'><strong>facinora</strong></span> <span class='ocrx_word' id='word_1_736' title='bbox 3724 4487 3789 4540; x_wconf 90' lang='lat' dir='ltr'><strong>et</strong></span> <span class='ocrx_word' id='word_1_737' title='bbox 3823 4476 4254 4541; x_wconf 86' lang='lat' dir='ltr'><strong>abominanda</strong></span> 
     </span>
     <span class='ocr_line' id='line_1_104' title="bbox 2318 4561 4252 4646; baseline 0.001 -20"><span class='ocrx_word' id='word_1_738' title='bbox 2318 4562 2567 4646; x_wconf 88' lang='lat' dir='ltr'><strong>flagitia</strong></span> <span class='ocrx_word' id='word_1_739' title='bbox 2626 4562 2905 4644; x_wconf 88' lang='lat' dir='ltr'><strong>pellunt:</strong></span> <span class='ocrx_word' id='word_1_740' title='bbox 2974 4584 3055 4627; x_wconf 92' lang='lat' dir='ltr'><strong>an</strong></span> <span class='ocrx_word' id='word_1_741' title='bbox 3119 4562 3245 4626; x_wconf 87' lang='lat' dir='ltr'><strong>illis</strong></span> <span class='ocrx_word' id='word_1_742' title='bbox 3303 4561 3687 4626; x_wconf 87' lang='lat' dir='ltr'><strong>adstrictum</strong></span> <span class='ocrx_word' id='word_1_743' title='bbox 3751 4584 3790 4625; x_wconf 87' lang='lat' dir='ltr'><strong>a</strong></span> <span class='ocrx_word' id='word_1_744' title='bbox 3844 4561 4074 4644; x_wconf 91' lang='lat' dir='ltr'><strong>quibus</strong></span> <span class='ocrx_word' id='word_1_745' title='bbox 4131 4563 4252 4628; x_wconf 87' lang='lat' dir='ltr'><strong>etsi</strong></span> 
     </span>
     <span class='ocr_line' id='line_1_105' title="bbox 2321 4647 4254 4730; baseline 0.001 -18"><span class='ocrx_word' id='word_1_746' title='bbox 2321 4649 2536 4713; x_wconf 87' lang='lat' dir='ltr'><strong>verbis</strong></span> <span class='ocrx_word' id='word_1_747' title='bbox 2602 4648 2859 4730; x_wconf 89' lang='lat' dir='ltr'><strong>quidem</strong></span> <span class='ocrx_word' id='word_1_748' title='bbox 2923 4650 2991 4713; x_wconf 91' lang='lat' dir='ltr'><strong>in</strong></span> <span class='ocrx_word' id='word_1_749' title='bbox 3057 4648 3304 4712; x_wconf 90' lang='lat' dir='ltr'><strong>honore</strong></span> <span class='ocrx_word' id='word_1_750' title='bbox 3370 4647 3664 4720; x_wconf 86' lang='lat' dir='ltr'><strong>habetur,</strong></span> <span class='ocrx_word' id='word_1_751' title='bbox 3746 4667 3979 4711; x_wconf 91' lang='lat' dir='ltr'><strong>nomen</strong></span> <span class='ocrx_word' id='word_1_752' title='bbox 4049 4648 4254 4728; x_wconf 87' lang='lat' dir='ltr'><strong>ipsius</strong></span> 
     </span>
     <span class='ocr_line' id='line_1_106' title="bbox 2321 4731 4252 4817; baseline 0.001 -19"><span class='ocrx_word' id='word_1_753' title='bbox 2321 4744 2542 4799; x_wconf 89' lang='lat' dir='ltr'><strong>tamen</strong></span> <span class='ocrx_word' id='word_1_754' title='bbox 2594 4734 2962 4801; x_wconf 86' lang='lat' dir='ltr'><strong>foedissime</strong></span> <span class='ocrx_word' id='word_1_755' title='bbox 3021 4733 3336 4817; x_wconf 85' lang='lat' dir='ltr'><strong>polluitur</strong></span> <span class='ocrx_word' id='word_1_756' title='bbox 3384 4753 3450 4798; x_wconf 83' lang='lat' dir='ltr'><strong>et</strong></span> <span class='ocrx_word' id='word_1_757' title='bbox 3504 4731 4020 4815; x_wconf 81' lang='lat' dir='ltr'><strong>conspurcatur?</strong></span> <span class='ocrx_word' id='word_1_758' title='bbox 4110 4733 4252 4799; x_wconf 87' lang='lat' dir='ltr'><strong>Nae</strong></span> 
     </span>
     <span class='ocr_line' id='line_1_107' title="bbox 2318 4817 4253 4905; baseline 0.001 -21"><span class='ocrx_word' id='word_1_759' title='bbox 2318 4821 2554 4905; x_wconf 82' lang='lat' dir='ltr'><strong>ingens</strong></span> <span class='ocrx_word' id='word_1_760' title='bbox 2614 4830 2681 4886; x_wconf 89' lang='lat' dir='ltr'><strong>et</strong></span> <span class='ocrx_word' id='word_1_761' title='bbox 2739 4821 3161 4886; x_wconf 90' lang='lat' dir='ltr'><strong>intolerabilis</strong></span> <span class='ocrx_word' id='word_1_762' title='bbox 3217 4839 3399 4884; x_wconf 89' lang='lat' dir='ltr'><strong>error</strong></span> <span class='ocrx_word' id='word_1_763' title='bbox 3454 4821 3575 4885; x_wconf 88' lang='lat' dir='ltr'><strong>iste</strong></span> <span class='ocrx_word' id='word_1_764' title='bbox 3632 4828 3750 4884; x_wconf 90' lang='lat' dir='ltr'><strong>est.</strong></span> <span class='ocrx_word' id='word_1_765' title='bbox 3838 4817 4059 4898; x_wconf 78' lang='lat' dir='ltr'><strong>Quare</strong></span> <span class='ocrx_word' id='word_1_766' title='bbox 4103 4819 4253 4884; x_wconf 86' lang='lat' dir='ltr'><strong>licet</strong></span> 
     </span>
     <span class='ocr_line' id='line_1_108' title="bbox 2319 4903 4249 4989; baseline -0.001 -18"><span class='ocrx_word' id='word_1_767' title='bbox 2319 4906 2399 4971; x_wconf 92' lang='lat' dir='ltr'><strong>ad</strong></span> <span class='ocrx_word' id='word_1_768' title='bbox 2470 4919 2730 4989; x_wconf 88' lang='lat' dir='ltr'><strong>tempus</strong></span> <span class='ocrx_word' id='word_1_769' title='bbox 2788 4929 2946 4971; x_wconf 90' lang='lat' dir='ltr'><strong>suae</strong></span> <span class='ocrx_word' id='word_1_770' title='bbox 3003 4927 3189 4972; x_wconf 81' lang='lat' dir='ltr'><strong>arcae</strong></span> <span class='ocrx_word' id='word_1_771' title='bbox 3235 4906 3417 4971; x_wconf 90' lang='lat' dir='ltr'><strong>Deus</strong></span> <span class='ocrx_word' id='word_1_772' title='bbox 3461 4904 3805 4969; x_wconf 81' lang='lat' dir='ltr'><strong>Schilunte</strong></span> <span class='ocrx_word' id='word_1_773' title='bbox 3851 4903 4249 4969; x_wconf 88' lang='lat' dir='ltr'><strong>domicilium</strong></span> 
     </span>
     <span class='ocr_line' id='line_1_109' title="bbox 2320 4989 4248 5076; baseline -0.002 -18"><span class='ocrx_word' id='word_1_774' title='bbox 2320 4993 2538 5076; x_wconf 87' lang='lat' dir='ltr'><strong>elegit,</strong></span> <span class='ocrx_word' id='word_1_775' title='bbox 2576 5003 2796 5058; x_wconf 89' lang='lat' dir='ltr'><strong>tamen</strong></span> <span class='ocrx_word' id='word_1_776' title='bbox 2834 4994 2901 5057; x_wconf 92' lang='lat' dir='ltr'><strong>in</strong></span> <span class='ocrx_word' id='word_1_777' title='bbox 2941 5014 3087 5057; x_wconf 91' lang='lat' dir='ltr'><strong>eum</strong></span> <span class='ocrx_word' id='word_1_778' title='bbox 3113 4991 3324 5057; x_wconf 87' lang='lat' dir='ltr'><strong>locum</strong></span> <span class='ocrx_word' id='word_1_779' title='bbox 3363 5002 3621 5056; x_wconf 85' lang='lat' dir='ltr'><strong>exstare</strong></span> <span class='ocrx_word' id='word_1_780' title='bbox 3646 4989 3948 5071; x_wconf 88' lang='lat' dir='ltr'><strong>deinceps</strong></span> <span class='ocrx_word' id='word_1_781' title='bbox 3983 5010 4248 5055; x_wconf 88' lang='lat' dir='ltr'><strong>suorum</strong></span> 
     </span>
     <span class='ocr_line' id='line_1_110' title="bbox 2316 5074 4249 5161; baseline -0.002 -16"><span class='ocrx_word' id='word_1_782' title='bbox 2316 5079 2705 5145; x_wconf 88' lang='lat' dir='ltr'><strong>iudiciorum</strong></span> <span class='ocrx_word' id='word_1_783' title='bbox 2751 5078 3053 5161; x_wconf 87' lang='lat' dir='ltr'><strong>exempla</strong></span> <span class='ocrx_word' id='word_1_784' title='bbox 3083 5076 3310 5156; x_wconf 81' lang='lat' dir='ltr'><strong>voluit,</strong></span> <span class='ocrx_word' id='word_1_785' title='bbox 3356 5089 3431 5141; x_wconf 89' lang='lat' dir='ltr'><strong>ut</strong></span> <span class='ocrx_word' id='word_1_786' title='bbox 3464 5074 3739 5158; x_wconf 88' lang='lat' dir='ltr'><strong>populus</strong></span> <span class='ocrx_word' id='word_1_787' title='bbox 3776 5076 4249 5141; x_wconf 89' lang='lat' dir='ltr'><strong>monimentum</strong></span> 
     </span>
     <span class='ocr_line' id='line_1_111' title="bbox 2316 5160 4247 5248; baseline -0.002 -17"><span class='ocrx_word' id='word_1_788' title='bbox 2316 5167 2613 5240; x_wconf 84' lang='lat' dir='ltr'><strong>haberet,</strong></span> <span class='ocrx_word' id='word_1_789' title='bbox 2660 5165 2728 5229; x_wconf 92' lang='lat' dir='ltr'><strong>in</strong></span> <span class='ocrx_word' id='word_1_790' title='bbox 2776 5165 2943 5248; x_wconf 92' lang='lat' dir='ltr'><strong>quod</strong></span> <span class='ocrx_word' id='word_1_791' title='bbox 2990 5175 3296 5245; x_wconf 88' lang='lat' dir='ltr'><strong>tanquam</strong></span> <span class='ocrx_word' id='word_1_792' title='bbox 3343 5162 3409 5226; x_wconf 89' lang='lat' dir='ltr'><strong>in</strong></span> <span class='ocrx_word' id='word_1_793' title='bbox 3452 5160 3783 5244; x_wconf 88' lang='lat' dir='ltr'><strong>speculum</strong></span> <span class='ocrx_word' id='word_1_794' title='bbox 3821 5161 4117 5238; x_wconf 85' lang='lat' dir='ltr'><strong>intuitus,</strong></span> <span class='ocrx_word' id='word_1_795' title='bbox 4163 5162 4247 5228; x_wconf 87' lang='lat' dir='ltr'><strong>ad</strong></span> 
     </span>
     <span class='ocr_line' id='line_1_112' title="bbox 2325 5245 4253 5331; baseline -0.002 -14"><span class='ocrx_word' id='word_1_796' title='bbox 2325 5250 2566 5317; x_wconf 85' lang='lat' dir='ltr'><strong>iudicia</strong></span> <span class='ocrx_word' id='word_1_797' title='bbox 2609 5250 2736 5316; x_wconf 91' lang='lat' dir='ltr'><strong>Dei</strong></span> <span class='ocrx_word' id='word_1_798' title='bbox 2775 5250 3060 5327; x_wconf 90' lang='lat' dir='ltr'><strong>horrere,</strong></span> <span class='ocrx_word' id='word_1_799' title='bbox 3104 5258 3171 5313; x_wconf 89' lang='lat' dir='ltr'><strong>et</strong></span> <span class='ocrx_word' id='word_1_800' title='bbox 3212 5248 3460 5313; x_wconf 87' lang='lat' dir='ltr'><strong>sincere</strong></span> <span class='ocrx_word' id='word_1_801' title='bbox 3504 5267 3577 5311; x_wconf 87' lang='lat' dir='ltr'><strong>ac</strong></span> <span class='ocrx_word' id='word_1_802' title='bbox 3621 5248 3764 5310; x_wconf 88' lang='lat' dir='ltr'><strong>sine</strong></span> <span class='ocrx_word' id='word_1_803' title='bbox 3805 5245 3954 5313; x_wconf 84' lang='lat' dir='ltr'><strong>fuco</strong></span> <span class='ocrx_word' id='word_1_804' title='bbox 3997 5247 4066 5312; x_wconf 91' lang='lat' dir='ltr'><strong>in</strong></span> <span class='ocrx_word' id='word_1_805' title='bbox 4102 5267 4253 5331; x_wconf 92' lang='lat' dir='ltr'><strong>pos-</strong></span> 
     </span>
     <span class='ocr_line' id='line_1_113' title="bbox 3738 5348 3841 5405; baseline 0.029 -3"><span class='ocrx_word' id='word_1_806' title='bbox 3738 5348 3841 5405; x_wconf 73' lang='grc' dir='ltr'><strong>18·ι</strong></span> 
     </span>
    </p>
   </div>
  </div>
 </body>
</html>
