5059 6059
269 343 382 409 441

305 551 450 597 uam
494 529 699 594 oleam
748 530 1068 595 virentem
1129 532 1199 596 in
1246 531 1370 596 Dei
1417 530 1606 596 domo
1665 530 1735 594 in
1787 540 2197 614 perpetuum.

363 614 473 680 vid
517 615 718 699 igitur
759 615 897 679 illic
942 637 1026 681 ex
1070 625 1256 701 parte
1280 616 1401 682 sibi
1446 615 1767 700 proponit,
1814 613 1981 699 quod
2007 634 2195 699 appa-

264 723 400 770 rere
443 702 729 765 nondum
775 711 1053 785 poterat.
1143 703 1325 768 Dicit
1367 703 1543 766 enim
1586 701 1733 765 Deo
1788 722 1910 766 sua
1959 700 2201 766 iudicia

260 791 325 856 in
371 788 556 870 Doeg
599 799 946 854 exercente
1003 788 1207 853 iustos
1251 789 1499 853 risuros
1548 797 1616 853 et
1659 785 1969 871 gaudium
2016 785 2198 851 habi-

261 887 460 941 turos:
506 872 696 955 quasi
733 871 922 950 dicat,
959 872 1180 937 Deum
1223 873 1378 938 lieet
1418 873 1636 956 impiis
1661 885 1725 937 et
1768 871 2058 955 profanis
2082 870 2202 935 ho·

257 958 534 1027 minibus
579 958 760 1023 laxet
818 957 900 1024 ad
952 966 1212 1043 tempus
1271 957 1593 1037 habenas,
1653 957 1914 1022 tandem
1977 969 2200 1022 tamen

257 1043 548 1112 omnibus
592 1044 809 1127 ipsum
856 1043 1332 1120 invocantibus,
1384 1057 1449 1108 et
1492 1046 1560 1108 in
1601 1045 1742 1127 ipso
1786 1063 1968 1126 spem
2015 1062 2202 1107 suam

255 1128 719 1214 reponentibus
761 1130 1167 1197 occasionem
1211 1130 1501 1195 laetitiae
1544 1129 1872 1204 daturum,
1921 1139 1988 1193 et
2010 1128 2203 1194 effec-

254 1227 466 1283 turum
514 1227 592 1279 ut
633 1236 668 1280 c
801 1224 1028 1281 oscant
1071 1236 1161 1295 se,
1193 1216 1346 1281 licet
1389 1236 1659 1281 suorum
1682 1215 2064 1299 patientiam
2089 1236 2202 1279 ex-

250 1302 473 1389 ploret,
517 1302 699 1367 noni
747 1321 824 1366 eo
853 1309 1075 1367 tamen
1121 1323 1231 1367 eos
1252 1301 1592 1367 abiecisse:
1638 1301 1753 1365 sed
1790 1300 1997 1366 variis
2019 1320 2205 1366 exer·

249 1408 389 1455 cere
431 1386 647 1452 modis
688 1395 766 1452 ut
799 1387 964 1452 fides
1009 1396 1075 1452 et
1119 1387 1434 1473 patientia
1468 1387 1763 1470 ipsorum
1799 1386 2200 1469 exploretur.

249 1472 495 1540 Idcirco
543 1472 769 1537 David
814 1471 972 1540 dicit
1014 1473 1317 1557 Doegum
1377 1474 1446 1537 in
1490 1471 1722 1556 primis
1766 1472 1832 1536 in
1880 1471 2024 1536 Deo
2068 1491 2202 1536 non

246 1579 573 1643 sperasse,
642 1568 721 1623 ut
773 1558 1175 1625 crudelitatis
1235 1569 1300 1623 et
1355 1558 1714 1642 impietatis
1784 1557 1992 1641 ipsius
2056 1557 2203 1622 sons

246 1655 574 1729 appareat,
636 1663 890 1728 nempe,
935 1643 1110 1728 quod
1155 1663 1369 1727 neque
1412 1643 1632 1728 fidem,
1683 1663 1896 1726 neque
1940 1642 2202 1726 religio·

244 1752 386 1796 nem
435 1728 694 1795 habuit.
775 1730 948 1795 Nam
1004 1750 1206 1813 quum
1252 1730 1377 1795 Dei
1437 1730 1639 1794 timor
1681 1729 1792 1812 qui
1847 1737 2044 1813 caput
2103 1735 2204 1793 est

244 1816 450 1882 omnis
495 1815 863 1898 sapientiae
887 1836 1017 1881 non
1053 1814 1304 1881 obtinet
1345 1815 1416 1879 in
1441 1813 1631 1880 nobis
1665 1814 1902 1893 locum,
1946 1821 2201 1879 certum

243 1913 338 1969 est
379 1922 507 1968 nos
552 1900 637 1967 ad
661 1921 857 1966 omne
900 1902 1143 1968 malum
1169 1901 1338 1966 laxis
1382 1901 1655 1967 habenis
1677 1901 1854 1966 ferri.
1945 1899 2202 1965 Deinde

240 1987 476 2066 adiicit,
536 1988 606 2052 in
676 1986 927 2052 divitiis
986 1989 1122 2053 suis
1158 1995 1226 2052 et
1267 1986 1622 2053 autoritate
1667 1986 2014 2070 gloriatum
2057 2005 2201 2051 esse

239 2073 567 2156 Doegum.
656 2074 748 2138 Et
802 2073 897 2137 ita
952 2072 1165 2138 solent
1208 2071 1524 2159 improbi,
1598 2092 1800 2155 quum
1851 2070 2201 2136 autoritate

236 2167 298 2224 et
341 2161 563 2243 gratia
608 2158 966 2243 plurimum
1028 2159 1269 2224 valent.
1361 2156 1542 2223 Nihil
1603 2178 1734 2222 non
1778 2162 1953 2222 enim
2002 2156 2201 2223 licere

235 2247 354 2313 sibi
446 2244 832 2325 emundent,
877 2255 942 2310 et
985 2244 1177 2327 quasi
1201 2245 1383 2310 Deus
1426 2244 1493 2308 in
1540 2242 1736 2310 coelis
1771 2263 1901 2308 non
1948 2242 2038 2308 sit
2080 2262 2202 2327 pro

236 2351 355 2401 sua
428 2328 680 2395 'bidine
738 2330 1120 2396 efferuntur.
1209 2329 1342 2396 Sed
1395 2329 1696 2394 cumulus
1752 2328 1910 2394 mali
1953 2328 2034 2394 ad
2090 2348 2198 2395 su·

230 2422 488 2503 periora
534 2416 760 2481 omnia
781 2415 1026 2494 incidit,
1070 2416 1237 2499 quod
1282 2414 1441 2481 dicit
1466 2413 1683 2480 David
1704 2414 2011 2498 Doegum
2055 2412 2198 2497 glo·

226 2509 472 2574 riatum
523 2523 669 2569 esse
712 2502 782 2567 in
826 2501 1097 2582 malitia,
1142 2509 1209 2566 et
1253 2499 1628 2566 roboratum
1673 2500 1874 2565 fuisse
1894 2501 1965 2564 in
2011 2501 2195 2566 vani-

225 2603 358 2660 tate
416 2609 565 2655 sua.
669 2587 1036 2656 Commune
1096 2607 1252 2652 vero
1304 2595 1407 2652 est
1463 2585 1637 2652 istud
1705 2585 2010 2651 omnibus
2069 2588 2194 2649 im-

223 2678 478 2766 probis,
525 2683 606 2742 ut
649 2674 847 2740 rebus
889 2671 1194 2739 secundis
1236 2672 1425 2752 elati,
1471 2682 1538 2739 et
1581 2670 1753 2737 bona
1808 2690 1928 2738 sua
1992 2691 2191 2754 quam

221 2774 468 2834 vocant
507 2761 787 2827 fortuna
832 2757 1159 2838 inebriati,
1203 2757 1369 2823 nihil
1415 2777 1549 2823 non
1572 2757 1697 2823 sibi
1738 2757 2189 2841 polliceantur,

223 2859 288 2919 et
327 2850 503 2917 nulli
526 2869 601 2915 se
647 2846 778 2931 legi
802 2844 1082 2928 amplius
1126 2843 1448 2911 subiectos
1491 2843 1917 2922 arbitrentur,
1963 2852 2029 2908 et
2048 2863 2187 2908 ma-

219 2939 460 3005 nifeste
507 2936 588 3002 in
632 2933 851 2997 Deum
895 2930 1348 2997 contumeliosi
1392 2930 1545 3008 sint,
1590 2937 1657 2995 et
1699 2950 1848 2995 eum
1893 2928 1975 2994 ad
2021 2930 2187 2994 iram

219 3024 395 3091 ultro
442 3026 841 3106 provocent:
886 3028 953 3081 et
995 3016 1208 3100 magis
1252 3036 1327 3081 ac
1371 3015 1581 3100 mag-is
1630 3015 2022 3080 indurentur
2062 3015 2189 3079 im-

217 3108 606 3196 punitatem
625 3103 752 3171 sibi
766 3102 1060 3168 omnium
1076 3101 1473 3188 flagitiorum
1491 3101 1891 3186 pollicentes,
1911 3120 2187 3183 quorum

219 3214 577 3279 nunquam
621 3190 945 3255 rationem
989 3188 1122 3254 sint
1162 3186 1502 3253 reddituri.
1589 3186 1776 3253 Haec
1810 3206 1966 3252 vero
2001 3186 2188 3252 nobis

213 3281 359 3349 ideo
417 3284 910 3364 proponuntur,
967 3282 1042 3339 ut
1084 3273 1300 3357 Doegi
1358 3272 1652 3357 exemplo
1710 3272 2032 3338 discamus
2073 3270 2190 3336 illa

210 3366 379 3435 vitia
425 3363 665 3430 omnia
688 3358 996 3427 detestari
1041 3367 1108 3424 et
1125 3359 1491 3424 abominari
1513 3367 1822 3442 tanquam
1847 3357 2189 3424 infestissi-

208 3473 390 3520 mam
433 3450 651 3517 luem.

385 3539 756 3606 Caeterum
800 3537 1072 3616 apparet
1111 3528 1390 3596 Davidis
1431 3529 1818 3608 constantia,
1882 3530 1990 3613 qui
2036 3529 2190 3596 licet

212 3625 578 3691 hominum
644 3618 953 3705 opinione
994 3615 1406 3682 miserrimus
1450 3623 1518 3681 et
1563 3615 2186 3692 calamitosissimus,

209 3721 286 3777 ut
328 3709 534 3777 nulla
595 3726 749 3792 spes
791 3712 961 3770 esset
1019 3701 1207 3767 illum
1252 3721 1542 3785 unquam
1601 3721 1682 3766 ex
1738 3702 1940 3767 tantis
1994 3701 2189 3766 malis

209 3814 661 3873 emersurum,
704 3797 928 3857 tamen
973 3789 1041 3853 in
1069 3788 1211 3853 Deo
1254 3807 1437 3872 spem
1479 3786 1838 3865 collocavit,
1882 3796 1951 3853 et
1972 3787 2043 3851 in
2084 3788 2186 3870 ip-

206 3885 346 3950 sius
393 3881 702 3949 bonitate
736 3874 1131 3959 conquievit.
1191 3874 1278 3939 Et
1323 3873 1568 3939 idcirco
1587 3894 1659 3939 se
1704 3872 1948 3938 olivam
1970 3873 2189 3938 viren-

209 3981 348 4034 tem
396 3969 473 4033 in
501 3964 636 4030 Dei
680 3962 873 4027 domo
898 3962 1036 4026 fore
1079 3958 1417 4044 gloriatur.
1464 3960 1556 4024 At
1594 3966 1815 4023 tamen
1840 3967 1998 4025 tunc
2020 3965 2185 4023 tem-

205 4056 395 4140 poris
443 4048 802 4119 exsulabat
843 4047 973 4113 Dei
1018 4045 1409 4123 sanctuario,
1452 4051 1519 4110 et
1561 4052 1637 4110 ut
1680 4051 1834 4110 ante
1875 4044 2186 4125 vidimus,

204 4142 278 4206 in
290 4150 560 4207 terram
578 4134 995 4220 peregrinam
1010 4153 1082 4198 se
1097 4130 1466 4197 contulerat
1481 4150 1499 4194 :
1529 4150 1764 4196 verum
1774 4138 2183 4213 praesentem

200 4246 401 4295 suam
428 4222 881 4291 conditionem
927 4238 1057 4284 non
1102 4216 1383 4282 intuitus
1424 4215 1646 4282 animo
1689 4214 1808 4281 sibi
1832 4215 2183 4299 repositam

201 4313 632 4386 felicitatem,
676 4327 717 4371 a
739 4326 868 4390 qua
890 4315 1031 4370 tum
1063 4301 1287 4386 procul
1311 4301 1554 4378 aberat,
1601 4301 2182 4385 contemplabatur.

205 4398 480 4466 Idcirco
525 4403 873 4480 postquam
914 4388 1082 4455 dixit
1124 4409 1195 4453 se
1215 4388 1348 4453 Dei
1390 4386 1749 4453 bonitatem
1779 4387 2182 4471 praestolari,

206 4485 376 4552 dicit
424 4500 586 4549 eam
644 4479 783 4544 fore
839 4477 906 4540 in
954 4483 1365 4560 perpetuum.
1475 4471 1952 4539 Verumtamen
2003 4473 2185 4540 illius

203 4581 377 4648 tum,
425 4565 788 4635 hominum
832 4560 1099 4638 iudicio,
1159 4558 1406 4625 favoris
1448 4579 1717 4626 sensum
1761 4559 2019 4625 nullum
2064 4558 2183 4624 ha·

199 4655 446 4735 bebat,
498 4672 703 4737 quum
760 4645 1050 4730 undique
1092 4652 1532 4731 premeretur,
1576 4653 1644 4710 et
1689 4643 1850 4711 Saul
1894 4644 2184 4729 undique

203 4749 535 4827 urgeret,
588 4747 664 4802 ut
721 4743 1033 4817 tanquam
1095 4732 1326 4797 mortis
1369 4752 1522 4797 reus
1579 4730 1660 4796 ab
1720 4731 2026 4797 omnibus
2070 4732 2184 4797 de-

200 4834 583 4897 sereretur.
630 4821 766 4889 Sed
795 4818 1226 4885 nihilominus
1252 4837 1323 4882 se
1365 4815 1478 4882 ille
1521 4824 1830 4899 tanquam
1860 4818 2183 4884 virentem

197 4915 466 4981 olivam
517 4917 833 4994 perpetuo
875 4907 1160 4971 fructum
1213 4913 1281 4971 et
1322 4901 1621 4988 vigorem
1656 4923 1846 4969 suum
1895 4903 2185 4970 retinen-

194 5011 342 5067 tem
394 4999 480 5065 in
508 4996 637 5061 Dei
680 4994 871 5058 domo
914 4991 1053 5057 fore
1097 4989 1437 5073 gloriatur.
1522 4987 1699 5069 Quid
1744 4987 1883 5053 ita?
1929 4989 2184 5074 Nempe

196 5088 540 5172 quoniam
583 5083 651 5146 in
675 5079 805 5145 Dei
825 5078 1125 5144 bonitate
1167 5095 1351 5159 spem
1395 5095 1583 5141 suam
1629 5074 1903 5158 reponit.
1962 5075 2184 5159 Atque

193 5194 327 5240 nos
373 5164 676 5236 Davidis
719 5163 1095 5247 exemplum
1142 5170 1399 5244 oportet
1455 5160 1736 5225 imitari:
1789 5167 1857 5225 et
1897 5163 2185 5228 maxime

192 5257 540 5344 quoniam
584 5252 781 5318 hodie
838 5249 1125 5316 mundus
1167 5246 1402 5332 plenus
1458 5255 1558 5311 est
1601 5245 1849 5330 Doegis
1903 5256 1971 5313 et
2014 5247 2181 5315 San-

1525 341 1627 408 IN
1673 342 1723 408 1.
1772 342 1954 407 LIB.
2001 339 2408 408 SAMUEL.
2452 341 2654 409 CAP.
2698 342 2972 410 XXIII.

4125 338 4258 406 442

2307 529 2501 606 libus,
2549 541 2617 597 et
2658 530 2888 597 multis
2932 531 3389 616 proditoribus,
3437 530 3549 614 qui
3594 528 3760 596 nihil
3803 530 3930 596 uisi
3975 529 4259 596 confusi·

2305 634 2498 681 onem
2558 616 2631 682 in
2691 617 3022 683 ecclesiam
3072 616 3199 682 Dei
3241 627 3561 683 conantur
3613 614 3947 682 invehere.
4036 615 4130 680 Et
4172 616 4260 680 is·

2306 701 2616 766 tiusmodi
2674 710 2893 786 pestes
2956 702 3364 786 potissimum
3424 702 3610 768 aulas
3652 701 4019 785 principum
4066 719 4260 767 occu-

2304 795 2500 870 pant,
2548 797 2614 851 et
2655 790 2960 870 quoniam
3008 788 3264 854 delitiae
3308 788 3432 855 sibi
3474 789 3686 853 facere
3730 786 3991 866 volunt,
4037 805 4259 850 rerum

2306 874 2600 937 omnium
2634 875 3078 939 confusionem
3102 873 3420 940 invehere
3443 881 3785 940 conantur.
3845 871 4032 953 Quae
4054 892 4258 955 quum

2304 956 2673 1036 intuemur,
2732 968 2799 1025 et
2840 959 2971 1024 Dei
3013 982 3175 1044 opus
3218 980 3541 1025 remoram
3633 958 3725 1023 ati
3767 957 4065 1035 videtur,
4120 957 4259 1023 Da·

2305 1042 2527 1109 videm
2561 1066 2680 1109 nos
2711 1043 2897 1112 decet
2921 1045 3198 1112 imitari:
3244 1057 3310 1109 et
3340 1065 3575 1128 quema
3624 1043 3887 1108 modum
3922 1044 3994 1107 in
4028 1041 4261 1110 mediis

2306 1129 2443 1195 suis
2503 1131 2970 1197 tentationibus
3026 1143 3090 1198 et
3152 1130 3613 1196 afflictionibus
3677 1149 3752 1194 ac
3812 1129 4088 1195 summis
4139 1149 4260 1194 an-

2306 1215 2542 1299 gustiis
2564 1215 2635 1280 in
2656 1215 2803 1281 Deo
2826 1237 3089 1301 sperare
3132 1237 3262 1283 non
3308 1217 3592 1282 destitit:
3638 1216 3920 1281 sciamus
3963 1225 4029 1280 et
4070 1215 4262 1280 firma

2305 1300 2434 1366 fide
2506 1321 2894 1386 persuasum
2955 1301 3316 1369 habeamus
3385 1322 3645 1367 omnem
3702 1299 3998 1366 arborem
4059 1320 4258 1383 quam

2305 1386 2492 1453 Deus
2551 1387 2913 1471 plantavit,
2977 1409 3318 1472 nunquam
3378 1386 3690 1453 radicitus
3748 1386 4259 1469 exstirpandam,

2305 1471 2420 1537 sed
2467 1491 2586 1536 suo
2640 1484 2932 1556 tempore
2987 1475 3183 1540 flores
3228 1484 3296 1538 et
3338 1473 3590 1538 fructus
3609 1522 3628 1554 ,
3686 1472 3915 1538 invitis
3956 1470 4262 1537 omnibus

2303 1556 2639 1641 improbis,
2697 1558 3184 1645 producturam.
3252 1558 3506 1625 Contra
3547 1578 3705 1625 vero
3748 1558 3987 1642 impios
4030 1567 4097 1622 et
4138 1557 4258 1621 fla-

2307 1643 2577 1729 gitiosos
2619 1642 2953 1724 homines,
3010 1648 3120 1729 qui
3159 1653 3316 1712 sunt
3356 1645 3571 1710 instar
3590 1642 3966 1728 putidarum
4013 1651 4081 1708 et
4123 1642 4259 1727 syl-

2304 1729 2624 1795 vestrium
2652 1731 2977 1812 arborum,
3023 1732 3347 1815 perituros
3370 1730 3528 1796 etin
3558 1730 3781 1814 iguem
3803 1727 4256 1804 conficiendos,

2305 1821 2379 1880 ut
2438 1814 2628 1880 docet
2685 1836 2806 1881 nos
2863 1817 3004 1900 ipse
3048 1816 3375 1883 Dominus
3436 1825 3660 1881 noster
3700 1814 3889 1880 Iesus
3930 1814 4259 1880 Christus.

2303 1901 2509 1983 Atqui
2541 1900 2817 1966 salutem
2855 1911 3152 1968 nostram
3188 1902 3430 1968 ecimus
3458 1901 3527 1966 in
3552 1900 3698 1966 Deo
3733 1899 4072 1966 fundatam
4095 1919 4258 1979 esse,

2303 1995 2372 2052 et
2413 1987 2622 2052 vitam
2661 1996 2952 2053 nostram
2989 2009 3118 2053 non
3165 2009 3308 2054 esse
3341 1988 3422 2053 ab
3460 1986 3853 2066 hominibus,
3899 2006 4019 2052 nec
4054 1985 4122 2049 in
4157 1985 4262 2068 ip-

2301 2092 2527 2139 sorum
2587 2082 2907 2156 potestate
2962 2075 3273 2158 positam:
3335 2072 3449 2139 sed
3496 2072 3716 2137 Deum
3783 2092 3901 2138 nos
3947 2092 4029 2135 ex
4068 2072 4258 2136 tnera

2301 2178 2425 2224 sua
2479 2156 2768 2224 bonitate
2813 2170 2877 2223 et
2936 2159 3327 2226 liberalitate
3367 2160 3656 2243 recipere
3698 2156 3768 2222 in
3813 2158 4127 2243 gratiam,
4191 2164 4260 2221 et

2301 2243 2383 2307 ad
2427 2262 2499 2311 ee
2542 2263 2781 2310 vocare
2824 2246 3117 2312 suaviter
3158 2266 3276 2330 per
3310 2243 3636 2329 evangelii
3672 2242 4254 2328 praedicationem:

2300 2340 2703 2415 quapropter
2767 2331 3071 2398 omnibus
3128 2331 3373 2417 Doegis
3444 2339 3511 2396 et
3568 2329 3881 2396 Saulibus
3947 2327 4256 2393 audacter

2299 2415 2711 2494 insultemus,
2759 2424 2827 2481 et
2868 2426 3187 2501 quotquot
3230 2417 3486 2484 suntin
3513 2413 3758 2480 mundo
3778 2413 3907 2478 Dei
3938 2413 4254 2490 hostibus,

2299 2511 2368 2565 et
2411 2502 2480 2565 in
2525 2511 2756 2568 nostra
2799 2504 3145 2570 vocatione
3188 2522 3543 2588 pergamus
3589 2501 3911 2579 alacriter,
3956 2499 4025 2564 in
4071 2497 4252 2564 omni

2300 2586 2675 2653 humilitate
2733 2596 2800 2653 et
2856 2588 3179 2673 patientia
3235 2589 3555 2672 tantisper
3596 2593 4051 2671 exspectantes
4095 2583 4254 2650 dum

2297 2672 2482 2738 Deus
2540 2675 2748 2739 nostri
2788 2676 3096 2742 misertus
3112 2726 3129 2754 ,
3187 2684 3335 2760 post
3379 2675 3667 2758 aliquam
3712 2670 4249 2756 explorationem,

2296 2778 2566 2823 manum
2613 2758 2802 2826 nobis
2845 2761 3157 2846 porrigat,
3202 2769 3269 2826 et
3311 2780 3383 2826 re
3422 2761 3565 2844 ipsa
3608 2767 3884 2824 testetur
3927 2777 3999 2822 se
4041 2755 4252 2822 nostri

2299 2864 2638 2928 nunquam
2703 2846 3003 2914 oblivisci
3020 2897 3036 2928 ,
3114 2847 3272 2913 licet
3339 2865 3534 2930 saepe
3597 2844 3826 2911 faciem
3892 2841 4253 2909 occultasse

2298 2929 2486 2996 visus
2529 2930 2637 3010 sit,
2674 2940 2741 2996 et
2783 2952 2905 3000 nos
2947 2932 3019 2998 in
3063 2953 3216 2999 eum
3248 2940 3491 2998 statum
3518 2928 3784 3011 redacti,
3830 2936 3906 2993 nt
3931 2936 4246 3010 tanquam

2296 3015 2525 3081 mundi
2572 3025 3012 3103 purgamenta
3053 3018 3431 3085 habeamur.

2463 3099 2610 3166 Iam
2656 3124 2811 3170 vero
2855 3105 3049 3189 agite,
3091 3109 3196 3173 etc.

2769 3504 3269 3587 HOMILIA
3331 3501 3759 3585 LXXXII·

3011 3647 3213 3715 OAP.
3260 3644 3533 3713 XXIII.

2462 3870 2521 3936 1.
2568 3869 2659 3935 Et
2732 3872 3277 3938 annunciaverunt
3348 3866 3606 3948 David,
3703 3867 4002 3934 dicantes:
4084 3865 4245 3932 Ecce

2290 3955 2644 4023 Platiae-‘im
3011 3962 3082 4023 nt
3158 3954 3428 4032 Geaam,
3525 3957 3587 4018 et
3652 3953 3975 4036 diripiunt
4040 3971 4243 4019 arcae.

2285 4044 2348 4109 2.
2383 4040 2799 4109 Gonsrdniter
2905 4041 3129 4111 David
3146 4040 3518 4120 Dominum,
3551 4038 3794 4106 dicens:
3818 4037 4247 4104 Nnmvadom

2286 4134 2344 4194 et
2375 4128 2730 4210 percutiam
2838 4126 3162 4194 haistaeos
3212 4125 3421 4192 istos?
3504 4123 3595 4189 Et
3646 4126 3741 4191 ait
3779 4124 4103 4190 Dominio-⁹
4154 4121 4245 4189 ad

2285 4213 2536 4281 David.-
2590 4212 2800 4297 Vade,
2845 4212 3249 4296 etpematies
3294 4209 3686 4288 Phaestum,
3729 4221 3786 4276 et
3831 4209 4066 4276 Geilam
4109 4207 4241 4274 eal-

2283 4298 2482 4365 vabis.
2589 4298 2651 4364 3.
2714 4297 2806 4364 Et
2857 4298 3154 4367 dixerunt
3207 4297 3339 4363 viri
3403 4298 3514 4380 qui
3570 4301 3752 4363 erant
3803 4315 3946 4361 cum
3994 4293 4238 4376 David,

2285 4386 2373 4452 ad
2404 4404 2577 4451 eum.-
2619 4383 2923 4452 Εοοεηοε
2963 4385 3064 4451 hic
3103 4382 3444 4450 inIndaea
3483 4383 3874 4450 consistentes
3916 4382 4242 4446 timemus-.-

2283 4476 2511 4554 quomo
2552 4472 2766 4554 myie
2798 4471 2861 4536 ei
2900 4471 3166 4537 ierimus
3204 4470 3279 4534 in
3318 4467 3555 4535 Geilam
3607 4468 3942 4532 adversm
3985 4466 4240 4550 affinina

2285 4555 2771 4623 Phili-stimma
2786 4556 2825 4621 Β
2958 4557 3020 4623 4.
3081 4555 3370 4622 Rursum
3438 4574 3579 4637 erqo
3644 4551 3865 4618 David
3935 4550 4240 4618 consuluit

2285 4643 2651 4709 Dominum.
2729 4643 2854 4724 Qui
2893 4643 3272 4726 respondens
3315 4642 3413 4706 ait
3452 4640 3545 4704 ei.-
3598 4636 3804 4723 Surqe
3856 4642 3912 4704 et
3962 4637 4118 4703 vade
4167 4637 4239 4701 in

2288 4727 2556 4807 Οοίῑαηι,
2596 4748 2703 4812 eye
2766 4729 2932 4793 enim
2985 4729 3240 4794 tradam
3299 4724 3679 4792 Phili-§taces
3739 4725 3809 4789 in
3866 4742 4064 4789 mann
4105 4727 4236 4787 ma.

2285 4814 2346 4881 5.
2404 4814 2590 4880 Abiit
2630 4834 2772 4897 erqo
2813 4813 3073 4895 David,
3118 4819 3176 4879 et
3215 4812 3347 4878 viri
3387 4811 3524 4876 ciue
3565 4811 3637 4875 in
3682 4807 3939 4889 ceilam,
3982 4814 4238 4892 εἰραφ-

2283 4901 2460 4967 navit
2501 4901 2835 4966 adversum
2879 4899 3289 4978 Phili-steens,
3346 4901 3403 4961 et
3444 4894 3643 4980 abeqit
3682 4895 3963 4961 iumenta
4005 4913 4236 4968 eorum,

2284 4991 2341 5052 et
2407 4987 2728 5069 percussit
2796 5005 2896 5052 eos
2973 5004 3209 5067 mayna
3255 4981 3489 5065 pzaya:
3566 4985 3623 5047 et
3689 4982 3959 5047 salvavit
4016 4978 4238 5044 David

2282 5071 2661 5137 habitatores
2706 5070 2929 5137 Geilae.
3028 5071 3086 5136 6.
3140 5068 3340 5133 Porro
3382 5086 3450 5133 eo
3490 5071 3755 5149 tempore
3794 5086 3919 5150 quo
3959 5064 4237 5150 fugiebat

2286 5157 2603 5224 Abiathar
2631 5157 2811 5238 filius
2844 5154 3234 5223 Achimelech
3267 5153 3355 5219 ad
3386 5152 3608 5220 David
3640 5154 3711 5218 in
3747 5152 4004 5230 Geilam,
4041 5150 4241 5234 ephod

2284 5264 2489 5313 secum
2532 5243 2766 5309 habens
2798 5243 3205 5310 descenderat.
