5059 6059
814 315 940 382 155

807 503 1133 590 plantavit
1175 501 1630 568 eradicabitur.
1719 498 1909 583 Quae
1967 499 2227 583 quidem
2288 502 2493 566 fateor
2553 498 2755 565 verba

809 590 1069 675 proprie
1104 588 1184 652 de
1220 588 1355 652 vita
1392 600 1661 652 aeterna
1702 599 1860 652 sunt
1902 585 2350 669 intelligenda,
2398 607 2630 668 nempe
2674 585 2754 650 ab

808 675 1084 742 ecclesia
1140 673 1524 739 reiiciendos
1582 673 1956 756 quicunque
2011 693 2141 737 non
2206 671 2453 737 fuerint
2494 672 2563 736 in
2609 672 2755 755 ipso

811 762 1100 827 Domino
1158 758 1465 823 radicati:
1529 757 1641 823 sed
1701 778 1870 841 quae
1929 770 2151 823 tamen
2208 759 2407 823 etiam
2465 757 2615 822 lieet
2677 757 2757 821 de

810 846 1152 930 quibusvis
1187 845 1600 928 temporariis
1635 842 1963 909 beneficiis
1998 864 2357 927 exponere.-
2400 854 2468 908 et
2510 844 2757 926 specia-

807 933 960 998 liter
1044 932 1124 996 ad
1195 931 1419 997 Saulis
1487 952 1558 994 re
1608 950 1764 994 num
1829 929 2338 996 accommodare.
2448 929 2755 1011 Regnum

809 1019 983 1084 enim
1032 1017 1254 1083 Saulis
1297 1015 1471 1099 quod
1516 951 1605 1081 a}
1641 1028 1902 1099 tempus
1946 1013 2134 1080 Deus
2177 1029 2395 1080 ratum
2438 1015 2592 1079 fecit
2635 1015 2758 1077 im·

809 1104 1112 1188 portunis
1165 1102 1386 1186 populi
1444 1099 1958 1185 flagitationibus
2011 1100 2399 1166 sollicitatus
2418 1151 2434 1179 ‚
2493 1113 2559 1164 et
2602 1120 2758 1182 quo·

811 1189 1158 1255 dammodo
1217 1190 1453 1263 vietus,
1513 1208 1645 1251 non
1701 1187 1822 1252 fuit
1863 1198 2089 1251 tamen
2135 1186 2538 1260 diuturnum,
2585 1184 2756 1267 quod

811 1295 946 1340 non
1010 1287 1181 1341 esset
1224 1275 1286 1339 le
1334 1275 1609 1353 ‘timum,
1668 1293 1882 1355 neque
1927 1270 2189 1337 divinae
2233 1271 2559 1337 voluntati
2603 1291 2758 1336 con-

811 1371 1221 1428 sentaneum.
1341 1358 1423 1425 ed
1468 1358 1656 1440 longe
1700 1357 1880 1424 aliud
1924 1359 2221 1422 futurum
2268 1367 2370 1424 est
2408 1357 2585 1423 istud
2626 1355 2761 1419 Da-

817 1447 992 1512 vidis
1037 1468 1334 1531 regnum,
1378 1444 1552 1528 quod
1597 1465 1728 1510 non
1774 1444 2167 1527 importunis
2206 1442 2430 1527 populi
2469 1441 2760 1522 vocibus,

814 1554 934 1599 sua
991 1531 1359 1598 conditione
1403 1552 1536 1596 non
1581 1531 1891 1604 contenti,
1953 1545 2028 1595 ut
2074 1527 2291 1596 Saulis
2332 1527 2498 1594 illud
2541 1540 2759 1594 extor-

814 1631 977 1693 tum,
1043 1638 1119 1683 ao
1176 1616 1448 1701 proinde
1514 1637 1642 1681 non
1712 1614 2128 1681 diuturnum:
2192 1615 2306 1679 sed
2372 1615 2634 1679 firmum
2695 1624 2764 1678 et

814 1704 1049 1770 stabile
1106 1703 1188 1769 ab
1246 1707 1390 1785 ipso
1434 1701 1720 1768 Domino
1778 1702 2221 1780 constitutum,
2280 1699 2360 1765 de
2405 1721 2535 1784 quo
2580 1699 2760 1763 dein-

814 1811 967 1874 ceps
1024 1789 1148 1855 hoc
1192 1803 1327 1853 toto
1371 1788 1536 1853 libro
1581 1800 1647 1852 et
1689 1787 2109 1870 sequentibus
2154 1787 2405 1863 longior
2449 1787 2573 1849 erit
2616 1805 2762 1850 nar·

815 1877 1003 1941 ratio.
1099 1875 1325 1958 Quare
1392 1875 1516 1939 hoe
1571 1873 1712 1938 loco
1770 1884 1871 1935 est
1928 1874 2335 1938 observanda
2393 1872 2763 1936 differentia

814 1964 988 2029 inter
1032 1982 1309 2046 regnum
1335 1959 1613 2026 Davidis
1657 1973 1721 2021 et
1765 1957 2016 2022 Saulis:
2059 1958 2229 2040 quod
2275 1957 2449 2022 istud
2483 1956 2764 2021 Davidis

815 2049 953 2114 solo
1009 2048 1142 2113 Dei
1199 2047 1459 2113 decreto
1517 2059 1584 2110 et·
1643 2044 1978 2109 voluntate
2032 2046 2122 2109 sit
2180 2056 2467 2108 erectum
2489 2093 2506 2124 ‚
2565 2042 2762 2107 nullis

818 2150 1042 2200 autem
1097 2132 1322 2217 populi
1374 2132 1640 2197 vocibus
1698 2130 2123 2212 importunis:
2183 2129 2295 2195 sed
2345 2130 2483 2194 Deo
2528 2141 2761 2211 sponte

818 2230 888 2286 et
950 2221 1125 2285 ultro
1193 2216 1515 2284 Davidem
1582 2231 1875 2293 vocante,
1942 2230 2008 2280 et
2072 2236 2293 2299 regem
2361 2213 2760 2283 designante.

823 2306 996 2371 Nam
1053 2303 1394 2389 oportebat
1445 2303 1699 2386 figurae
1758 2302 2111 2367 convenire
2165 2321 2314 2366 eum
2374 2304 2654 2366 veritate
2697 2310 2766 2364 et

821 2391 1049 2458 divina
1107 2392 1482 2455 voluntate:
1540 2400 1607 2453 et
1665 2401 1979 2470 tanquam
2037 2389 2106 2452 in
2163 2386 2430 2469 speculo
2473 2384 2762 2470 conspici

820 2477 1345 2548 conformitatem
1401 2473 1581 2538 illam
1640 2494 1865 2538 eorum
1931 2494 2096 2557 quae
2154 2473 2234 2537 de
2278 2472 2536 2537 Davide
2595 2471 2767 2538 dicta

824 2574 981 2629 sunt
1036 2583 1185 2628 cum
1244 2561 1326 2625 iis
1369 2580 1532 2642 quae
1574 2558 1647 2622 in
1691 2558 1976 2624 Domino
2018 2572 2240 2624 nostro
2280 2558 2430 2623 Iesu
2477 2557 2765 2639 Christo,

822 2661 892 2714 et
926 2650 995 2712 in
1040 2666 1246 2731 regno
1291 2647 1495 2729 ipsius
1537 2642 1620 2707 ad
1664 2659 1958 2709 nostram
2003 2646 2281 2710 salutem
2325 2653 2563 2718 erecto,
2609 2656 2769 2709 sunt

825 2734 1115 2817 impleta.
1201 2732 1372 2798 Nam
1433 2731 1487 2796 si
1546 2729 1845 2794 homines
1889 2730 2014 2796 Dei
2072 2730 2416 2795 consilium
2461 2751 2766 2814 praever-

760 2857 766 2864 ·
822 2822 1081 2900 timent,
1140 2832 1207 2883 et
1264 2827 1690 2902 agnoscentes
1744 2829 2062 2898 quantum
2122 2814 2249 2880 Dei
2309 2816 2552 2882 auxilio
2596 2815 2767 2880 indi-

823 2918 1071 2991 gerent,
1140 2926 1290 2971 eum
1355 2902 1608 2986 precati
1670 2913 1909 2979 essent,
1974 2919 2049 2967 ut
2115 2902 2240 2968 hac
2302 2904 2553 2968 ratione
2607 2902 2769 2985 ipsis

821 3002 1232 3060 succurreret
1248 3041 1262 3065 ,
1316 2987 1687 3055 dicerentur
1743 2988 1946 3054 fuisse
2005 3000 2265 3054 nostrae
2324 2988 2557 3053 salutis
2613 3007 2768 3053 auc-

826 3090 1015 3158 tores,
1060 3099 1136 3145 ae
1179 3075 1448 3161 proinde
1494 3095 1626 3139 non
1669 3094 1709 3138 a
1751 3094 1934 3138 mera
1976 3089 2044 3139 et
2085 3073 2376 3158 gratuita
2411 3073 2542 3139 Dei
2585 3073 2768 3139 boni-

823 3174 959 3231 tate
1022 3174 1283 3230 tantum
1352 3162 1594 3226 bonum
1660 3179 2069 3241 promanare.
2172 3160 2422 3225 Verum
2482 3161 2771 3244 oportuit

824 3250 1156 3317 decretum
1201 3247 1334 3313 Dei
1377 3244 1646 3312 tandem
1690 3264 1810 3310 suo
1854 3258 2145 3328 tempore
2189 3245 2483 3327 impleri:
2543 3265 2769 3328 quem-

827 3334 1176 3402 admodum
1210 3333 1504 3400 etIsalas
1540 3330 1623 3395 de
1656 3331 1935 3396 veritate
1968 3331 2218 3415 figurae
2260 3330 2455 3396 istius
2498 3329 2771 3414 loquens

827 3424 949 3488 ait:
1024 3420 1245 3486 Deum
1305 3418 1721 3500 undiquaque
1777 3418 2345 3499 circumspexisse,
2403 3427 2472 3481 et
2529 3415 2770 3481 vidisse

829 3507 1090 3572 nullum
1133 3526 1274 3571 esse
1317 3505 1556 3580 virum,
1618 3514 1688 3568 et
1728 3502 2140 3585 obstupuisse
2186 3502 2436 3567 nullum
2483 3523 2627 3567 esse
2668 3501 2771 3566 in-

830 3605 1303 3658 terventorem:
1363 3590 1583 3672 itaque
1636 3587 1916 3653 salutem
1973 3587 2271 3653 attulisse
2326 3588 2388 3652 ei
2433 3587 2771 3654 brachium

829 3677 853 3743 i
900 3677 1076 3743 sius:
1139 3688 1205 3742 et
1260 3677 1581 3742 iustitiam
1635 3674 1863 3758 ipsius,
1922 3672 2092 3741 hanc
2148 3673 2476 3740 fulcivisse
2534 3677 2771 3756 ipsum.

832 3699 1091 3844 §suibus
1150 3763 1365 3828 verbis
1420 3761 1861 3838 demonstrat,
1934 3758 2242 3827 ecclesiae
2299 3760 2577 3825 salutem
2638 3779 2771 3824 non

833 3869 977 3914 esse
1046 3849 1406 3932 quaesitam
1480 3846 1766 3911 humana
1834 3843 2187 3928 prudentia
2262 3845 2362 3911 vel
2416 3845 2771 3909 industria:

833 3955 1045 4016 neque
1088 3954 1278 4014 posse
1316 3932 1618 3997 homines
1651 3931 1780 3996 Dei
1822 3930 2167 3997 consilium
2213 3934 2611 4014 praevenire,
2657 3943 2775 3996 aut

830 4020 993 4104 ipsis
1053 4018 1213 4083 bene
1271 4016 1546 4084 faciendi
1604 4016 1713 4082 vel
1755 4017 2036 4082 salutem
2076 4015 2450 4082 conferendi
2492 4019 2772 4083 occasio-

833 4127 985 4172 nem
1042 4104 1232 4170 dare:
1309 4102 1421 4168 sed
1469 4100 1688 4167 Deum
1747 4124 1816 4168 se
1875 4101 2138 4168 brachio
2181 4123 2300 4168 suo
2344 4117 2651 4183 armasse,
2709 4117 2775 4167 et

833 4191 1084 4257 iustitia
1147 4188 1506 4255 fulcivisse:
1572 4186 1639 4250 id
1705 4203 1825 4270 est,
1885 4209 2017 4252 non
2075 4198 2266 4254 extra
2320 4209 2391 4252 se
2450 4189 2772 4253 rationem

833 4278 1064 4345 salutis
1130 4290 1393 4341 nostrae
1456 4271 1888 4355 quaesivisse,
1966 4294 2177 4356 neque
2242 4294 2405 4355 opus
2467 4272 2775 4340 habuisse

832 4361 1100 4429 aliunde
1143 4361 1466 4427 auxilium
1511 4358 1818 4424 mutuari.

1004 4447 1190 4514 Haec
1243 4448 1461 4528 itaque
1507 4460 1667 4510 sunt
1707 4445 1891 4510 nobis
1933 4445 2338 4511 observanda
2370 4446 2439 4510 in
2484 4445 2611 4510 ista
2654 4443 2776 4510 Sa·

831 4534 1069 4600 muelis
1143 4532 1541 4616 profectione
1608 4531 1694 4593 ad
1761 4529 2082 4597 Davidem
2144 4530 2523 4615 ungendum
2543 4580 2558 4610 ,
2635 4532 2777 4596 sine

833 4621 971 4687 ulla
1000 4631 1218 4685 tamen
1254 4618 1597 4683 hominum
1634 4614 2118 4682 intercessione.
2186 4618 2285 4681 Ac
2329 4637 2486 4683 sane
2525 4627 2776 4682 certum

834 4719 955 4786 est,
999 4704 1246 4772 centies
1281 4704 1518 4769 millies
1554 4705 1919 4784 periturum
1957 4703 2153 4768 fuisse
2188 4702 2525 4779 mundum,
2564 4704 2779 4785 potius

834 4813 1031 4875 qnam
1090 4792 1340 4856 malum
1396 4788 1568 4873 quod
1616 4790 1972 4871 irrepserat
2012 4789 2460 4872 corrigeretur.
2553 4787 2779 4871 Neque

836 4878 1016 4943 enim
1074 4890 1215 4942 tum
1270 4876 1447 4942 ullus
1507 4875 1862 4960 apparebat
1923 4874 2165 4958 gloriae
2222 4889 2288 4938 et
2338 4874 2607 4939 honoris
2649 4874 2779 4939 Dei

837 4976 977 5028 tam
1043 4962 1393 5040 studiosus,
1458 4978 1523 5027 et
1580 4961 1813 5026 salutis
1870 4958 2174 5026 ecclesiae
2232 4979 2428 5043 quam
2487 4957 2778 5026 Samuel.

838 5045 976 5116 Sed
1034 5070 1121 5113 an
1181 5046 1447 5114 Samuel
1505 5047 1858 5132 quaerebat
1914 5046 2200 5128 aliquam
2259 5045 2595 5125 rationem,
2654 5067 2782 5128 qua

840 5133 1025 5199 Deus
1101 5133 1356 5200 sublato
1435 5155 1639 5217 pravo
1717 5155 1921 5217 regno
2008 5132 2217 5214 magis
2303 5130 2778 5196 honoraretur?

834 5217 1024 5301 Quin
1081 5234 1310 5286 contra
1362 5222 1579 5304 potius
1622 5219 1751 5284 Dei
1806 5218 2077 5284 consilio
2136 5217 2437 5283 resistere
2495 5217 2777 5283 videtur.

2449 310 2865 377 HOMILIA
2914 309 3128 376 LVII.
4638 315 4729 379 156

2860 499 3040 581 Quid
3117 500 3296 566 istud
3361 514 3492 580 est,
3571 513 3708 565 tam
3774 500 4197 583 conspicuum
4262 502 4434 566 inter
4498 502 4738 568 homines

2860 585 3063 667 sidus,
3124 601 3253 652 tam
3313 587 3742 651 excellentem
3806 585 4213 670 prophetam,
4263 588 4373 668 qui
4417 589 4600 651 etiam
4636 587 4740 654 Do·

2862 673 3025 737 mini
3084 674 3288 738 nostri
3346 671 3499 738 Iesu
3545 671 3799 738 Christi
3851 693 4190 754 personam
4254 675 4743 757 repraesentabat,

2862 759 3141 823 salutem
3179 757 3402 842 populi
3436 778 3633 840 quam
3680 778 3798 840 pro
3843 758 4091 825 viribus
4132 778 4485 842 procurare
4523 758 4743 826 debebat

2862 859 2931 909 et
2966 865 3365 926 promovere,
3408 845 3624 928 potius
3662 843 4014 920 retardare,
4060 854 4129 909 et
4161 844 4621 927 quodammodo
4654 847 4746 911 im·

2864 930 3103 1013 pedire,
3161 952 3243 995 ne
3289 928 3474 994 Deus
3531 928 3755 1014 populi
3812 929 3919 995 sui
3959 928 4208 997 vindex
4248 945 4317 994 et
4360 947 4628 995 assertor
4662 952 4747 1014 ap-

2865 1015 3133 1099 pareat?
3178 1016 3411 1098 Neque
3436 1036 3591 1080 vero
3628 1014 3956 1081 destinata
3988 1013 4240 1081 malitia
4274 1029 4341 1080 et
4372 1021 4750 1096 contumacis,

2865 1100 2976 1166 sed
3039 1102 3174 1167 zelo
3229 1102 3708 1166 inconsiderato
3745 1101 3812 1166 id
3856 1101 4033 1169 facit.
4120 1102 4213 1167 Et
4254 1116 4473 1167 tamen
4516 1105 4570 1167 si
4611 1104 4752 1170 Deus

2868 1185 3194 1254 Samuelis
3231 1187 3726 1253 lamentationes
3760 1197 3828 1253 et
3863 1189 4145 1270 gemitus
4179 1188 4563 1262 admisisset,
4593 1189 4754 1255 eecle-

2866 1276 3001 1339 siae
3037 1274 3214 1339 salus
3260 1285 3587 1355 prostrata
3630 1275 3955 1339 iacuisset.
4021 1273 4132 1339 An
4175 1294 4309 1337 non
4354 1273 4557 1358 igitur
4594 1294 4754 1355 quum

2868 1380 2984 1442 pro
3042 1360 3255 1424 salute
3297 1357 3523 1423 mundi
3569 1358 3997 1442 procuranda,
4058 1357 4327 1426 Samuel
4372 1359 4552 1424 illam
4596 1360 4756 1445 impe·

2869 1445 3056 1520 diret,
3121 1445 3335 1510 Deum
3405 1447 3697 1526 oportuit
3760 1444 3973 1510 solum
4034 1448 4289 1529 operari
4344 1461 4411 1510 et
4471 1446 4756 1512 brachium

2868 1552 3063 1597 suum
3141 1530 3223 1595 ad
3305 1529 3482 1594 illam
3562 1530 4074 1613 promovendam
4157 1531 4508 1598 exserere?
4616 1530 4756 1612 Qus-

2870 1630 3137 1699 propter
3171 1637 3621 1699 agnoscamus,
3666 1616 4171 1699 quotiescunque
4205 1616 4287 1681 de
4331 1631 4555 1683 nostra
4594 1618 4759 1685 salute

2870 1705 3248 1785 cogitamus,
3289 1700 3503 1767 Deum
3528 1724 3659 1767 non
3685 1700 3766 1767 ab
3803 1701 4179 1768 hominibus
4213 1701 4553 1768 incitatum
4585 1701 4760 1782 fuisse,

2869 1787 2951 1853 ad
3042 1788 3517 1869 procurandam
3607 1788 3766 1869 ipsis
3831 1788 4144 1853 salutem:
4225 1808 4443 1871 neque
4517 1790 4583 1854 in
4640 1790 4761 1873 ipsis

2868 1874 3075 1939 ullam
3136 1874 3465 1939 invenisse
3522 1874 3865 1937 materiam
3922 1885 4041 1939 aut
4098 1876 4502 1941 occasionem
4560 1896 4672 1956 qua
4702 1877 4764 1941 ul

2868 1958 3376 2025 misericordiam
3413 1960 3810 2025 flecteretur:
3856 1960 3971 2024 sed
4006 1981 4092 2024 ex
4133 1979 4315 2025 mera
4359 1981 4486 2026 sna
4526 1961 4765 2026 bonitate

2869 2044 3206 2111 brachium
3273 2066 3466 2110 suum
3532 2046 3913 2122 armavisse,
3977 2061 4047 2110 et
4099 2045 4351 2111 iustitia
4404 2067 4526 2110 sua
4576 2047 4767 2111 fultum

2868 2131 3089 2197 fuisse.
3179 2129 3532 2198 Caeterum
3593 2132 3649 2196 si
3708 2130 3788 2196 de
3849 2130 3973 2197 hae
4028 2129 4308 2196 Davidis
4367 2132 4663 2198 unctione
4706 2154 4768 2197 ex

2868 2217 3084 2301 specie
3127 2228 3401 2283 externa
3444 2215 3755 2282 iudicium
3798 2217 3935 2300 fiat,
3994 2231 4183 2283 tanta
4224 2217 4577 2284 infirmitas
4613 2218 4769 2283 huius

2870 2304 3085 2385 operis
3136 2303 3491 2386 apparebit,
3552 2317 3626 2368 ut
3669 2324 3901 2369 sensus
3945 2315 4011 2368 et
4053 2303 4221 2368 ratio
4265 2303 4559 2369 humana
4599 2325 4767 2387 nugas

2869 2390 3086 2473 potius
3139 2400 3206 2453 et
3263 2387 3586 2454 ludicrum
3649 2389 3866 2454 nescio
3922 2388 4076 2470 quid
4134 2409 4278 2455 esse
4327 2387 4640 2473 quidquid
4687 2391 4764 2456 hie

2871 2480 3116 2541 factum
3174 2488 3275 2539 est
3292 2523 3309 2554 ‚
3365 2494 3559 2557 quam
3614 2495 3752 2539 rem
3813 2475 4051 2540 seriam
4110 2472 4304 2539 dicat.
4393 2473 4580 2541 Deus
4629 2477 4765 2539 enim

2870 2583 3062 2626 snum
3123 2559 3504 2643 prophetam
3563 2560 3765 2624 mittit
3820 2559 3902 2625 ad
3946 2560 4175 2626 rustici
4215 2561 4542 2645 agricolae
4580 2561 4769 2638 filium,

2871 2648 3173 2712 invenem
3254 2643 3472 2710 adhuc
3535 2659 3603 2710 et
3666 2647 4035 2727 opilionem.
4142 2644 4277 2711 Sed
4343 2646 4456 2712 ubi
4524 2645 4766 2730 reperit?

2872 2731 3053 2799 Sane
3097 2753 3230 2796 non
3275 2732 3342 2795 in
3389 2729 3646 2813 palatio,
3704 2751 3914 2815 neque
3958 2732 4176 2815 aliqua
4216 2733 4400 2816 regia
4446 2732 4648 2813 domo,
4682 2730 4769 2797 sed

2872 2820 2943 2884 in
2978 2816 3272 2894 stabulis,
3318 2816 3861 2899 quemadmodum
3908 2817 4226 2901 propheta
4267 2819 4452 2883 canit
4472 2819 4639 2885 Psal.
4679 2818 4767 2883 78:

2873 2904 3102 2986 Elegit
3163 2900 3488 2968 Davidem
3555 2923 3820 2968 servum
3886 2924 4101 2980 suum,
4167 2916 4235 2968 et
4300 2904 4463 2970 tulit
4525 2925 4665 2970 eum
4711 2901 4769 2968 (le

2872 2990 3074 3073 septis
3108 2990 3345 3054 ovium.
3411 2987 3661 3053 Verum
3705 3001 3927 3054 tamen
3952 2987 4135 3054 Deus
4177 3001 4389 3055 ratam
4435 2990 4768 3057 electionem

2874 3077 3044 3142 fecit.
3111 3073 3243 3141 Sed
3289 3074 3507 3139 iussus
3537 3075 3809 3140 Samuel
3850 3088 4203 3157 repentene
4245 3075 4628 3142 mandatum
4663 3076 4768 3142 Do-

2876 3162 3039 3227 mini
3074 3159 3502 3242 exsequitur?
3568 3160 3712 3226 Nae
3755 3161 3879 3226 sibi
3924 3162 4157 3226 metuit
4199 3180 4240 3226 a
4264 3158 4492 3243 Saule,
4533 3177 4599 3228 et
4631 3181 4769 3226 vere·

2875 3260 2984 3313 tur
3020 3269 3102 3312 ne
3136 3247 3191 3312 si
3238 3245 3321 3309 ad
3358 3246 3572 3327 ipsum
3617 3267 3725 3311 res
3765 3246 3893 3312 ista
3934 3248 4326 3330 pervenerit,
4374 3249 4504 3329 ipsi
4542 3261 4767 3312 mortem

2874 3332 3134 3399 inferat.
3244 3330 3580 3414 Numquid
3655 3331 3832 3396 enim
3911 3344 4056 3397 erat
4133 3333 4491 3399 verisimile
4554 3331 4768 3401 Saulem

2875 3419 3122 3503 pacatis
3163 3416 3357 3483 rebus
3392 3415 3740 3500 tranquille
3773 3418 4206 3501 imperantem
4242 3419 4552 3498 subditis,
4584 3421 4632 3483 si
4662 3419 4770 3500 quie

2877 3504 3153 3569 nuncius
3189 3503 3272 3568 ad
3306 3504 3524 3585 ipsum
3561 3501 3924 3568 deferretur
3960 3503 4040 3566 de
4075 3503 4206 3568 alio
4241 3515 4444 3570 uncto
4487 3508 4556 3571 in

2878 3612 2919 3655 a
2961 3588 3272 3656 Samuele
3315 3590 3531 3671 ipsum
3575 3588 3658 3655 ad
3704 3609 3929 3654 necem
3972 3590 4471 3671 quaesiturum?
4562 3587 4771 3654 Deinde

2877 3698 2962 3741 an
3013 3673 3229 3740 David
3293 3675 3566 3757 ungitur
3609 3673 3830 3738 statim
3875 3674 4373 3759 inaugurandus
4419 3689 4491 3741 et
4530 3676 4771 3741 domin·-

2877 3759 3112 3827 turus?
3215 3759 3492 3825 Minime
3547 3760 3873 3843 gentium:
3927 3758 4043 3826 sed
4083 3760 4212 3826 ista
4252 3762 4483 3828 omnia
4525 3759 4769 3828 dmdes·

2879 3849 3034 3912 tinis
3090 3845 3376 3912 consiliis
3431 3859 3770 3929 geruntur,
3831 3856 3907 3910 ut
3958 3845 4124 3910 nihil
4183 3866 4414 3914 eorum
4472 3847 4555 3915 ad
4602 3846 4769 3912 cuins·

2877 3952 3071 4015 quam
3111 3952 3304 3997 aures
3340 3933 3697 4014 perveniat,
3741 3931 3856 3996 sed
3890 3933 4065 3997 intra
4097 3933 4394 4015 privatos
4436 3933 4562 4000 Isai
4603 3932 4768 4016 parie-

2881 4031 2980 4083 tes
3044 4018 3521 4083 contineantur.
3621 4014 3865 4096 Quare,
3929 4030 4007 4082 ut
4065 4016 4222 4097 dixi,
4289 4017 4543 4085 ludicra
4596 4015 4769 4083 omnin

2880 4107 3006 4169 ista
3048 4125 3190 4169 esse
3233 4103 3543 4167 videntur
3584 4115 3652 4167 et
3694 4102 3887 4184 plane
3932 4103 4224 4168 ridicula.
4312 4103 4515 4182 Sane,
4559 4106 4610 4168 si
4648 4104 4767 4167 haee

2879 4191 3069 4254 initia
3113 4202 3373 4253 tantum
3418 4202 3814 4271 spectentur.
3872 4185 4003 4255 Sed
4048 4189 4143 4253 ita
4184 4190 4349 4254 solet
4396 4190 4580 4256 Deus
4616 4205 4765 4272 open

2879 4296 2997 4341 sua
3032 4276 3361 4359 perficere,
3403 4288 3478 4339 ut
3512 4273 3664 4337 licet
3698 4276 3908 4357 prima
3942 4276 4155 4339 fronte
4191 4275 4360 4339 nihil
4395 4275 4765 4361 magnificum

2881 4383 3090 4444 neque
3136 4381 3446 4443 magnum
3492 4380 3647 4441 prae
3689 4380 3758 4423 se
3805 4360 4053 4425 ferant:
4113 4371 4336 4426 tamen
4379 4363 4488 4427 vel
4528 4362 4633 4426 illa
4665 4355 4765 4424 solt

2883 4470 3030 4524 vox,
3063 4446 3193 4510 Dei
3227 4444 3735 4511 imbecillitatem
3782 4466 3922 4510 esse
3966 4448 4267 4510 omnibus
4310 4446 4615 4512 humanis
4650 4442 4763 4512 vin‘·

2882 4534 3001 4599 bus
3036 4533 3229 4616 longe
3271 4531 3691 4614 superiorem,
3735 4532 3893 4597 satis
3937 4532 4227 4597 declarat
4246 4530 4466 4597 Deum
4509 4553 4620 4599 sua
4652 4550 4761 4596 eon·

2881 4620 3028 4686 eilia
3075 4617 3159 4683 ad
3202 4618 3453 4682 felicem
3500 4627 3569 4680 et
3610 4627 3909 4700 optatum
3954 4621 4200 4682 exitum
4246 4639 4507 4702 semper
4547 4616 4760 4702 perduc·

2882 4721 3125 4770 turum.
3203 4703 3308 4767 Ita
3352 4702 3600 4767 Paulus
3643 4702 3724 4766 de
3768 4702 4074 4769 ecclesiae
4115 4702 4492 4769 conditione
4532 4703 4759 4784 loquens,

2884 4793 2994 4866 ait,
3032 4791 3244 4855 Deum
3266 4787 3541 4871 elegisse
3561 4787 3914 4854 imbecillia
3933 4787 4162 4853 mundi
4195 4788 4412 4868 huius,
4452 4801 4526 4854 ut
4555 4803 4757 4854 omnem

2883 4875 3293 4942 altitudinem
3338 4871 3802 4940 confunderet:
3861 4895 4027 4956 quae
4071 4874 4225 4939 alibi
4267 4896 4387 4941 suo
4432 4875 4565 4942 loco
4602 4872 4759 4938 fusim

2884 4981 3381 5045 persequemur:
3450 4957 3565 5024 sed
3622 4980 3897 5043 quorum
3956 4976 4178 5026 tamen
4230 4959 4340 5026 hie
4400 4959 4578 5030 nobis
4622 4959 4757 5024 lucu·

2884 5048 3133 5112 lentum
3191 5045 3563 5128 exemplum
3623 5065 3739 5126 pro
3785 5045 4025 5123 onitur‚
4083 5046 4152 5110 in
4210 5045 4336 5112 hoc
4379 5061 4511 5112 toto
4551 5041 4757 5134 negoti?

2883 5132 3219 5199 electionis
3262 5145 3330 5196 et
3374 5132 3699 5197 unct-ionis
3811 5129 4023 5197 avidis
4065 5132 4133 5196 in
4178 5153 4421 5217 regem,
4467 5132 4542 5197 de
4579 5148 4687 5214 qus
4712 5143 4755 5219 εξ

2883 5241 2965 5285 ex
3000 5216 3376 5302 primordiis
3409 5215 3725 5284 iudicium
3768 5218 3904 5298 fiat,
3945 5216 4410 5301 impedimento
4452 5218 4630 5284 fuisse
4660 5213 4753 5295 ip&
