5059 6059
291 278 409 343 485

287 465 444 533 oculi
498 464 644 529 mei.
727 462 956 545 Neque
1014 459 1346 530 ambulavi
1407 462 1475 526 in
1535 483 1601 526 m
1689 462 1824 528 nis:
1884 481 2096 545 neque
2141 461 2212 527 in

283 548 672 617 mirabilibus
730 568 931 631 super
989 569 1114 613 me.
1203 545 1462 628 Quibus
1520 568 1640 612 ver
1685 548 1742 613 is
1801 555 2082 614 testatur
2139 568 2210 613 se

283 657 394 704 sua
433 634 799 703 conditione
844 643 911 698 et
953 633 1081 698 sibi
1126 633 1318 699 factis
1360 631 1898 715 promissionibus
1940 642 2210 699 conten-

285 733 447 799 tum,
512 719 680 785 nihil
745 739 979 786 ausum
1044 740 1188 785 esse
1251 739 1464 801 neque
1535 718 1818 785 voluisse
1880 719 2210 801 suscipere

282 819 530 892 praeter
577 805 703 870 Dei
747 805 1166 870 mandatum:
1209 804 1325 870 sed
1365 805 1612 869 factum
1656 824 1800 872 esse
1840 806 2009 871 sicut
2050 824 2210 887 pue·

281 914 417 958 rum
455 890 646 957 modo
679 890 762 956 ab
805 889 1115 957 uber-ibus
1155 890 1384 956 matris
1427 889 1802 972 depulsum:
1847 901 1913 955 et
1954 910 2097 956 sese
2139 890 2208 955 in

278 999 350 1044 ea
401 976 804 1044 continuisse
861 976 1204 1059 modestia,
1265 985 1343 1040 ut
1382 974 1553 1040 nihil
1596 974 1772 1041 ultra
1814 975 2209 1059 patefactam

277 1063 395 1131 sibi
457 1063 584 1130 Dei
659 1061 1069 1130 voluntatem
1137 1059 1408 1146 aggredi
1473 1060 1770 1128 voluerit.
1881 1058 2206 1127 Davidem

271 1151 465 1235 igitur
481 1148 616 1214 ista
636 1147 1051 1214 retinuerunt
1073 1167 1157 1212 ne
1185 1149 1256 1212 in
1283 1146 1556 1213 Saulem
1592 1146 1834 1214 faceret
1867 1147 2207 1230 impetum,

272 1234 390 1302 etsi
446 1234 694 1301 multae
751 1234 1078 1317 speciosae
1120 1233 1411 1299 rationes
1453 1232 1640 1298 illum
1686 1231 2080 1299 videbantur
2123 1231 2206 1298 ad

271 1320 673 1388 contrarium
728 1320 1073 1385 cohortari.
1161 1317 1334 1385 Nam
1391 1339 1520 1383 non
1567 1331 1877 1402 tanquam
1920 1317 2208 1385 latrones

269 1423 376 1471 aut
431 1406 655 1472 sicarii
717 1405 960 1470 milites
1016 1405 1221 1489 ipsius
1264 1403 1480 1488 ipsum
1525 1403 2044 1488 alloquebantur,
2088 1403 2205 1470 sed

266 1491 573 1575 speciosis
650 1492 1012 1556 rationibus
1096 1490 1446 1556 veritatem
1535 1492 1707 1555 tueri
1795 1489 2207 1569 videbantur,

262 1598 457 1660 quum
496 1598 537 1642 a
560 1574 851 1642 Domino
875 1575 1145 1642 Saulem
1190 1576 1263 1641 in
1285 1575 1565 1642 Davidis
1608 1596 1843 1642 manus
1887 1574 2202 1641 traditum

260 1663 569 1746 dicerent,
625 1675 693 1729 et
737 1684 807 1728 re
864 1661 1008 1744 ipsa
1051 1660 1269 1728 Deum
1314 1662 1529 1744 palam
1572 1660 1786 1729 facere
1830 1661 2107 1728 electum
2166 1683 2206 1726 a

258 1770 324 1815 se
374 1746 708 1815 Davidem
766 1747 848 1812 ad
906 1750 1153 1831 regiam
1211 1745 1598 1831 dignitatem
1654 1749 1890 1814 vocari.
1979 1745 2204 1828 Quare

259 1855 456 1918 quum
493 1836 571 1898 in
606 1833 895 1900 medium
932 1833 1219 1899 afferunt
1240 1832 1372 1899 Dei
1412 1833 1848 1912 autoritatem,
1895 1831 2204 1898 eandem-

257 1942 381 2003 que
442 1919 694 2003 duplici
745 1920 979 1986 fultam
1038 1919 1446 1996 testimonio,
1506 1919 1707 1985 verbo
1764 1919 2080 1983 nimirum
2140 1935 2206 1983 et

256 2006 440 2089 signo
495 2006 915 2085 confirmant,
974 2005 1176 2071 verbo
1229 2004 1501 2087 inquam
1549 2004 1816 2070 Domini
1874 2023 1992 2086 per
2049 2024 2203 2088 pro·

253 2091 522 2174 phetam
588 2090 938 2173 praedicto,
995 2101 1064 2156 et
1104 2090 1314 2174 signo,
1373 2090 1547 2172 quod
1592 2089 1778 2155 Deus
1822 2087 2092 2157 Saulem
2134 2091 2203 2155 in

254 2177 638 2276 speluncam
714 2176 905 2242 illum
981 2176 1196 2242 solum
1277 2174 1636 2243 adductum
1698 2174 1945 2242 Davidi
2010 2176 2207 2241 tradi-

255 2263 473 2343 disset,
538 2263 715 2328 veris
774 2262 900 2327 niti
956 2259 1347 2329 videbantur
1403 2262 1781 2328 rationibus.
1867 2261 2050 2326 Hinc
2092 2261 2204 2326 ad-

250 2369 603 2414 monemur
662 2348 789 2426 Dei
858 2347 1321 2431 promissiones
1374 2347 1446 2412 in
1503 2367 1694 2413 usum
1752 2356 2050 2413 nostrum
2113 2349 2206 2413 ita

249 2444 663 2518 convertere,
722 2442 792 2498 et
846 2454 1275 2517 quaecunque
1328 2432 1409 2499 ab
1452 2433 1595 2515 ipso
1642 2433 1952 2499 beneficia
1995 2433 2200 2516 perci·

248 2521 464 2603 pimus
502 2518 596 2585 ad
632 2528 895 2585 nostrae
940 2518 1172 2584 salutis
1216 2519 1797 2596 conservationem,
1843 2527 1919 2582 ut
1957 2526 2204 2585 rectam

247 2625 508 2688 semper
557 2605 741 2671 viam
785 2605 1185 2681 insistamus,
1237 2613 1306 2668 et
1348 2626 1433 2669 ne
1477 2603 1814 2670 tantillum
1858 2603 2122 2687 quidem
2166 2626 2206 2669 a

245 2692 482 2757 semita
581 2690 1039 2756 mandatorum
1126 2689 1573 2757 deflectamus:
1663 2709 1829 2774 quae
1907 2689 2205 2756 fidelibus

246 2777 558 2843 omnibus
612 2776 809 2842 valde
864 2777 1229 2842 necessaria
1287 2774 1585 2843 doctrina
1636 2783 1754 2842 est.
1852 2772 2026 2840 Nam
2085 2796 2201 2841 ex-

245 2863 582 2945 perientia
653 2862 958 2928 docemur
1024 2882 1221 2945 quam
1290 2871 1597 2945 prompta
1662 2862 1800 2928 sint
1856 2860 2202 2927 hominum

245 2948 546 3032 ingenia,
604 2968 808 3031 quum
869 2949 1108 3014 bonam
1164 2947 1453 3031 aliquam
1501 2967 1766 3013 causam
1810 2957 2077 3013 tuentur
2122 2948 2202 3013 ad

249 3033 515 3117 quidvis
579 3046 825 3098 temere
883 3033 1387 3118 suscipiendum,
1454 3054 1585 3098 non
1644 3033 2078 3112 attendentes,
2137 3032 2203 3099 id

246 3121 368 3186 sibi
426 3120 636 3187 liceat
692 3141 779 3183 an
823 3140 972 3199 non,
1023 3140 1223 3202 quum
1267 3119 1393 3185 sibi
1436 3118 1719 3184 oblatam
1761 3119 1930 3185 bene
1973 3139 2206 3202 geren·

247 3205 368 3272 dae
405 3208 509 3272 rei
547 3205 954 3272 occasionem
990 3204 1415 3270 arbitrantur.
1454 3204 1626 3270 Nam
1665 3204 1876 3283 aiunt,
1918 3203 2206 3288 quando·

246 3290 526 3372 quidem
606 3291 1059 3375 opportunitas
1136 3301 1255 3370 est,
1339 3310 1541 3373 quare
1617 3311 1750 3357 non
1827 3290 2210 3358 uteremur?

245 3377 512 3443 Verum
560 3375 904 3460 oportebat
946 3376 1160 3442 sobrie
1203 3387 1271 3442 et
1313 3397 1475 3442 sana
1518 3385 1739 3443 mente
1782 3377 2128 3444 consilium
2173 3398 2213 3443 a

243 3460 396 3528 Deo
433 3472 690 3546 petere,
736 3483 932 3545 seque
966 3461 1049 3528 ad
1084 3462 1291 3545 ipsius
1335 3463 1742 3529 voluntatem
1783 3463 2207 3540 conformare,

242 3548 470 3632 potius
508 3569 715 3632 quam
752 3548 875 3614 hoc
911 3547 1016 3615 vel
1047 3547 1216 3613 illud
1259 3559 1504 3613 temere
1546 3549 1914 3633 imaginari.
1979 3548 2211 3632 Neque

238 3635 425 3700 enim
490 3654 759 3718 semper
816 3634 913 3698 ita
968 3635 1236 3718 sapiunt
1280 3634 1598 3714 homines,
1657 3654 1778 3698 nec
1822 3644 1960 3700 tam
2005 3634 2207 3700 sobrii

236 3730 407 3785 sunt
473 3727 562 3786 ut
620 3740 773 3785 suos
852 3740 1082 3786 sensus
1137 3721 1316 3785 intra
1372 3718 1556 3785 verbi
1621 3718 1830 3787 divini
1891 3721 2206 3788 terminos

236 3805 610 3872 retineant.
701 3806 801 3871 Eo
836 3805 1044 3889 igitur
1087 3804 1467 3890 diligentius
1510 3804 1785 3871 Davidis
1828 3804 2206 3889 exemplum

235 3891 437 3958 nobis
486 3890 884 3957 intuendum
931 3903 1048 3971 est,
1098 3901 1168 3956 et
1208 3890 1292 3958 ad
1336 3911 1530 3957 usum
1571 3890 2032 3968 revocandum,
2076 3913 2207 3975 quo

237 3998 480 4043 sumus
539 3989 783 4043 natura
838 3977 1292 4060 propensiores
1350 3976 1435 4043 ad
1478 3976 1914 4058 peccandum,
1970 3998 2207 4062 nempe

231 4062 685 4145 cogitandum
704 4113 721 4141 ,
799 4082 918 4127 nos
991 4063 1145 4129 licet
1222 4062 1620 4147 integritatis
1680 4073 1747 4128 et
1808 4062 2205 4132 sinceritatis

233 4158 516 4215 nostrae
576 4148 956 4213 testimonia
1004 4148 1384 4215 firmissima
1442 4147 1817 4227 habeamus,
1877 4158 1942 4213 et
1985 4149 2202 4216 Deum

227 4233 460 4318 ipsum
529 4244 600 4298 et
659 4234 926 4318 angelos
969 4234 1175 4300 bonae
1218 4234 1654 4301 conscientiae
1699 4242 1960 4300 nostrae
2003 4243 2204 4302 testes

227 4320 606 4408 advocare,
657 4321 1015 4403 possimus,
1094 4321 1349 4403 Deique
1429 4320 1968 4402 promissionibus
2049 4322 2201 4386 freti

225 4406 471 4485 simus,
565 4425 698 4472 non
777 4418 999 4472 tamen
1079 4406 1314 4473 debere
1385 4426 1461 4471 eo
1527 4405 1837 4472 audaciae
1904 4427 2199 4489 prorum-

225 4512 391 4574 pere
462 4498 554 4557 ut
618 4500 878 4575 praeter
940 4490 1325 4557 mandatum
1389 4492 1412 4556 i
1463 4491 1598 4557 sius
1664 4491 1911 4574 aliquid
1967 4513 2197 4578 aggre-

226 4575 549 4644 diamur:
645 4576 759 4642 sed
834 4585 1082 4643 attente
1150 4598 1397 4661 perpen
1444 4596 1553 4642 ere
1632 4577 1786 4660 quid
1861 4579 2200 4660 permittat

224 4663 599 4729 iubeatve:
646 4673 724 4728 ut
756 4663 813 4728 si
847 4684 968 4728 nos
1003 4663 1309 4747 progredi
1348 4663 1631 4740 iusserit,
1675 4661 2198 4747 progrediamur:

222 4749 335 4814 sin
401 4748 661 4833 minus,
721 4757 1035 4831 tanquam
1096 4750 1336 4815 vinctis
1381 4747 1698 4826 manibus,
1759 4749 2196 4831 quiescamus:

220 4845 294 4900 et
367 4833 558 4899 nihil
624 4856 707 4900 ex
772 4833 1039 4900 arbitrio
1104 4835 1312 4900 nostri
1365 4835 1705 4901 voluntate
1764 4835 2199 4917 suscipiamus

221 4919 414 4985 ultra
437 4918 584 4985 Dei
616 4918 1028 4985 mandatum:
1066 4920 1177 4986 sed
1224 4921 1549 5003 patienter
1592 4920 1797 5003 ipsius
1842 4920 2199 4988 voluntatis

216 5005 750 5089 patefactionem
773 5005 1263 5090 praestolemur.
1331 5006 1551 5089 Atque
1573 5006 1735 5072 haec
1756 5026 1908 5088 pars
1949 5006 2195 5073 silentii

215 5105 346 5170 est,
395 5090 591 5175 qnod
630 5111 669 5155 a
713 5092 901 5159 nobis
943 5092 1146 5175 ipsius
1188 5091 1389 5158 verbo
1432 5092 1844 5158 credentibus
1888 5093 2194 5175 postulat.

214 5175 408 5244 Nam
486 5176 619 5241 etsi
684 5199 805 5245 nos
869 5179 937 5243 in
992 5176 1250 5243 silentio
1307 5178 1635 5259 possidere
1686 5178 1939 5248 animas
1995 5178 2196 5262 iubet,

1562 274 1658 339 IN
1705 272 1758 341 1.
1809 272 1987 339 LBI.
2034 272 2438 343 SAMUEL.
2484 274 2683 343 OAP.
2729 276 2991 343 XXIV.

4140 283 4271 351 486

2318 483 2450 529 non
2519 470 2746 529 tamen
2812 463 3015 530 variis
3067 467 3301 552 agitari
3361 469 3771 550 passionibus
3825 479 3894 535 et
3946 470 4265 539 fluctuare

2316 548 2538 615 animo
2575 550 2722 615 vult
2756 558 2831 615 ut
2873 549 3088 616 solent
3124 552 3479 619 increduli:
3520 554 3637 620 sed
3683 556 3751 619 in
3794 554 3918 622 hac
3960 556 4265 623 obedien-

2317 635 2410 698 tia
2443 655 2640 717 quam
2674 635 2953 718 requirit
2995 657 3036 702 a
3080 636 3288 715 nobis,
3334 637 3455 705 hoc
3498 639 3870 721 includitur,
3916 651 3990 707 ut
4032 644 4087 708 si
4130 663 4263 725 qua

2314 741 2386 785 se
2443 720 2630 785 nobis
2689 723 3141 804 opportunitas
3202 724 3364 790 bene
3422 726 3521 790 rei
3578 725 3902 811 gerendae
3956 727 4259 795 videatur

2314 805 2554 884 offerri,
2616 827 2750 872 non
2810 809 3029 872 statim
3090 821 3312 875 tamen
3368 809 3552 876 illam
3613 812 4025 895 arripiamus,
4081 814 4256 898 quod

2313 889 2604 956 nondum
2638 891 2837 958 fuisse
2872 891 3060 961 nobis
3105 893 3310 961 aDeo
3351 897 3586 962 factam
3630 907 4019 980 potestatem
4065 899 4259 981 plane

2312 976 2615 1043 sciamus.
2677 976 2899 1059 Quare
2924 979 3106 1046 Deus
3130 1002 3248 1047 nos
3272 981 3466 1046 silere
3505 997 3572 1047 et
3610 985 3940 1066 quiescere
3975 984 4258 1066 iubente,

2313 1072 2380 1127 et
2443 1062 2514 1127 in
2582 1063 2724 1147 ipso
2790 1064 3242 1149 conquiescere
3309 1075 3375 1132 et
3441 1069 3522 1133 ab
3581 1067 3787 1152 ipsius
3843 1070 4256 1152 providentia

2311 1146 2633 1299 fondere,
2691 1170 3102 1234 summopere
3161 1151 3529 1219 cavendum
3584 1176 3668 1220 ne
3726 1155 3917 1220 nobis
3966 1155 4258 1224 habenas

2337 1255 2610 1300 axemus
2674 1234 2759 1299 ad
2824 1235 3069 1319 aliquid
3135 1237 3509 1304 audendum
3575 1239 3747 1322 quod
3806 1261 3940 1306 non
3997 1239 4261 1308 disertis

2311 1320 2529 1386 verbis
2550 1320 2736 1388 Deus
2771 1323 3194 1406 praeceperit.
3259 1324 3493 1390 Fidem
3529 1325 3735 1409 igitur
3770 1326 3959 1393 nobis
4003 1335 4261 1410 oportet

2313 1406 2485 1471 vires
2549 1405 2967 1490 suppeditare
2990 1458 3005 1486 ,
3072 1410 3306 1491 quibus
3369 1409 3724 1500 humanam
3792 1433 4053 1478 omnem
4120 1413 4259 1480 vim

2311 1512 2729 1574 superemus,
2809 1514 3011 1575 quum
3092 1494 3425 1578 sequenda
3502 1505 3604 1563 est
3668 1496 3937 1562 Domini
4006 1499 4260 1566 vocatio

2310 1597 2696 1660 quacunque
2732 1578 2996 1644 tandem
3042 1580 3157 1645 illa
3204 1581 3309 1646 via
3354 1602 3473 1648 nos
3515 1581 3814 1650 deducat.
3860 1584 3951 1649 Et
3994 1584 4052 1649 si
4076 1585 4261 1651 Deus

2309 1683 2439 1728 non
2506 1661 2706 1728 faciat
2770 1663 2960 1729 nobis
3018 1675 3406 1750 potestatem
3463 1665 3586 1735 hoc
3639 1668 3745 1735 vel
3800 1668 3965 1734 illud
4026 1691 4110 1753 ag
4231 1706 4262 1721 -

2309 1746 2547 1828 diendi,
2585 1757 2897 1833 tanquam
2933 1751 3172 1817 vinctis
3206 1751 3479 1835 pedibus
3513 1755 3945 1839 manibusque
3979 1777 4101 1841 gra
4148 1776 4262 1822 um

2308 1835 2638 1912 sistamus,
2698 1846 2766 1901 et
2823 1855 2908 1900 ne
2961 1835 3168 1902 latum
3228 1837 3492 1920 quidem
3536 1861 3825 1926 unguem
3871 1842 4011 1907 sine
4054 1841 4263 1925 ipsius

2309 1920 2619 1984 mandato
2684 1920 3222 2005 progrediamur:
3288 1923 3401 1991 sed
3469 1926 3794 2008 patienter
3861 1927 4078 1994 Deum
4145 1949 4261 1993 ex·

2306 2013 2693 2087 spectemus.

2479 2090 2587 2155 Ad
2658 2091 2918 2174 reliqua
2991 2093 3121 2158 iam
3194 2103 3608 2162 transeamus
3662 2098 3900 2181 quibus
3952 2097 4257 2166 audimus

2307 2175 2639 2242 Davidem
2683 2177 2955 2243 silenter
2998 2177 3083 2243 ad
3126 2178 3398 2247 Saulem
3441 2182 3858 2251 accedentem
3904 2183 4254 2252 abscidisse

2307 2282 2490 2328 oram
2570 2261 2936 2347 chlamydis
3010 2263 3247 2348 ipsius:
3330 2265 3564 2333 deinde
3627 2269 3784 2335 facti
3851 2270 4258 2353 poenitentia

2309 2348 2578 2413 ductum
2616 2349 2845 2415 fuisse:
2891 2357 2959 2414 et
2989 2348 3147 2416 licet
3180 2372 3222 2416 a
3254 2352 3389 2418 suis
3423 2354 3845 2436 stipatoribus
3886 2355 4256 2435 incitatum,

2309 2454 2443 2500 non
2479 2434 2768 2518 potuisse
2812 2443 3034 2500 tamen
3079 2436 3235 2503 ullis
3278 2438 3646 2506 rationibus
3689 2439 3924 2507 adduci
3968 2450 4043 2506 ut
4066 2440 4259 2509 Sauli

2311 2520 2626 2584 damnum
2685 2520 2988 2586 inferret:
3047 2521 3208 2604 quin
3253 2523 3452 2589 etiam
3499 2546 3767 2591 suorum
3812 2527 4075 2596 flexisse
4118 2528 4259 2593 ani-

2309 2627 2474 2680 mos,
2531 2606 2645 2688 qui
2688 2607 2873 2690 prius
2915 2607 3133 2672 furore
3179 2606 3496 2675 adversus
3539 2609 3809 2676 Saulem
3852 2611 4253 2681 ferebantur.

2312 2691 2517 2758 Porro
2539 2693 2709 2758 foret
2729 2691 3090 2759 absurdum
3129 2703 3197 2758 et
3235 2696 3635 2777 superfluum
3681 2695 3929 2764 diutius
3970 2708 4038 2765 et
4079 2721 4260 2768 scru-

2312 2776 2603 2929 gulosius
2622 2798 2972 2860 quaerere:
3017 2777 3324 2845 Davidne
3345 2782 3633 2865 peccarit
3665 2802 3846 2848 oram
3891 2784 4260 2870 chlamydis

2368 2862 2538 2928 aulis
2581 2861 2991 2942 abscindens,
3050 2865 3175 2931 etsi
3217 2865 3331 2948 qui
3375 2864 3610 2932 deinde
3650 2869 3861 2950 ipsum
3907 2872 4256 2953 scrupulus

2312 2947 2682 3015 stimulavit
2735 2949 2896 3016 satis
2952 2948 3241 3016 ostendit
3292 2950 3529 3018 melius
3581 2953 3782 3018 fuisse
3825 2953 4152 3021 facturum
4199 2959 4258 3024 si

2313 3035 2767 3102 abstinuisset:
2843 3044 3297 3101 verumtamen
3344 3036 3497 3119 -ipsi
3568 3038 3916 3105 accusandi
3973 3050 4042 3104 et
4099 3063 4257 3108 con·

2315 3119 2669 3186 demnandi
2741 3120 2991 3188 nullam
3068 3122 3475 3188 occasionem
3541 3121 3888 3190 habemus:
3967 3129 4257 3208 quando·

2315 3206 2580 3289 quidem
2637 3206 2858 3290 potuit
2911 3206 3041 3272 tale
3092 3207 3354 3291 aliquod
3412 3208 3693 3274 frustum
3752 3208 4130 3282 abscindere
4184 3214 4258 3280 in

2313 3313 2462 3357 eum
2509 3314 2705 3358 usum
2748 3313 2937 3376 quem
2983 3300 3211 3376 postea
3252 3292 3640 3361 videbimus.
3712 3295 3826 3362 Sic
3868 3297 4044 3363 enim
4067 3296 4259 3366 Sauli

2314 3398 2388 3443 re
2449 3378 2593 3461 ipsa
2657 3387 2972 3444 testatum
3038 3377 3195 3444 fecit
3262 3381 3517 3446 venisse
3580 3380 3795 3463 ipsum
3850 3381 3919 3447 in
3976 3382 4260 3452 Davidis

2314 3473 2705 3545 potestatem
2727 3464 3099 3530 incautum:
3136 3486 3212 3531 ac
3232 3465 3508 3548 proinde
3538 3466 3598 3530 si
3633 3466 3944 3534 voluisset
3978 3470 4265 3551 pomisne

2313 3548 2613 3633 iugulum
2687 3549 2896 3633 ipsius
2964 3548 3305 3616 invadere:
3374 3560 3443 3615 et
3505 3551 3829 3635 reliquum
3893 3556 4259 3624 exercitum

2312 3655 2501 3702 caeso
2560 3634 2726 3702 duce
2786 3635 3094 3702 facillime
3149 3635 3521 3721 profligare.
3606 3637 3781 3703 Nam
3824 3637 4085 3722 alioqui,
4129 3644 4262 3710 nisi

2310 3721 2500 3804 signo
2556 3721 2672 3786 illo
2716 3720 2877 3788 Saul
2921 3722 3326 3800 convinctus,
3384 3742 3717 3805 nunquam
3759 3724 4005 3792 Davidi
4048 3727 4259 3795 credi-

2312 3803 2532 3887 disset,
2575 3808 2833 3874 venisse
2876 3828 2950 3873 se
2988 3807 3062 3873 in
3104 3807 3314 3890 ipsius
3355 3828 3589 3876 manus
3631 3819 3700 3873 et
3739 3810 4131 3877 incolumem
4175 3815 4259 3883 ab

2309 3893 2452 3975 ipso
2507 3893 2885 3960 dimissum:
2942 3894 3194 3958 etiamsi
3240 3895 3486 3959 centies
3531 3894 3751 3960 David
3793 3896 4142 3965 iuravisset
4184 3920 4258 3967 se

2307 3978 2550 4045 milites
2619 3998 2777 4045 suos
2845 3979 3319 4062 compescuisse
3373 3999 3457 4045 ne
3511 4000 3706 4061 quam
3763 3981 3886 4064 ipsi
3944 3982 4252 4052 iniuriam

2307 4063 2662 4130 inferrent:
2707 4073 2776 4130 et
2809 4064 2890 4130 de
2922 4064 3131 4147 ipsius
3164 4064 3548 4149 integritate
3588 4074 3657 4131 et
3698 4067 3829 4134 fide
3870 4066 4253 4151 dubitasset,

2308 4148 2520 4233 deque
2557 4170 2677 4218 sua
2711 4149 3097 4217 crudelitate
3132 4149 3301 4216 nihil
3338 4151 3713 4231 remisisset,
3757 4172 3970 4234 neque
4004 4153 4255 4220 miseri-

2306 4234 2529 4302 cordia
2582 4236 2655 4300 in
2711 4236 2931 4320 ipsum
2989 4257 3148 4302 usus
3206 4236 3456 4302 fuisset.
3545 4236 3772 4318 Quum
3832 4258 3986 4304 vero
4028 4237 4252 4306 David

2306 4320 2598 4405 insignia
2663 4321 2952 4404 protulit,
3016 4330 3087 4386 et
3152 4329 3411 4405 partem
3474 4320 3843 4406 chlamydis
3895 4323 4250 4391 abscissam

2305 4407 2614 4489 ostendit,
2671 4428 2873 4490 quum
2933 4417 3152 4490 posset
3203 4407 3434 4473 eadem
3486 4408 3597 4474 via
3652 4407 3948 4488 iugulum
3990 4409 4249 4476 abscin-

2306 4491 2495 4559 dere:
2543 4490 2709 4559 Saul
2755 4491 2862 4559 vel
2903 4492 3156 4559 invitus
3198 4492 3393 4560 fateri
3436 4492 3606 4578 quod
3650 4493 3892 4576 alioqui
3936 4515 4066 4561 non
4109 4515 4251 4562 cre·

2303 4577 2576 4645 didisset
2631 4589 2890 4646 coactus
2946 4586 3068 4662 est,
3126 4590 3195 4644 et
3248 4579 3589 4645 convictus
3646 4578 3716 4643 in
3759 4600 3831 4644 se
3883 4580 4056 4646 ferre
4098 4601 4250 4649 sen·

2304 4666 2596 4730 tentiam.
2685 4664 3129 4746 Quamobrem
3189 4663 3348 4730 utile
3402 4665 3527 4729 fuit
3571 4663 3814 4731 Davidi
3855 4666 4247 4747 particulam

2301 4748 2482 4815 illam
2542 4750 2913 4835 chlamydis
2968 4748 3384 4829 abscindere,
3456 4748 3730 4832 ideoque
3780 4750 4025 4817 factum
4083 4752 4249 4820 illud

2294 4849 2565 4920 ‘carpere
2601 4857 2729 4902 non
2775 4836 2945 4903 licet.
3002 4834 3195 4917 Quod
3240 4834 3325 4902 ad
3366 4836 3747 4917 scrupulum
3793 4845 4013 4902 autem
4055 4837 4249 4905 illum

2300 4942 2427 5006 quo
2482 4921 2858 4989 stimulatus
2914 4929 3033 5000 est,
3092 4943 3175 4987 ex
3218 4942 3294 4987 eo
3338 4930 3629 5004 apparet,
3689 4923 4050 4988 tentatione
4092 4945 4251 5007 qua-

2301 5007 2451 5074 dam
2508 5009 2823 5092 agitatum
2872 5004 3216 5072 Davidem.
3304 5005 3477 5070 Nam
3529 5006 3654 5072 nisi
3699 5007 3789 5072 ali
3834 5028 3984 5073 uem
4027 5031 4247 5076 exces-

2299 5114 2449 5159 sum
2482 5093 2553 5159 in
2589 5114 2659 5159 se
2695 5093 3022 5172 sensisset,
3070 5112 3200 5158 non
3236 5093 3557 5176 potuisset
3600 5093 3750 5158 facti
3791 5092 3971 5160 ilius
4014 5096 4244 5179 poeni-

2301 5178 2512 5246 tentia
2573 5179 2725 5245 duci
2781 5179 2851 5244 in
2921 5199 3048 5262 quo
3102 5187 3441 5261 peccatum
3500 5199 3634 5245 non
3694 5189 3856 5245 erat.
3958 5181 4066 5247 Ex
4120 5182 4251 5250 hoc

3729 5280 3833 5336 31·
