5059 6059
350 358 488 425 297

354 552 542 636 quod
600 562 819 618 tamen
879 553 1165 618 maxime
1220 553 1392 637 apud
1436 573 1506 618 se
1551 563 1903 637 expetunt:
1964 552 2082 619 sed
2124 567 2304 620 coer·

355 649 596 705 centur
649 649 961 722 tanquam
1022 639 1275 705 belluae
1329 640 1669 717 immanes,
1729 641 2013 704 furorem
2073 639 2305 723 despu-

361 734 642 802 mantes,
702 744 866 809 quae
922 735 1142 791 tamen
1198 724 1433 792 vinclis
1487 735 1554 790 et
1606 726 1853 792 catenis
1909 725 2306 805 vinciuntur,

359 832 454 877 ne
511 820 806 877 noceant.
897 808 1009 877 Sic
1064 810 1226 878 Saul
1271 810 1802 896 indignabundus
1845 810 2127 876 libenter
2172 812 2303 875 Da-

359 896 504 962 vidi
553 896 611 961 si
654 905 866 978 posset
902 899 1034 962 vim
1074 897 1355 980 aliquam
1393 898 1683 974 inferret,
1729 908 1795 961 et
1829 916 1959 979 quo
1994 896 2309 961 illustrior

359 984 436 1048 in
484 982 743 1047 Davide
778 990 1051 1065 apparet
1084 981 1212 1047 Dei
1249 985 1479 1065 gratia,
1526 1003 1602 1047 eo
1641 983 1850 1065 magis
1886 993 2309 1064 exasperatur

359 1080 437 1133 et
499 1067 738 1143 fremit,
807 1080 883 1131 ιιι
943 1089 1077 1132 non
1145 1071 1472 1133 immerito
1538 1069 1750 1133 factus
1816 1069 1937 1150 ipsi
2005 1068 2306 1133 inimicus

360 1155 646 1234 dicatur,
691 1153 862 1237 quod
898 1154 1315 1219 exhorruerit
1348 1153 1478 1218 Dei
1515 1152 1685 1217 dona
1719 1154 1786 1218 in
1829 1153 2083 1218 Davide
2116 1175 2304 1219 cons-

361 1243 581 1325 picua.
672 1239 806 1304 Nos
880 1239 1103 1322 itaque
1174 1238 1498 1304 discamus
1556 1257 1633 1304 eo
1689 1240 1899 1323 magis
1951 1239 2083 1303 Dei
2139 1239 2310 1302 dona

360 1327 741 1409 ubicunque
785 1325 1211 1408 apparuerint
1256 1326 1573 1397 venerari,
1619 1344 1746 1406 quo
1791 1325 2000 1409 magis
2046 1327 2113 1389 in
2156 1344 2309 1389 con·

365 1413 645 1477 trarium
680 1413 920 1476 vitium
957 1410 1250 1475 videmus
1289 1409 1586 1476 homines
1609 1410 1944 1492 proclives,
1990 1421 2056 1475 et
2079 1410 2308 1475 demus

363 1518 640 1581 operam
699 1519 783 1561 ne
840 1498 909 1561 in
956 1516 1098 1561 eam
1145 1494 1494 1579 phrenesin
1539 1495 1903 1561 incidamus
1944 1517 2110 1579 quae
2156 1494 2307 1560 ulti·

365 1604 556 1648 mum
603 1583 786 1649 nobis
829 1581 1106 1648 exitium
1150 1580 1421 1660 adferat,
1468 1591 1530 1646 et
1566 1582 1633 1645 in
1674 1593 1896 1646 nostra
1929 1582 2146 1666 capita
2185 1580 2309 1645 Dei

363 1669 770 1752 fulgurantis
828 1689 1095 1733 manum
1145 1667 1386 1745 trahat,
1447 1679 1513 1732 et
1558 1668 1710 1733 hinc
1753 1667 1906 1733 inde
1950 1686 2307 1744 versemur,

365 1764 754 1838 tantamque
808 1755 879 1819 in
926 1754 1111 1819 nobis
1154 1754 1579 1818 mutationem
1626 1755 2002 1832 sentiamus,
2065 1763 2138 1818 ut
2183 1774 2308 1817 non

367 1851 635 1905 tantum
693 1861 796 1905 res
855 1849 1106 1904 creatas
1152 1848 1518 1905 metuamus
1562 1852 1627 1905 et
1669 1837 2025 1919 oderimus,
2087 1840 2199 1905 sed
2243 1849 2310 1903 et

364 1930 592 2010 ipsum
656 1926 871 1989 Deum
937 1925 1337 1990 horreamus.
1430 1923 1560 1992 Sed
1617 1927 1761 2007 quis
1818 1926 1962 2008 erit,
2021 1925 2307 2002 obsecro,

364 2012 618 2077 furoris
682 2010 871 2076 istius
930 2009 1195 2075 exitus?
1282 2013 1534 2076 Contra
1595 2031 1748 2075 vero
1791 2011 1848 2076 si
1893 2032 2003 2076 eos
2047 2031 2305 2075 amave·

367 2101 583 2163 rimus
624 2097 692 2161 in
740 2095 979 2179 quibus
1015 2096 1287 2178 spiritus
1327 2093 1455 2160 Dei
1488 2096 1703 2178 gratia
1740 2105 1809 2161 et
1835 2095 2006 2161 dona
2026 2097 2309 2160 maxime

364 2182 726 2262 excellunt,
771 2193 839 2247 et
884 2184 1046 2246 tanti
1093 2201 1170 2246 ea
1209 2182 1520 2246 faciemus
1556 2182 1782 2264 quanti
1820 2201 1937 2264 par
1972 2191 2088 2259 est,
2133 2180 2306 2264 quod

365 2271 560 2335 Deus
623 2267 694 2332 in
761 2267 893 2332 illis
959 2267 1376 2352 glorificetur,
1441 2276 1690 2332 certum
1761 2276 1861 2331 est
1924 2288 2002 2332 ea
2060 2267 2309 2330 ratione

363 2355 522 2439 ipsa
586 2354 781 2419 etiam
843 2353 1117 2418 aliorum
1163 2353 1333 2417 dona
1376 2371 1635 2417 cessura
1681 2352 1866 2417 nobis
1907 2354 1976 2417 in
2022 2372 2305 2417 commo-

365 2440 532 2505 dum
590 2451 655 2504 et
712 2438 1097 2504 utilitatem:
1155 2458 1230 2503 ac
1271 2438 1423 2503 licet
1464 2440 1650 2521 parvi
1699 2448 1767 2502 et
1810 2438 2039 2504 abiecti
2084 2440 2305 2515 simus,

365 2525 601 2591 multis
655 2524 852 2608 longe
909 2523 1098 2590 nobis
1153 2523 1739 2604 excellentioribus,
1795 2545 1912 2590 nos
1968 2533 2190 2588 tamen
2234 2523 2304 2587 in

363 2621 629 2697 partem
688 2610 1008 2675 donorum
1068 2630 1234 2693 quae
1289 2611 1358 2673 in
1420 2609 1568 2675 illos
1616 2610 1796 2675 Deus
1839 2609 2110 2676 contulit
2155 2630 2302 2674 ven·

363 2710 577 2762 turos.
666 2695 1017 2762 Caeterum
1068 2706 1167 2760 est
1211 2696 1406 2761 etiam
1454 2695 1574 2761 hoc
1618 2695 1760 2760 loco
1803 2694 2301 2779 expendendum

363 2783 537 2849 illud
581 2782 801 2848 odium
846 2802 974 2865 quo
1021 2780 1178 2848 Saul
1215 2781 1532 2847 adversus
1571 2779 1891 2845 Davidem
1928 2781 2192 2857 exarsit,
2239 2788 2306 2844 ct

365 2868 553 2953 quod
599 2887 938 2949 nunquam
999 2867 1326 2950 exstingui
1391 2866 1634 2950 potuit:
1713 2887 1792 2930 ex
1853 2888 1978 2950 quo
2035 2876 2305 2949 apparet

362 2968 621 3039 quanta
678 2954 762 3018 sit
820 2953 1092 3018 humani
1151 2952 1402 3036 ingenii
1459 2973 1499 3016 a
1559 2954 1700 3017 Deo
1741 2951 2028 3017 derelicti
2076 2951 2304 3034 depra-

363 3041 554 3105 vatio
610 3049 676 3104 et
732 3039 1090 3123 corruptio:
1151 3048 1218 3103 et
1260 3058 1454 3120 quam
1500 3038 1588 3103 sit
1631 3036 1913 3104 difficilis
1958 3038 2039 3102 ad
2084 3036 2302 3102 Deum

363 3126 734 3202 conversio,
825 3144 1029 3207 quum
1108 3124 1306 3190 semel
1375 3124 1608 3207 aliquis
1669 3124 1878 3189 factus
1943 3123 2304 3206 iniquitatis

365 3211 774 3295 mancipium
832 3211 911 3274 ad
974 3209 1247 3293 quodvis
1294 3211 1535 3275 malum
1582 3208 1871 3274 habenas
1911 3210 2110 3289 laxat,
2177 3208 2302 3275 nisi

363 3298 564 3363 Deus
622 3296 1008 3361 miraculose
1065 3297 1276 3380 ipsum
1324 3305 1680 3362 convertat.
1771 3296 1860 3359 Et
1904 3306 2119 3360 tamen
2165 3315 2302 3359 om·

365 3383 571 3449 nibus
616 3381 987 3447 hominibus
1030 3402 1377 3447 commune
1422 3392 1520 3446 est
1552 3380 1729 3446 istud
1767 3381 2033 3446 vitium:
2081 3400 2304 3464 quem·

367 3467 726 3535 admodum
793 3477 1019 3534 contra
1084 3486 1232 3532 rara
1295 3475 1397 3532 est
1454 3470 1668 3532 virtus
1723 3466 2178 3549 perseverandi
2233 3466 2303 3529 in

369 3557 551 3621 bono
584 3562 650 3618 et
687 3566 860 3619 recta
896 3552 1021 3618 via.
1102 3554 1192 3618 Et
1227 3554 1302 3617 fit
1337 3552 1510 3617 istud
1548 3555 1967 3637 conspicuum
2005 3551 2303 3634 exemplo

367 3640 623 3719 Saulis,
668 3658 900 3722 nempe
946 3638 1271 3704 difficilius
1314 3637 1394 3702 ad
1442 3637 1507 3703 id
1553 3639 1720 3721 quod
1766 3639 1868 3703 ius
1913 3650 1981 3703 et
2022 3658 2300 3721 aequum

370 3725 669 3812 postulat
710 3725 1007 3789 homines
1044 3724 1296 3803 adduci,
1342 3744 1536 3806 quam
1574 3725 1747 3807 ipsas
1780 3724 2022 3791 bestias
2049 3725 2305 3789 etseras

371 3816 767 3879 animantes.
856 3810 1024 3875 Nam
1069 3821 1134 3875 et
1178 3811 1349 3877 ferae
1392 3810 1571 3893 ipsae
1615 3810 1989 3876 cicurantur
2024 3819 2089 3875 et
2117 3829 2306 3874 man-

371 3906 689 3967 suescunt
746 3897 1055 3979 temporis
1112 3896 1328 3981 aliquo
1382 3896 1759 3961 intervallo:
1819 3896 1912 3960 sic
1968 3897 2187 3960 leones
2240 3905 2307 3959 et

373 3985 549 4050 aliae
619 3982 794 4047 ferae
858 3982 1169 4064 paulatim
1229 3981 1309 4046 ad
1367 4002 1634 4046 manum
1695 3982 1919 4047 venire
1975 3981 2302 4046 docentur.

370 4069 557 4152 Quid
604 4068 711 4134 hic
753 4067 961 4151 igitur
1002 4067 1081 4132 de
1121 4067 1380 4132 homine
1415 4067 1648 4133 dicturi
1684 4088 1929 4142 sumus,
1972 4068 2085 4151 qui
2117 4087 2303 4132 suam

370 4157 730 4239 imaginem
792 4153 860 4217 in
921 4153 1048 4218 alio
1106 4153 1371 4218 deberet
1428 4153 1890 4237 contemplari:
1957 4174 2075 4218 cur
2128 4154 2304 4217 enim

369 4242 634 4307 ratione
678 4252 742 4305 et
784 4239 1219 4323 intelligentia
1255 4238 1530 4323 praediti
1564 4260 1810 4315 sumus,
1859 4239 1981 4304 nisi
2018 4251 2094 4304 ut
2133 4241 2307 4303 inter

369 4348 502 4393 nos
567 4328 745 4409 ipsos
798 4336 978 4391 arcto
1035 4323 1312 4407 quodam
1368 4324 1630 4390 vinculo
1690 4325 2069 4401 vinciamur,
2135 4323 2304 4407 quod

371 4434 606 4481 omnes
688 4411 768 4475 ad
843 4409 973 4475 Dei
1043 4411 1391 4494 imaginem
1458 4410 1701 4476 conditi
1765 4410 2038 4476 sumus?
2127 4411 2305 4475 Sane

371 4499 627 4567 multae
687 4498 863 4561 ferae
907 4507 1060 4561 sunt
1102 4516 1179 4560 ea
1222 4505 1457 4561 natura
1501 4505 1576 4561 ιιι
1619 4517 1953 4579 nunquam
2000 4496 2303 4562 ferociam

372 4587 729 4669 deponant,
788 4591 852 4646 et
912 4602 1121 4665 neque
1164 4604 1312 4648 cum
1356 4581 1512 4646 feris
1556 4581 1701 4647 aliis
1745 4602 1954 4664 neque
1998 4602 2141 4646 cum
2189 4582 2305 4645 ho-

368 4672 668 4739 minibus
724 4668 974 4754 possint
1017 4686 1498 4734 mansuescere:
1562 4668 1675 4733 sed
1721 4679 1937 4733 tamen
1984 4688 2113 4732 non
2162 4687 2307 4750 pos-

372 4764 538 4825 sunt
592 4776 734 4821 esse
778 4753 1149 4819 hominibus
1193 4755 1261 4818 in
1307 4753 1654 4836 reprobum
1698 4775 1960 4821 sensum
2005 4754 2307 4821 coniectis

373 4843 754 4909 deteriores.
801 4839 1033 4921 Qualis
1067 4840 1241 4905 enim
1280 4839 1386 4905 hic
1426 4838 1586 4906 Saul
1623 4840 1937 4922 apparet?
1984 4837 2306 4905 Davidem

374 4930 642 4997 fidelem
699 4946 961 5009 operam
1019 4925 1142 4990 sibi
1200 4944 1441 4991 navare
1500 4934 1565 4989 et
1621 4925 1903 4990 fideliter
1958 4944 2309 5008 procurare

372 5034 504 5084 sna
575 5014 840 5098 negotia
904 5009 1198 5076 videbat:
1271 5031 1473 5094 quum
1534 5009 1689 5077 Saul
1750 5020 2011 5076 centum
2067 5010 2309 5077 Philis-

377 5117 676 5168 :aeorum
741 5097 1081 5181 praeputia
1146 5096 1314 5162 dotis
1378 5098 1639 5162 nomine
1703 5098 2013 5181 petiisset,
2088 5095 2307 5163 David

375 5189 695 5254 ducentos
759 5183 1157 5250 Philistaeos
1221 5181 1473 5262 cecidit,
1537 5202 1807 5266 quorum
1876 5182 2111 5249 obtulit
2167 5182 2307 5267 regi

374 5272 755 5360 praeputia:
811 5269 989 5334 unde
1042 5268 1238 5334 fiebat
1289 5268 1449 5333 satis
1502 5270 1925 5352 conspicuum
1982 5267 2305 5334 Davidem

1647 364 1744 428 IN
1791 363 1844 428 I.
1897 363 2074 428 LlB.
2120 362 2524 432 SAMUEL.
2571 364 2770 430 CAP.
2816 364 3070 430 XVIII.

4219 367 4346 433 298

2406 553 2579 636 regis
2623 552 2983 620 studiosum
3027 563 3097 619 et
3138 563 3464 621 amantem
3510 574 3672 619 esse.
3747 553 3879 619 Sed
3917 553 4348 622 nihilominus

2407 638 2573 707 Saul
2630 642 2836 723 magis
2894 641 3335 715 exacerbatur,
3401 654 3469 704 et
3529 639 3738 705 locum
3782 641 3917 704 irae
3972 660 4128 706 suae
4172 641 4343 716 facit,

2406 736 2474 790 et
2516 725 2669 790 inde
2703 726 3107 791 occasionem
3145 725 3419 791 Davidis
3453 727 3698 790 maiore
3733 726 3879 789 odio
3917 728 4342 810 prosequendi

2407 814 2596 895 capit,
2644 810 2816 876 unde
2863 810 3140 877 habebat
3177 811 3369 876 fidem
3409 812 3612 894 ipsius
3649 811 4032 877 admirandi.
4117 812 4341 895 Neque

2408 918 2564 962 vero
2601 908 2819 962 tamen
2857 895 3076 961 David
3111 896 3254 962 ideo
3294 898 3453 961 lusit
3485 916 3786 980 operam:
3823 897 4340 980 qnandoquidem

2408 982 2592 1049 Deus
2646 982 3032 1048 fidelitatem
3076 984 3279 1066 ipsius
3323 984 3609 1066 agnovit,
3674 998 3740 1046 et
3782 981 3935 1047 licet
3978 982 4199 1048 Saulis
4242 985 4342 1048 in·

2411 1067 2742 1152 gratitudo
2808 1070 3128 1151 potuisset
3183 1070 3389 1151 ipsius
3446 1071 3736 1133 animum
3801 1068 4095 1153 deiicere,
4164 1070 4342 1136 Deus

2412 1166 2630 1218 tamen
2692 1154 2974 1219 ostendit
3020 1174 3148 1219 nou
3193 1155 3481 1218 inaniter
3523 1173 3786 1237 operam
3832 1154 4088 1219 fidelem
4132 1154 4338 1220 Davi·

2412 1239 2557 1304 dem
2621 1238 2804 1305 Sauli
2849 1261 3145 1313 navasse,
3206 1260 3397 1322 quam
3448 1241 3627 1304 Deus
3672 1241 4090 1322 approbabat.
4182 1242 4341 1305 Pro-

2408 1323 2577 1389 fecto
2637 1347 2764 1389 non
2812 1324 3246 1403 dubitandum
3293 1327 3445 1407 quin
3494 1323 3721 1390 eodem
3767 1325 3959 1389 modo
4003 1326 4340 1392 nobiscum

2411 1410 2595 1475 Deus
2641 1422 2813 1493 agat,
2859 1411 2916 1476 si
2955 1410 3406 1478 benefaciendo
3444 1433 3571 1476 non
3612 1410 4068 1494 defatigemur,
4111 1423 4178 1475 et
4211 1433 4340 1478 non

2412 1496 2492 1560 ab
2550 1497 2763 1560 officio
2818 1497 3185 1561 resiliamus
3241 1509 3505 1580 propter
3562 1517 3783 1561 corum
3833 1497 4169 1578 malitiam,
4229 1499 4340 1580 qui

2411 1590 2636 1646 nostra
2716 1582 3050 1649 benefacta
3123 1585 3382 1666 ingrato
3454 1584 3672 1646 animo
3737 1602 3867 1645 non
3935 1584 4341 1665 agnoverint,

2411 1668 2929 1750 quandoquidem
3019 1669 3280 1733 illorum
3369 1669 3611 1735 oblivio
3698 1667 3914 1731 Deum
4008 1690 4338 1751 nunquam

2409 1756 2641 1838 capiet.
2729 1753 2978 1820 Verum
3063 1776 3193 1819 non
3269 1755 3503 1818 leviter
3572 1753 4051 1837 praetereunda
4120 1753 4342 1821 Saulis

2410 1839 2776 1923 obstinatio,
2859 1860 3057 1923 quum
3139 1839 3372 1904 dicitur
3432 1839 3642 1921 factus
3718 1839 4015 1904 &nimicus
4102 1839 4340 1906 Davidi

2408 1926 2642 1992 cunetis
2684 1926 2935 1992 diebus:
2981 1946 3132 1991 nam
3178 1946 3259 1989 ex
3304 1946 3378 1990 eo
3422 1934 3696 2009 apparet
3731 1922 3904 2006 quod
3941 1932 4094 1989 ante
4128 1927 4336 2011 attigi,

2411 2031 2645 2094 nempe
2707 2031 2857 2075 eum
2917 2012 3031 2094 qui
3088 2009 3288 2075 semel
3345 2031 3619 2094 pravam
3681 2011 3853 2074 viam
3921 2011 4256 2093 ingressus
4300 2034 4340 2077 a

2407 2105 2587 2162 recta
2658 2095 2944 2179 deflexit,
3011 2116 3346 2179 nunquam
3406 2117 3591 2179 posse
3663 2096 3899 2161 reverti
3956 2095 4038 2161 ad
4094 2096 4332 2162 bonam

2410 2182 2695 2266 frugem:
2754 2191 2822 2246 et
2878 2182 3137 2265 insigne
3196 2202 3335 2245 esse
3377 2181 3790 2265 miraculum,
3847 2203 4046 2264 quum
4107 2183 4339 2267 aliquis

2408 2278 2672 2351 peccata
2730 2287 2850 2332 sua
2909 2267 3267 2334 detestatus
3318 2266 3398 2331 ad
3460 2268 3672 2331 Deum
3727 2269 4148 2333 convertitur.
4251 2269 4337 2334 Et

2408 2373 2566 2419 sane
2611 2360 2795 2419 tanta
2837 2365 2936 2419 est
2980 2362 3350 2418 nostrorum
3387 2352 3737 2418 affectuum
3772 2354 3891 2433 vis,
3933 2362 4012 2417 ut
4046 2352 4231 2419 facile
4266 2355 4337 2418 in

2407 2439 2643 2504 vitium
2689 2439 2991 2518 feramur,
3048 2448 3114 2503 et
3157 2459 3288 2502 non
3345 2438 3487 2503 sine
3531 2438 3750 2503 labore
3793 2438 4107 2504 virtutem
4153 2460 4335 2504 exer·

2407 2544 2688 2602 ceamus,
2747 2524 2861 2590 sed
2918 2536 3146 2592 contra
3203 2522 3310 2589 vel
3371 2522 3639 2588 minimo
3682 2523 3913 2606 quovis
3956 2526 4210 2589 obiecto
4255 2526 4336 2591 ad

2407 2609 2653 2674 malum
2696 2609 3106 2676 abducamur.
3195 2608 3416 2690 Quare
3460 2608 3677 2674 Deum
3724 2629 4065 2691 precemur
4106 2622 4179 2675 ιιι
4221 2632 4339 2677 nos

2407 2706 2636 2761 sancto
2679 2717 2797 2761 suo
2842 2696 3075 2778 spiritu
3121 2706 3322 2778 regat,
3367 2716 3407 2759 a
3449 2696 3634 2759 cuius
3678 2695 3890 2778 gratia
3934 2706 4033 2760 est
4066 2696 4134 2760 in
4174 2696 4339 2761 bono
4431 2717 4434 2721 ’

2407 2781 2912 2864 perseverantia.
2989 2781 3157 2846 Nam
3203 2781 3393 2846 sicuti
3439 2778 3703 2846 Saulem
3750 2781 3817 2845 in
3863 2780 4035 2846 malo
4077 2783 4341 2865 propria

2410 2866 2662 2931 malitia
2705 2866 3099 2949 perstitisse,
3145 2867 3240 2934 sic
3282 2880 3513 2932 contra
3560 2865 3883 2932 Davidem
3930 2867 4054 2931 Dei
4099 2868 4337 2952 spiritu

2407 2953 2479 3016 in
2559 2951 2730 3018 bono
2797 2972 3249 3034 perseverasse
3328 2952 3787 3034 conspicimus,
3871 2962 3939 3017 et
4001 2973 4337 3035 nunquam

2406 3037 2609 3104 fuisse
2652 3037 3111 3103 benefaciendo
3170 3038 3528 3123 fatigatum.
3619 3037 3869 3102 Idcirco
3914 3037 4163 3103 Paulus
4215 3061 4335 3105 nos

2409 3124 2732 3208 hortatur,
2768 3144 2851 3188 ne
2886 3136 3147 3207 propter
3185 3124 3524 3188 hominum
3552 3123 3864 3188 malitiam
3889 3121 4335 3207 indignemur:

2408 3218 2473 3275 et
2534 3211 2684 3274 licet
2736 3210 2781 3274 ii
2839 3230 3000 3293 quos
3043 3209 3222 3274 omni
3278 3209 3591 3274 beneficio
3634 3220 3702 3274 et
3750 3208 3966 3274 studio
4006 3208 4336 3276 devincire

2410 3295 2594 3361 nobis
2637 3294 3093 3372 studuerimus,
3153 3296 3342 3378 parvi
3389 3295 3631 3359 faciant
3672 3304 3967 3359 nostrum
4023 3295 4334 3373 studium,

2406 3391 2472 3445 et
2527 3379 2867 3446 videamur
2918 3401 3183 3464 operam
3236 3381 3469 3447 lusisse
3512 3380 3671 3464 ipsis
3713 3380 4192 3458 benefaciendo,
4252 3403 4335 3446 ne

2404 3476 2749 3550 propterea
2794 3475 3009 3532 tamen
3059 3467 3140 3532 ab
3184 3467 3393 3533 officio
3436 3465 3831 3531 recedamus.
3905 3466 4002 3531 Ac
4044 3466 4099 3530 si
4147 3478 4336 3532 natu-

2406 3573 2518 3617 rae
2562 3552 3070 3618 imbecillitatem
3116 3553 3277 3617 vitio
3301 3561 3520 3617 nostro
3565 3549 3840 3635 tegendo
3876 3553 4336 3634 praeteximus,

2406 3637 2735 3703 Davidem
2794 3638 3186 3717 intueamur,
3241 3658 3435 3722 quem
3495 3637 3720 3702 eadem
3775 3658 3906 3721 qua
3964 3658 4082 3703 nos
4138 3659 4335 3704 carne

2406 3734 2473 3788 et
2527 3722 2782 3789 ossibus
2839 3725 3190 3789 conflatum
3250 3724 3428 3789 Deus
3482 3732 3703 3788 tamen
3762 3722 4015 3788 viribus
4070 3722 4336 3789 donavit

2406 3809 2643 3893 quibus
2679 3809 2795 3874 tali
2830 3809 3171 3874 tentationi
3206 3809 3559 3887 resisteret,
3604 3828 3848 3892 suoque
3883 3808 4066 3873 illum
4103 3810 4335 3894 spiritu

2406 3894 2709 3979 replevit.
2796 3895 3020 3976 Quare
3076 3915 3277 3979 quum
3338 3904 3525 3959 tanta
3572 3894 3661 3960 sit
3715 3905 3943 3960 nostra
3984 3895 4335 3961 infirmitas

2407 3994 2486 4046 ut
2530 3981 2633 4047 vel
2678 3981 2954 4046 minima
3013 4001 3083 4044 re
3140 3980 3222 4045 ab
3279 3980 3488 4046 officio
3538 3990 3928 4057 avertamur,
3988 3981 4070 4045 ad
4113 3981 4334 4046 Deum

2407 4067 2623 4151 ipsum
2690 4069 2880 4132 consu
2934 4067 3163 4143 ‘amus,
3230 4066 3575 4149 ipsumque
3629 4087 3989 4149 precemur,
4054 4076 4130 4131 ιιι
4182 4068 4336 4132 licet

2404 4152 2744 4218 hominum
2781 4088 3030 4218 mafftia
3062 4172 3183 4216 nos
3216 4152 3298 4215 ab
3332 4152 3546 4217 officio
3576 4149 3917 4230 deterreat,
3955 4152 4093 4235 ipse
4115 4161 4331 4217 tamen

2406 4260 2525 4306 sua
2570 4258 2769 4304 manu
2812 4248 3013 4322 regat,
3069 4246 3137 4302 et
3178 4237 3246 4301 in
3305 4237 3515 4303 officio
3558 4238 3856 4317 retineat,
3915 4257 3955 4300 a
3994 4258 4120 4320 quo
4163 4260 4331 4302 nun·

2407 4346 2603 4408 quam
2648 4323 3115 4389 dimoveamur.

2577 4409 2905 4494 Deinceps
2967 4410 3293 4492 sequitur:
3353 4407 3588 4475 Michoz
3623 4408 3827 4489 filiam
3874 4405 4091 4472 Sauli-s
4133 4406 4334 4474 Davi-

2405 4496 2546 4561 dem
2594 4496 2953 4561 redamasse
2966 4520 2986 4561 .·
3043 4500 3097 4560 et
3142 4494 3628 4562 Philistaeorum
3658 4493 3987 4574 principes
4041 4512 4334 4578 syre-asos,

2405 4602 2449 4648 a
2494 4581 2817 4664 principio
2866 4586 3077 4647 auten»
3138 4581 3510 4665 opressionis
3564 4599 3772 4643 comm
3962 4578 4209 4643 dentiae
4270 4602 4338 4648 se

2402 4668 2669 4751 yessn’sse
2708 4666 3021 4732 Davidem
3074 4688 3262 4748 quam
3319 4684 3526 4731 omnes
3568 4684 3779 4729 servos
3823 4598 4063 4744 mlta,
4122 4664 4187 4729 id
4235 4677 4338 4732 est

2408 4752 2802 4818 Philistaeos
2855 4751 2936 4816 ad
2981 4752 3218 4818 bellum
3274 4771 3565 4836 egressos
3608 4770 3801 4831 saepe
3845 4750 4336 4819 velitationibus

2408 4838 2632 4903 multis
2696 4839 3063 4904 exercuisse
3122 4838 3476 4912 Israelitas,
3554 4834 3668 4899 sed
3739 4832 4063 4899 Davidem
4130 4836 4335 4905 fuisse

2409 4927 2616 4989 instar
2658 4923 3148 5007 propugnaculi,
3207 4934 3275 4988 et
3328 4941 3483 5006 prae
3525 4919 3828 4985 omnibus
3863 4920 4074 4987 servis
4117 4920 4338 4990 Saulis

2408 5032 2477 5077 se
2522 5010 2781 5076 fortiter
2821 5011 3117 5094 gessisse.
3162 5009 3265 5073 De
3301 5005 3625 5072 Micholae
3668 5025 3889 5071 amore
3925 5006 4336 5075 sentiendum

2409 5105 2526 5179 est,
2589 5095 2805 5161 Deum
2860 5095 2951 5160 ita
3009 5116 3193 5160 suam
3249 5113 3403 5177 erga
3446 5089 3771 5157 Davidem
3816 5090 4337 5161 benevolentiam

2407 5190 2721 5248 testatum
2766 5201 2908 5247 esse
2966 5178 3304 5247 conciliata
3361 5178 3453 5245 illi
3513 5197 3737 5253 uxore,
3795 5187 3867 5242 ut
3923 5181 4131 5280 magis
4176 5179 4337 5248 Saul

2409 5276 2711 5334 ureretur
2751 5274 3102 5352 conspecta
3144 5275 3376 5331 mutua
3416 5263 3768 5349 coniugum
3810 5264 4115 5333 amicitia.
4205 5267 4336 5333 Ve-
