5059 6059
788 340 917 406 239
2421 339 3156 408 PROLEGOMENA.
4177 339 4192 356 ‘
4668 335 4788 403 240

794 532 909 598 sed
951 535 1189 597 tantum
1230 553 1307 597 ex
1348 531 1605 615 yallicis
1646 532 1783 596 eius
1815 530 2205 598 concionibus
2234 531 2475 614 latina-‚3
2504 531 2716 614 facere
2755 531 2955 597 nostri
2986 532 3182 616 fuerit
3214 530 3509 613 instituti,
3552 529 3714 596 nihil
3734 548 4010 612 prorsus
4044 527 4119 594 in
4162 528 4302 596 illis
4344 527 4788 595 immicum

804 645 1107 710 duximus
1148 644 1265 708 rel.
1357 642 1762 726 Subscripsit
1805 643 2021 708 David
2067 642 2380 709 Claudus.

1105 756 1355 821 'sextus
1399 755 1569 820 binis
1610 754 1930 821 columnis
1972 776 2323 838 expressus
2358 753 2937 838 comprehenditur
2977 753 3389 821 ternionibus
3444 754 3526 820 51
3588 754 3856 841 (A—Z3
3911 755 4223 835 Aa-Zz;
4292 753 4654 820 Aaa—Eee
4692 753 4786 840 iij)

799 888 1075 951 quorum
1143 865 1270 936 duo
1332 867 1645 951 postremi
1707 876 1962 931 tantum
2020 875 2301 951 quatuor
2354 866 2527 933 foliis
2586 873 2910 934 constant.
2999 865 3262 931 Folium
3318 866 3628 932 ultimum
3671 865 3741 931 in
3786 866 3970 933 albis.
4059 866 4354 952 Paginae
4410 875 4783 932 numeratae

801 989 955 1046 sunt
990 979 1137 1057 602,
1183 990 1546 1061 sequuntur
1589 990 1734 1044 octo
1777 979 1931 1043 folia
1973 998 2121 1044 cum
2181 978 2524 1045 indicibus.
2612 978 2943 1043 Homiliae
3000 987 3156 1043 sunt
3198 987 3465 1044 centum
3519 987 3585 1043 et
3638 988 3912 1062 septem.
3976 978 4217 1045 Exstat
4274 973 4541 1061 quidem
4593 978 4785 1046 altera

801 1113 969 1176 quae
1014 1092 1225 1156 fertur
1270 1089 1490 1167 editio,
1537 1091 1785 1156 scilicet
1826 1091 1940 1153 illa
1986 1110 2151 1172 quae
2196 1089 2317 1156 hoc
2360 1090 2552 1155 titulo
2596 1090 2808 1155 venit:

1107 1202 1424 1269 Iohannis
1463 1202 1473 1287 Ι
1513 1201 1779 1268 calvini
1819 1202 1830 1287 Ι
1865 1222 2135 1284 opervm
2179 1203 2472 1266 omnivm
2513 1201 2526 1288 Ι
2565 1199 3081 1285 theologicorvm
3123 1201 3134 1285 Ι
3172 1202 3417 1267 Τοωηει
3474 1200 3833 1268 secundus:
3886 1201 3898 1287 Ι
3936 1202 4274 1267 continens
4310 1202 4323 1285 Ι
4360 1198 4688 1268 Homilias
4718 1201 4782 1267 in

799 1317 854 1382 Ι.
897 1314 1138 1381 librum
1187 1315 1529 1395 Samuelis,
1569 1314 1578 1397 Ι
1618 1323 1685 1378 et
1726 1314 2068 1380 conciones
2111 1314 2180 1379 in
2227 1314 2467 1380 librvm
2511 1313 2675 1379 Iobi.
2716 1314 2726 1397 Ι
2764 1317 2934 1379 σασα.
2988 1312 3000 1398 Ι
3052 1313 3386 1379 Genevae.
3434 1312 3445 1400 Ι
3501 1312 3698 1397 Apud
3757 1313 4127 1379 Iohannem
4174 1313 4464 1398 Vignon,
4524 1312 4784 1380 Petrum

803 1440 869 1493 et
905 1427 916 1511 Ι
954 1427 1262 1494 Iacobum
1307 1427 1583 1491 Chouet.
1626 1426 1637 1510 Ι
1677 1424 2131 1491 MDOXVII.
2219 1423 2385 1511 (fol.)
2468 1426 2583 1492 sub
2625 1424 2972 1491 emblemate
3012 1424 3320 1492 anchorae
3362 1429 3417 1491 et
3457 1426 3784 1508 serpentia

1102 1529 1361 1602 'Verum
1408 1537 1746 1602 volumine
1792 1536 2288 1620 diligentissime
2334 1558 2610 1603 excusso
2654 1537 2987 1603 affirmare
3030 1535 3341 1603 audacter
3386 1557 3738 1620 possumus
3792 1557 4036 1604 novam
4098 1535 4206 1604 hic
4263 1536 4619 1603 editionem
4674 1538 4786 1601 mi-

798 1650 981 1716 nime
1024 1631 1318 1733 prostare
1357 1648 1470 1715 sed
1514 1648 1654 1715 solo
1700 1647 1892 1713 titulo
1936 1657 2204 1727 mutato,
2251 1647 2658 1715 dedicatione
2704 1650 2962 1715 noviter
3003 1668 3234 1715 recusa
3276 1656 3343 1714 et
3385 1647 3599 1714 indice
3643 1656 3798 1715 ante
3842 1656 4097 1715 textum
4143 1649 4383 1734 posito,
4435 1648 4588 1715 libri
4625 1670 4791 1727 ‚anno

805 1762 972 1829 1604
1027 1762 1327 1846 impressi
1386 1760 1792 1843 exemplaria
1852 1762 2089 1854 iterum
2148 1761 2551 1843 emptoribus
2610 1760 2830 1826 oblata
2885 1760 3106 1828 fnisse.
3198 1758 3551 1826 Caeterum
3610 1769 3832 1826 textus
3889 1759 4190 1844 pluribus
4248 1760 4323 1825 in
4364 1759 4527 1826 locis
4569 1761 4791 1827 misere

789 1875 1194 1956 depravatus
1239 1881 1340 1937 est
1384 1884 1448 1937 et
1506 1870 1839 1937 erroribus
1884 1871 2372 1958 typographicis
2414 1880 2641 1951 scatet,
2702 1893 2861 1955 quos
2921 1893 3006 1937 ex
3061 1880 3249 1955 parte
3305 1872 3501 1936 tacite
3544 1873 3969 1950 correximus,
4027 1892 4109 1937 ex
4165 1881 4352 1956 parte
4393 1872 4466 1937 in
4510 1872 4791 1955 margine

797 1984 1187 2052 coniecturis
1230 1983 1578 2050 emendare
1623 1984 2015 2050 studuimus.
2103 1983 2253 2049 Non
2301 1984 2477 2049 enim
2521 2005 2748 2050 omnes
2791 1983 2861 2048 in
2906 1982 3192 2049 editione
3235 1981 3534 2068 Operum
3576 1980 4179 2051 Amstelodameusi
4237 1982 4572 2050 emendati
4626 1989 4791 2050 suut.

1102 2096 1187 2160 In
1233 2097 1594 2161 secundum
1641 2095 1880 2161 librum
1906 2094 2233 2162 Samuelis
2275 2105 2546 2161 exstant
2602 2096 2934 2179 octoginta
2979 2104 3048 2160 et
3105 2103 3356 2177 septem
3415 2116 3749 2162 sermones
3792 2095 4016 2179 gallici
4051 2114 4257 2160 manu
4300 2096 4528 2179 scripti
4585 2097 4661 2161 in
4703 2097 4785 2162 bi-

796 2210 1121 2276 bliotheca
1166 2208 1560 2274 Geuevensi.
1647 2207 1881 2273 Habiti
1922 2209 2109 2272 fuere
2150 2227 2191 2271 a
2236 2207 2343 2272 die
2385 2207 2469 2273 23
2515 2208 2675 2273 Maii
2725 2207 2893 2273 1562
2950 2207 3034 2272 ad
3093 2206 3266 2272 diem
3312 2206 3353 2272 3
3395 2206 3742 2272 Februarii
3793 2206 3980 2273 1563.
4069 2205 4398 2273 Volnmen
4443 2206 4792 2274 absolvitur

799 2321 929 2387 880
972 2320 1228 2404 paginis
1272 2319 1518 2385 formae
1562 2320 1907 2386 maximae.
1974 2319 2200 2400 Quum
2239 2319 2371 2385 iam
2417 2318 2590 2384 ultra
2635 2318 2873 2403 viginti
2915 2338 3121 2384 annos
3165 2318 3236 2382 in
3280 2318 3681 2402 colligendos
3736 2325 3802 2383 et
3837 2316 4299 2385 describendos
4336 2319 4554 2385 varios
4576 2319 4790 2385 Nostri

800 2441 1023 2497 textus
1067 2429 1595 2516 impenderimus,
1670 2452 2000 2516 quumque
2053 2451 2136 2496 ex
2192 2430 2417 2496 multis
2467 2430 2615 2496 aliis
2659 2451 2821 2513 quas
2866 2429 2982 2494 tibi
3027 2451 3222 2513 porro
3265 2430 3617 2496 offeremus
3661 2430 4085 2498 concionibus
4129 2431 4271 2502 eius
4313 2430 4699 2497 methodum
4737 2439 4793 2498 et

796 2544 1140 2626 ingenium
1183 2544 1343 2609 satis
1386 2545 1753 2626 perspicere
1799 2544 2027 2625 possis,
2073 2551 2141 2608 et
2175 2542 2244 2607 in
2290 2541 2579 2608 moribus
2623 2542 3024 2627 castigandis
3069 2542 3372 2609 acerrimi
3432 2541 3712 2607 oratoris
3755 2541 4282 2626 christianaeque
4327 2541 4667 2609 doctrinae
4708 2563 4795 2607 as-

799 2656 1072 2722 sertoris
1116 2654 1509 2740 gravissimi,
1560 2676 1787 2720 verum
1833 2656 2031 2720 etiam
2075 2654 2147 2720 iu
2196 2653 2474 2720 historia
2518 2652 2858 2719 tractanda
2902 2674 3025 2737 pro
3061 2674 3246 2719 more
3280 2651 3459 2718 illius
3493 2653 3727 2718 aetatis
3764 2653 4116 2738 theologici
4151 2653 4372 2738 potius
4406 2662 4475 2720 et
4505 2653 4796 2738 polemici

795 2766 1137 2850 scriptoris
1182 2788 1380 2850 quam
1423 2767 1654 2847 critici,
1710 2765 1898 2833 facilc
1942 2766 2204 2833 veniam
2249 2766 2368 2832 abs
2410 2775 2475 2831 te
2516 2764 2956 2832 obtinebimus
2999 2765 3170 2848 quod
3232 2763 3411 2831 hunc
3453 2784 3711 2849 qnoque
3757 2772 3892 2832 tam
3937 2785 4285 2849 operosum
4329 2765 4622 2833 laborem
4662 2771 4796 2850 post

805 2889 904 2944 tot
947 2880 1111 2945 alios
1154 2900 1283 2945 non
1331 2879 1755 2960 suscepimus.
