<?xml version="1.0" encoding="UTF-8"?>
<!DOCTYPE html PUBLIC "-//W3C//DTD XHTML 1.0 Transitional//EN"
    "http://www.w3.org/TR/xhtml1/DTD/xhtml1-transitional.dtd">
<html xmlns="http://www.w3.org/1999/xhtml" xml:lang="en" lang="en">
 <head>
  <title>
</title>
<meta http-equiv="Content-Type" content="text/html;charset=utf-8" />
  <meta name='ocr-system' content='tesseract 3.04.00' />
  <meta name='ocr-capabilities' content='ocr_page ocr_carea ocr_par ocr_line ocrx_word'/>
</head>
<body>
  <div class='ocr_page' id='page_1' title='image "./ioanniscalvinio07unkngoog_0589.png"; bbox 0 0 5059 6059; ppageno 0'>
   <div class='ocr_carea' id='block_1_1' title="bbox 313 358 425 424">
    <p class='ocr_par' dir='ltr' id='par_1_1' title="bbox 313 358 425 424">
     <span class='ocr_line' id='line_1_1' title="bbox 313 358 425 424; baseline -0.018 0"><span class='ocrx_word' id='word_1_1' title='bbox 313 358 425 424; x_wconf 80' lang='lat'><strong>273</strong></span> 
     </span>
    </p>
   </div>
   <div class='ocr_carea' id='block_1_2' title="bbox 1562 356 2988 428">
    <p class='ocr_par' dir='ltr' id='par_1_2' title="bbox 1562 356 2988 428">
     <span class='ocr_line' id='line_1_2' title="bbox 1562 356 2988 428; baseline 0.004 -6"><span class='ocrx_word' id='word_1_2' title='bbox 1562 356 1660 423; x_wconf 91' lang='lat' dir='ltr'><strong>IN</strong></span> <span class='ocrx_word' id='word_1_3' title='bbox 1707 358 1759 424; x_wconf 93' lang='lat' dir='ltr'><strong>I.</strong></span> <span class='ocrx_word' id='word_1_4' title='bbox 1806 356 1986 423; x_wconf 88' lang='lat' dir='ltr'><strong>LIB.</strong></span> <span class='ocrx_word' id='word_1_5' title='bbox 2035 357 2432 426; x_wconf 70' lang='lat' dir='ltr'><strong>SAMUEL.</strong></span> <span class='ocrx_word' id='word_1_6' title='bbox 2478 359 2679 427; x_wconf 87' lang='lat' dir='ltr'><strong>CAP.</strong></span> <span class='ocrx_word' id='word_1_7' title='bbox 2722 358 2988 428; x_wconf 86' lang='lat' dir='ltr'>XVIII.</span> 
     </span>
    </p>
   </div>
   <div class='ocr_carea' id='block_1_3' title="bbox 4133 350 4267 419">
    <p class='ocr_par' dir='ltr' id='par_1_3' title="bbox 4133 350 4267 419">
     <span class='ocr_line' id='line_1_3' title="bbox 4133 350 4267 419; baseline -0.015 0"><span class='ocrx_word' id='word_1_8' title='bbox 4133 350 4267 419; x_wconf 80' lang='lat'><strong>274</strong></span> 
     </span>
    </p>
   </div>
   <div class='ocr_carea' id='block_1_4' title="bbox 311 542 4258 632">
    <p class='ocr_par' dir='ltr' id='par_1_4' title="bbox 311 542 4258 632">
     <span class='ocr_line' id='line_1_4' title="bbox 311 542 4258 632; baseline 0.001 -20"><span class='ocrx_word' id='word_1_9' title='bbox 311 545 481 612; x_wconf 90' lang='lat' dir='ltr'><strong>modo</strong></span> <span class='ocrx_word' id='word_1_10' title='bbox 533 543 758 612; x_wconf 85' lang='lat' dir='ltr'><strong>fideles</strong></span> <span class='ocrx_word' id='word_1_11' title='bbox 798 545 1016 612; x_wconf 89' lang='lat' dir='ltr'><strong>Deum</strong></span> <span class='ocrx_word' id='word_1_12' title='bbox 1063 547 1355 625; x_wconf 76' lang='lat' dir='ltr'><strong>timeant,</strong></span> <span class='ocrx_word' id='word_1_13' title='bbox 1416 542 1540 614; x_wconf 78' lang='lat' dir='ltr'><strong>nec&#39;</strong></span> <span class='ocrx_word' id='word_1_14' title='bbox 1581 557 1802 612; x_wconf 89' lang='lat' dir='ltr'><strong>tamen</strong></span> <span class='ocrx_word' id='word_1_15' title='bbox 1847 548 1986 613; x_wconf 88' lang='lat' dir='ltr'><strong>eius</strong></span> <span class='ocrx_word' id='word_1_16' title='bbox 2030 567 2220 629; x_wconf 87' lang='lat' dir='ltr'><strong>prae·</strong></span> <span class='ocrx_word' id='word_1_17' title='bbox 2323 556 2455 613; x_wconf 92' lang='lat' dir='ltr'><strong>tem</strong></span> <span class='ocrx_word' id='word_1_18' title='bbox 2499 555 2568 612; x_wconf 91' lang='lat' dir='ltr'><strong>et</strong></span> <span class='ocrx_word' id='word_1_19' title='bbox 2610 549 3144 632; x_wconf 74' lang='lat' dir='ltr'><strong>tranquillitatem</strong></span> <span class='ocrx_word' id='word_1_20' title='bbox 3191 548 3504 617; x_wconf 76' lang='lat' dir='ltr'><strong>docilibus</strong></span> <span class='ocrx_word' id='word_1_21' title='bbox 3546 551 3613 616; x_wconf 92' lang='lat' dir='ltr'><strong>et</strong></span> <span class='ocrx_word' id='word_1_22' title='bbox 3655 546 4020 617; x_wconf 78' lang='lat' dir='ltr'><strong>humilibus</strong></span> <span class='ocrx_word' id='word_1_23' title='bbox 4062 549 4258 618; x_wconf 91' lang='lat' dir='ltr'><strong>corde</strong></span> 
     </span>
    </p>
   </div>
   <div class='ocr_carea' id='block_1_5' title="bbox 210 630 2222 5346">
    <p class='ocr_par' dir='ltr' id='par_1_5' title="bbox 210 630 2222 5346">
     <span class='ocr_line' id='line_1_5' title="bbox 307 630 2222 717; baseline -0.001 -18"><span class='ocrx_word' id='word_1_24' title='bbox 307 632 566 699; x_wconf 68' lang='lat' dir='ltr'><strong>sennam</strong></span> <span class='ocrx_word' id='word_1_25' title='bbox 612 630 940 709; x_wconf 89' lang='lat' dir='ltr'><strong>horreant,</strong></span> <span class='ocrx_word' id='word_1_26' title='bbox 985 644 1102 698; x_wconf 92' lang='lat' dir='ltr'><strong>aut</strong></span> <span class='ocrx_word' id='word_1_27' title='bbox 1146 643 1456 717; x_wconf 91' lang='lat' dir='ltr'><strong>tanquam</strong></span> <span class='ocrx_word' id='word_1_28' title='bbox 1506 644 1794 717; x_wconf 78' lang='lat' dir='ltr'><strong>agrestes</strong></span> <span class='ocrx_word' id='word_1_29' title='bbox 1836 633 2009 698; x_wconf 84' lang='lat' dir='ltr'><strong>ferae</strong></span> <span class='ocrx_word' id='word_1_30' title='bbox 2056 633 2222 698; x_wconf 84' lang='lat' dir='ltr'><strong>refu·</strong></span> 
     </span>
     <span class='ocr_line' id='line_1_6' title="bbox 309 715 2220 803; baseline 0 -21"><span class='ocrx_word' id='word_1_31' title='bbox 309 720 495 803; x_wconf 87' lang='lat' dir='ltr'><strong>giant,</strong></span> <span class='ocrx_word' id='word_1_32' title='bbox 537 715 651 782; x_wconf 89' lang='lat' dir='ltr'><strong>sed</strong></span> <span class='ocrx_word' id='word_1_33' title='bbox 686 730 914 783; x_wconf 92' lang='lat' dir='ltr'><strong>contra</strong></span> <span class='ocrx_word' id='word_1_34' title='bbox 950 739 1092 783; x_wconf 89' lang='lat' dir='ltr'><strong>sese</strong></span> <span class='ocrx_word' id='word_1_35' title='bbox 1126 718 1269 784; x_wconf 91' lang='lat' dir='ltr'><strong>Deo</strong></span> <span class='ocrx_word' id='word_1_36' title='bbox 1305 721 1425 803; x_wconf 91' lang='lat' dir='ltr'><strong>ipsi</strong></span> <span class='ocrx_word' id='word_1_37' title='bbox 1467 719 1764 797; x_wconf 85' lang='lat' dir='ltr'><strong>offerant,</strong></span> <span class='ocrx_word' id='word_1_38' title='bbox 1801 716 2220 801; x_wconf 87' lang='lat' dir='ltr'><strong>eiusdemque</strong></span> 
     </span>
     <span class='ocr_line' id='line_1_7' title="bbox 306 803 2220 887; baseline -0.001 -18"><span class='ocrx_word' id='word_1_39' title='bbox 306 803 793 869; x_wconf 88' lang='lat' dir='ltr'><strong>misericordiam</strong></span> <span class='ocrx_word' id='word_1_40' title='bbox 840 803 1210 887; x_wconf 90' lang='lat' dir='ltr'><strong>implorent,</strong></span> <span class='ocrx_word' id='word_1_41' title='bbox 1256 825 1388 869; x_wconf 91' lang='lat' dir='ltr'><strong>non</strong></span> <span class='ocrx_word' id='word_1_42' title='bbox 1424 805 1797 871; x_wconf 75' lang='lat' dir='ltr'><strong>dubitantes</strong></span> <span class='ocrx_word' id='word_1_43' title='bbox 1832 806 1988 887; x_wconf 90' lang='lat' dir='ltr'><strong>quin</strong></span> <span class='ocrx_word' id='word_1_44' title='bbox 2022 805 2220 869; x_wconf 89' lang='lat' dir='ltr'><strong>etiam</strong></span> 
     </span>
     <span class='ocr_line' id='line_1_8' title="bbox 305 888 2217 958; baseline -0.001 -3"><span class='ocrx_word' id='word_1_45' title='bbox 305 888 737 955; x_wconf 89' lang='lat' dir='ltr'><strong>exaudiantur.</strong></span> <span class='ocrx_word' id='word_1_46' title='bbox 828 888 1074 955; x_wconf 78' lang='lat' dir='ltr'><strong>Contra</strong></span> <span class='ocrx_word' id='word_1_47' title='bbox 1155 911 1311 956; x_wconf 88' lang='lat' dir='ltr'><strong>vero</strong></span> <span class='ocrx_word' id='word_1_48' title='bbox 1391 888 1553 958; x_wconf 87' lang='lat' dir='ltr'><strong>Saul</strong></span> <span class='ocrx_word' id='word_1_49' title='bbox 1634 889 1913 957; x_wconf 87' lang='lat' dir='ltr'><strong>Davidis</strong></span> <span class='ocrx_word' id='word_1_50' title='bbox 1990 891 2217 955; x_wconf 85' lang='lat' dir='ltr'><strong>faciem</strong></span> 
     </span>
     <span class='ocr_line' id='line_1_9' title="bbox 305 972 2220 1060; baseline 0 -21"><span class='ocrx_word' id='word_1_51' title='bbox 305 975 565 1051; x_wconf 83' lang='lat' dir='ltr'><strong>horruit,</strong></span> <span class='ocrx_word' id='word_1_52' title='bbox 610 972 780 1058; x_wconf 91' lang='lat' dir='ltr'><strong>quod</strong></span> <span class='ocrx_word' id='word_1_53' title='bbox 826 976 895 1040; x_wconf 91' lang='lat' dir='ltr'><strong>in</strong></span> <span class='ocrx_word' id='word_1_54' title='bbox 940 997 1018 1040; x_wconf 93' lang='lat' dir='ltr'><strong>ea</strong></span> <span class='ocrx_word' id='word_1_55' title='bbox 1061 986 1372 1059; x_wconf 88' lang='lat' dir='ltr'><strong>tanquam</strong></span> <span class='ocrx_word' id='word_1_56' title='bbox 1417 978 1485 1041; x_wconf 89' lang='lat' dir='ltr'><strong>in</strong></span> <span class='ocrx_word' id='word_1_57' title='bbox 1521 975 1781 1060; x_wconf 88' lang='lat' dir='ltr'><strong>speculo</strong></span> <span class='ocrx_word' id='word_1_58' title='bbox 1816 976 2033 1041; x_wconf 92' lang='lat' dir='ltr'><strong>Deum</strong></span> <span class='ocrx_word' id='word_1_59' title='bbox 2068 996 2220 1041; x_wconf 93' lang='lat' dir='ltr'><strong>con-</strong></span> 
     </span>
     <span class='ocr_line' id='line_1_10' title="bbox 304 1059 2219 1146; baseline 0.001 -22"><span class='ocrx_word' id='word_1_60' title='bbox 304 1059 746 1144; x_wconf 85' lang='lat' dir='ltr'><strong>templaretur:</strong></span> <span class='ocrx_word' id='word_1_61' title='bbox 791 1082 920 1144; x_wconf 89' lang='lat' dir='ltr'><strong>qua</strong></span> <span class='ocrx_word' id='word_1_62' title='bbox 963 1061 1044 1126; x_wconf 92' lang='lat' dir='ltr'><strong>de</strong></span> <span class='ocrx_word' id='word_1_63' title='bbox 1077 1084 1276 1128; x_wconf 91' lang='lat' dir='ltr'><strong>causa</strong></span> <span class='ocrx_word' id='word_1_64' title='bbox 1309 1061 1638 1127; x_wconf 78' lang='lat' dir='ltr'><strong>Davidem</strong></span> <span class='ocrx_word' id='word_1_65' title='bbox 1676 1083 1716 1128; x_wconf 89' lang='lat' dir='ltr'><strong>a</strong></span> <span class='ocrx_word' id='word_1_66' title='bbox 1752 1084 1826 1127; x_wconf 90' lang='lat' dir='ltr'><strong>se</strong></span> <span class='ocrx_word' id='word_1_67' title='bbox 1862 1081 1992 1145; x_wconf 89' lang='lat' dir='ltr'><strong>qua</strong></span> <span class='ocrx_word' id='word_1_68' title='bbox 2026 1062 2219 1146; x_wconf 88' lang='lat' dir='ltr'><strong>longe</strong></span> 
     </span>
     <span class='ocr_line' id='line_1_11' title="bbox 302 1145 2222 1232; baseline 0 -22"><span class='ocrx_word' id='word_1_69' title='bbox 302 1147 504 1230; x_wconf 83' lang='lat' dir='ltr'><strong>potuit</strong></span> <span class='ocrx_word' id='word_1_70' title='bbox 547 1145 895 1230; x_wconf 85' lang='lat' dir='ltr'><strong>ablegavit.</strong></span> <span class='ocrx_word' id='word_1_71' title='bbox 981 1146 1199 1231; x_wconf 84' lang='lat' dir='ltr'><strong>Atque</strong></span> <span class='ocrx_word' id='word_1_72' title='bbox 1242 1151 1368 1215; x_wconf 91' lang='lat' dir='ltr'><strong>iste</strong></span> <span class='ocrx_word' id='word_1_73' title='bbox 1403 1158 1505 1213; x_wconf 88' lang='lat' dir='ltr'><strong>est</strong></span> <span class='ocrx_word' id='word_1_74' title='bbox 1539 1148 1980 1232; x_wconf 90' lang='lat' dir='ltr'><strong>improborum</strong></span> <span class='ocrx_word' id='word_1_75' title='bbox 2020 1145 2222 1212; x_wconf 90' lang='lat' dir='ltr'><strong>homi·</strong></span> 
     </span>
     <span class='ocr_line' id='line_1_12' title="bbox 301 1231 2220 1317; baseline -0.002 -19"><span class='ocrx_word' id='word_1_76' title='bbox 301 1255 447 1298; x_wconf 92' lang='lat' dir='ltr'><strong>num</strong></span> <span class='ocrx_word' id='word_1_77' title='bbox 492 1233 686 1296; x_wconf 87' lang='lat' dir='ltr'><strong>timor</strong></span> <span class='ocrx_word' id='word_1_78' title='bbox 730 1231 809 1297; x_wconf 92' lang='lat' dir='ltr'><strong>de</strong></span> <span class='ocrx_word' id='word_1_79' title='bbox 855 1234 1031 1299; x_wconf 92' lang='lat' dir='ltr'><strong>Deo:</strong></span> <span class='ocrx_word' id='word_1_80' title='bbox 1087 1235 1276 1299; x_wconf 91' lang='lat' dir='ltr'><strong>cuius</strong></span> <span class='ocrx_word' id='word_1_81' title='bbox 1320 1236 1759 1317; x_wconf 86' lang='lat' dir='ltr'><strong>praesentiam</strong></span> <span class='ocrx_word' id='word_1_82' title='bbox 1805 1233 2090 1307; x_wconf 89' lang='lat' dir='ltr'><strong>horrent,</strong></span> <span class='ocrx_word' id='word_1_83' title='bbox 2152 1242 2220 1296; x_wconf 89' lang='lat' dir='ltr'><strong>et</strong></span> 
     </span>
     <span class='ocr_line' id='line_1_13' title="bbox 301 1316 2217 1404; baseline -0.001 -21"><span class='ocrx_word' id='word_1_84' title='bbox 301 1339 485 1401; x_wconf 90' lang='lat' dir='ltr'><strong>quam</strong></span> <span class='ocrx_word' id='word_1_85' title='bbox 557 1316 775 1399; x_wconf 90' lang='lat' dir='ltr'><strong>procul</strong></span> <span class='ocrx_word' id='word_1_86' title='bbox 837 1330 1110 1401; x_wconf 88' lang='lat' dir='ltr'><strong>possunt</strong></span> <span class='ocrx_word' id='word_1_87' title='bbox 1164 1320 1447 1404; x_wconf 77' lang='lat' dir='ltr'><strong>fugiunt,</strong></span> <span class='ocrx_word' id='word_1_88' title='bbox 1519 1329 1901 1403; x_wconf 76' lang='lat' dir='ltr'><strong>exoptantes</strong></span> <span class='ocrx_word' id='word_1_89' title='bbox 1960 1320 2016 1383; x_wconf 92' lang='lat' dir='ltr'><strong>si</strong></span> <span class='ocrx_word' id='word_1_90' title='bbox 2075 1318 2217 1383; x_wconf 89' lang='lat' dir='ltr'><strong>fieri</strong></span> 
     </span>
     <span class='ocr_line' id='line_1_14' title="bbox 299 1404 2217 1489; baseline -0.001 -20"><span class='ocrx_word' id='word_1_91' title='bbox 299 1416 505 1489; x_wconf 84' lang='lat' dir='ltr'><strong>posset</strong></span> <span class='ocrx_word' id='word_1_92' title='bbox 551 1413 626 1468; x_wconf 90' lang='lat' dir='ltr'><strong>ut</strong></span> <span class='ocrx_word' id='word_1_93' title='bbox 669 1414 922 1469; x_wconf 87' lang='lat' dir='ltr'><strong>montes</strong></span> <span class='ocrx_word' id='word_1_94' title='bbox 967 1405 1272 1471; x_wconf 79' lang='lat' dir='ltr'><strong>caderent</strong></span> <span class='ocrx_word' id='word_1_95' title='bbox 1311 1407 1378 1471; x_wconf 90' lang='lat' dir='ltr'><strong>in</strong></span> <span class='ocrx_word' id='word_1_96' title='bbox 1425 1425 1542 1471; x_wconf 89' lang='lat' dir='ltr'><strong>sua</strong></span> <span class='ocrx_word' id='word_1_97' title='bbox 1578 1406 1811 1488; x_wconf 90' lang='lat' dir='ltr'><strong>capita,</strong></span> <span class='ocrx_word' id='word_1_98' title='bbox 1856 1404 2086 1488; x_wconf 91' lang='lat' dir='ltr'><strong>quibus</strong></span> <span class='ocrx_word' id='word_1_99' title='bbox 2123 1416 2217 1468; x_wconf 89' lang='lat' dir='ltr'><strong>te·</strong></span> 
     </span>
     <span class='ocr_line' id='line_1_15' title="bbox 297 1488 2219 1576; baseline 0.001 -22"><span class='ocrx_word' id='word_1_100' title='bbox 297 1501 622 1574; x_wconf 78' lang='lat' dir='ltr'><strong>gerentur,</strong></span> <span class='ocrx_word' id='word_1_101' title='bbox 669 1511 752 1553; x_wconf 90' lang='lat' dir='ltr'><strong>ne</strong></span> <span class='ocrx_word' id='word_1_102' title='bbox 796 1488 922 1555; x_wconf 92' lang='lat' dir='ltr'><strong>Dei</strong></span> <span class='ocrx_word' id='word_1_103' title='bbox 967 1511 1229 1556; x_wconf 91' lang='lat' dir='ltr'><strong>manum</strong></span> <span class='ocrx_word' id='word_1_104' title='bbox 1267 1492 1550 1575; x_wconf 88' lang='lat' dir='ltr'><strong>experiri</strong></span> <span class='ocrx_word' id='word_1_105' title='bbox 1586 1501 1995 1576; x_wconf 77' lang='lat' dir='ltr'><strong>cogerentur.</strong></span> <span class='ocrx_word' id='word_1_106' title='bbox 2083 1489 2219 1555; x_wconf 84' lang='lat' dir='ltr'><strong>Me-</strong></span> 
     </span>
     <span class='ocr_line' id='line_1_16' title="bbox 297 1574 2218 1643; baseline 0.001 -3"><span class='ocrx_word' id='word_1_107' title='bbox 297 1590 396 1641; x_wconf 89' lang='lat' dir='ltr'><strong>tus</strong></span> <span class='ocrx_word' id='word_1_108' title='bbox 438 1590 658 1641; x_wconf 88' lang='lat' dir='ltr'><strong>autem</strong></span> <span class='ocrx_word' id='word_1_109' title='bbox 702 1575 813 1640; x_wconf 89' lang='lat' dir='ltr'><strong>ille</strong></span> <span class='ocrx_word' id='word_1_110' title='bbox 858 1577 1068 1641; x_wconf 90' lang='lat' dir='ltr'><strong>oritur</strong></span> <span class='ocrx_word' id='word_1_111' title='bbox 1156 1577 1328 1642; x_wconf 91' lang='lat' dir='ltr'><strong>otius</strong></span> <span class='ocrx_word' id='word_1_112' title='bbox 1362 1600 1443 1643; x_wconf 88' lang='lat' dir='ltr'><strong>ex</strong></span> <span class='ocrx_word' id='word_1_113' title='bbox 1481 1578 1726 1642; x_wconf 89' lang='lat' dir='ltr'><strong>malitia</strong></span> <span class='ocrx_word' id='word_1_114' title='bbox 1761 1587 1830 1641; x_wconf 93' lang='lat' dir='ltr'><strong>et</strong></span> <span class='ocrx_word' id='word_1_115' title='bbox 1866 1574 2218 1642; x_wconf 88' lang='lat' dir='ltr'><strong>rebellione</strong></span> 
     </span>
     <span class='ocr_line' id='line_1_17' title="bbox 292 1660 2217 1745; baseline -0.001 -19"><span class='ocrx_word' id='word_1_116' title='bbox 292 1682 482 1745; x_wconf 87' lang='lat' dir='ltr'><strong>quam</strong></span> <span class='ocrx_word' id='word_1_117' title='bbox 530 1663 917 1738; x_wconf 87' lang='lat' dir='ltr'><strong>reverentia,</strong></span> <span class='ocrx_word' id='word_1_118' title='bbox 962 1683 1090 1745; x_wconf 91' lang='lat' dir='ltr'><strong>quo</strong></span> <span class='ocrx_word' id='word_1_119' title='bbox 1179 1662 1454 1745; x_wconf 87' lang='lat' dir='ltr'><strong>improbi</strong></span> <span class='ocrx_word' id='word_1_120' title='bbox 1499 1663 1642 1727; x_wconf 92' lang='lat' dir='ltr'><strong>Deo</strong></span> <span class='ocrx_word' id='word_1_121' title='bbox 1687 1662 1920 1729; x_wconf 90' lang='lat' dir='ltr'><strong>subiici</strong></span> <span class='ocrx_word' id='word_1_122' title='bbox 1965 1660 2217 1739; x_wconf 86' lang='lat' dir='ltr'><strong>nolunt,</strong></span> 
     </span>
     <span class='ocr_line' id='line_1_18' title="bbox 289 1747 2218 1832; baseline 0 -19"><span class='ocrx_word' id='word_1_123' title='bbox 289 1750 408 1813; x_wconf 89' lang='lat' dir='ltr'><strong>etsi</strong></span> <span class='ocrx_word' id='word_1_124' title='bbox 457 1760 678 1811; x_wconf 88' lang='lat' dir='ltr'><strong>tamen</strong></span> <span class='ocrx_word' id='word_1_125' title='bbox 723 1762 1024 1830; x_wconf 86' lang='lat' dir='ltr'><strong>oportere</strong></span> <span class='ocrx_word' id='word_1_126' title='bbox 1061 1749 1162 1814; x_wconf 90' lang='lat' dir='ltr'><strong>vel</strong></span> <span class='ocrx_word' id='word_1_127' title='bbox 1199 1748 1442 1815; x_wconf 89' lang='lat' dir='ltr'><strong>invitos</strong></span> <span class='ocrx_word' id='word_1_128' title='bbox 1499 1759 1917 1832; x_wconf 87' lang='lat' dir='ltr'><strong>cognoscunt,</strong></span> <span class='ocrx_word' id='word_1_129' title='bbox 1962 1758 2030 1813; x_wconf 91' lang='lat' dir='ltr'><strong>et</strong></span> <span class='ocrx_word' id='word_1_130' title='bbox 2068 1747 2218 1813; x_wconf 92' lang='lat' dir='ltr'><strong>huic</strong></span> 
     </span>
     <span class='ocr_line' id='line_1_19' title="bbox 284 1833 2218 1918; baseline -0.001 -19"><span class='ocrx_word' id='word_1_131' title='bbox 284 1833 637 1918; x_wconf 82' lang='lat' dir='ltr'><strong>cognitioni</strong></span> <span class='ocrx_word' id='word_1_132' title='bbox 697 1853 816 1916; x_wconf 91' lang='lat' dir='ltr'><strong>pro</strong></span> <span class='ocrx_word' id='word_1_133' title='bbox 875 1833 1120 1899; x_wconf 86' lang='lat' dir='ltr'><strong>viribus</strong></span> <span class='ocrx_word' id='word_1_134' title='bbox 1163 1835 1493 1901; x_wconf 88' lang='lat' dir='ltr'><strong>resistunt.</strong></span> <span class='ocrx_word' id='word_1_135' title='bbox 1585 1834 1760 1900; x_wconf 88' lang='lat' dir='ltr'><strong>Hinc</strong></span> <span class='ocrx_word' id='word_1_136' title='bbox 1802 1835 1881 1899; x_wconf 88' lang='lat' dir='ltr'><strong>fit</strong></span> <span class='ocrx_word' id='word_1_137' title='bbox 1923 1844 1995 1899; x_wconf 91' lang='lat' dir='ltr'><strong>ut</strong></span> <span class='ocrx_word' id='word_1_138' title='bbox 2038 1835 2218 1901; x_wconf 89' lang='lat' dir='ltr'><strong>virus</strong></span> 
     </span>
     <span class='ocr_line' id='line_1_20' title="bbox 284 1917 2216 2004; baseline -0.001 -20"><span class='ocrx_word' id='word_1_139' title='bbox 284 1939 478 1984; x_wconf 89' lang='lat' dir='ltr'><strong>suum</strong></span> <span class='ocrx_word' id='word_1_140' title='bbox 535 1917 943 2001; x_wconf 89' lang='lat' dir='ltr'><strong>despument,</strong></span> <span class='ocrx_word' id='word_1_141' title='bbox 1002 1929 1070 1983; x_wconf 88' lang='lat' dir='ltr'><strong>et</strong></span> <span class='ocrx_word' id='word_1_142' title='bbox 1122 1941 1262 1986; x_wconf 87' lang='lat' dir='ltr'><strong>sese</strong></span> <span class='ocrx_word' id='word_1_143' title='bbox 1320 1921 1494 2004; x_wconf 93' lang='lat' dir='ltr'><strong>ipsos</strong></span> <span class='ocrx_word' id='word_1_144' title='bbox 1549 1919 1818 1985; x_wconf 88' lang='lat' dir='ltr'><strong>turbent</strong></span> <span class='ocrx_word' id='word_1_145' title='bbox 1875 1932 1941 1984; x_wconf 92' lang='lat' dir='ltr'><strong>et</strong></span> <span class='ocrx_word' id='word_1_146' title='bbox 1984 1940 2216 1985; x_wconf 87' lang='lat' dir='ltr'><strong>excru-</strong></span> 
     </span>
     <span class='ocr_line' id='line_1_21' title="bbox 279 2005 2218 2083; baseline -0.001 -13"><span class='ocrx_word' id='word_1_147' title='bbox 279 2006 478 2083; x_wconf 86' lang='lat' dir='ltr'><strong>cient,</strong></span> <span class='ocrx_word' id='word_1_148' title='bbox 547 2014 615 2069; x_wconf 91' lang='lat' dir='ltr'><strong>et</strong></span> <span class='ocrx_word' id='word_1_149' title='bbox 668 2005 879 2069; x_wconf 86' lang='lat' dir='ltr'><strong>instar</strong></span> <span class='ocrx_word' id='word_1_150' title='bbox 919 2006 1240 2071; x_wconf 88' lang='lat' dir='ltr'><strong>fluctuum</strong></span> <span class='ocrx_word' id='word_1_151' title='bbox 1286 2026 1428 2072; x_wconf 91' lang='lat' dir='ltr'><strong>sese</strong></span> <span class='ocrx_word' id='word_1_152' title='bbox 1470 2016 1690 2073; x_wconf 91' lang='lat' dir='ltr'><strong>coorta</strong></span> <span class='ocrx_word' id='word_1_153' title='bbox 1732 2006 1797 2071; x_wconf 93' lang='lat' dir='ltr'><strong>in</strong></span> <span class='ocrx_word' id='word_1_154' title='bbox 1844 2007 2007 2070; x_wconf 91' lang='lat' dir='ltr'><strong>mari</strong></span> <span class='ocrx_word' id='word_1_155' title='bbox 2055 2016 2218 2069; x_wconf 88' lang='lat' dir='ltr'><strong>tem·</strong></span> 
     </span>
     <span class='ocr_line' id='line_1_22' title="bbox 280 2089 2218 2175; baseline -0.001 -20"><span class='ocrx_word' id='word_1_156' title='bbox 280 2101 538 2173; x_wconf 88' lang='lat' dir='ltr'><strong>pestate</strong></span> <span class='ocrx_word' id='word_1_157' title='bbox 618 2089 1064 2155; x_wconf 90' lang='lat' dir='ltr'><strong>collidentium</strong></span> <span class='ocrx_word' id='word_1_158' title='bbox 1145 2093 1530 2175; x_wconf 89' lang='lat' dir='ltr'><strong>praecipites</strong></span> <span class='ocrx_word' id='word_1_159' title='bbox 1610 2092 1924 2157; x_wconf 86' lang='lat' dir='ltr'><strong>ferantur.</strong></span> <span class='ocrx_word' id='word_1_160' title='bbox 2025 2089 2218 2155; x_wconf 83' lang='lat' dir='ltr'><strong>Stare</strong></span> 
     </span>
     <span class='ocr_line' id='line_1_23' title="bbox 277 2176 2220 2262; baseline 0 -22"><span class='ocrx_word' id='word_1_161' title='bbox 277 2177 418 2242; x_wconf 92' lang='lat' dir='ltr'><strong>loco</strong></span> <span class='ocrx_word' id='word_1_162' title='bbox 464 2189 821 2258; x_wconf 90' lang='lat' dir='ltr'><strong>nequeunt,</strong></span> <span class='ocrx_word' id='word_1_163' title='bbox 866 2187 932 2241; x_wconf 92' lang='lat' dir='ltr'><strong>et</strong></span> <span class='ocrx_word' id='word_1_164' title='bbox 972 2176 1127 2242; x_wconf 88' lang='lat' dir='ltr'><strong>hinc</strong></span> <span class='ocrx_word' id='word_1_165' title='bbox 1159 2176 1309 2243; x_wconf 89' lang='lat' dir='ltr'><strong>inde</strong></span> <span class='ocrx_word' id='word_1_166' title='bbox 1339 2178 1570 2262; x_wconf 89' lang='lat' dir='ltr'><strong>agitati</strong></span> <span class='ocrx_word' id='word_1_167' title='bbox 1599 2197 1921 2260; x_wconf 87' lang='lat' dir='ltr'><strong>nusquam</strong></span> <span class='ocrx_word' id='word_1_168' title='bbox 1944 2186 2220 2261; x_wconf 90' lang='lat' dir='ltr'><strong>possunt</strong></span> 
     </span>
     <span class='ocr_line' id='line_1_24' title="bbox 275 2260 2219 2345; baseline 0 -19"><span class='ocrx_word' id='word_1_169' title='bbox 275 2264 637 2344; x_wconf 87' lang='lat' dir='ltr'><strong>quiescere.</strong></span> <span class='ocrx_word' id='word_1_170' title='bbox 688 2260 932 2326; x_wconf 84' lang='lat' dir='ltr'><strong>Verum</strong></span> <span class='ocrx_word' id='word_1_171' title='bbox 969 2262 1273 2345; x_wconf 90' lang='lat' dir='ltr'><strong>quoniam</strong></span> <span class='ocrx_word' id='word_1_172' title='bbox 1313 2263 1471 2329; x_wconf 88' lang='lat' dir='ltr'><strong>haec</strong></span> <span class='ocrx_word' id='word_1_173' title='bbox 1495 2263 1802 2328; x_wconf 86' lang='lat' dir='ltr'><strong>videntur</strong></span> <span class='ocrx_word' id='word_1_174' title='bbox 1825 2262 2219 2343; x_wconf 87' lang='lat' dir='ltr'><strong>obscuriora,</strong></span> 
     </span>
     <span class='ocr_line' id='line_1_25' title="bbox 272 2346 2219 2431; baseline -0.001 -19"><span class='ocrx_word' id='word_1_175' title='bbox 272 2347 624 2431; x_wconf 87' lang='lat' dir='ltr'><strong>sigillatim</strong></span> <span class='ocrx_word' id='word_1_176' title='bbox 695 2346 909 2412; x_wconf 88' lang='lat' dir='ltr'><strong>adhuc</strong></span> <span class='ocrx_word' id='word_1_177' title='bbox 973 2348 1402 2430; x_wconf 87' lang='lat' dir='ltr'><strong>expendenda</strong></span> <span class='ocrx_word' id='word_1_178' title='bbox 1461 2359 1635 2415; x_wconf 90' lang='lat' dir='ltr'><strong>sunt.</strong></span> <span class='ocrx_word' id='word_1_179' title='bbox 1725 2348 1945 2429; x_wconf 88' lang='lat' dir='ltr'><strong>Quare</strong></span> <span class='ocrx_word' id='word_1_180' title='bbox 2000 2348 2219 2413; x_wconf 91' lang='lat' dir='ltr'><strong>obser·</strong></span> 
     </span>
     <span class='ocr_line' id='line_1_26' title="bbox 280 2431 2215 2513; baseline 0.001 -17"><span class='ocrx_word' id='word_1_181' title='bbox 280 2454 516 2498; x_wconf 85' lang='lat' dir='ltr'><strong>vemus</strong></span> <span class='ocrx_word' id='word_1_182' title='bbox 542 2431 782 2512; x_wconf 88' lang='lat' dir='ltr'><strong>Deum,</strong></span> <span class='ocrx_word' id='word_1_183' title='bbox 825 2432 977 2499; x_wconf 89' lang='lat' dir='ltr'><strong>licet</strong></span> <span class='ocrx_word' id='word_1_184' title='bbox 1022 2444 1260 2498; x_wconf 89' lang='lat' dir='ltr'><strong>natura</strong></span> <span class='ocrx_word' id='word_1_185' title='bbox 1302 2454 1419 2500; x_wconf 81' lang='lat' dir='ltr'><strong>sua</strong></span> <span class='ocrx_word' id='word_1_186' title='bbox 1463 2444 1600 2499; x_wconf 92' lang='lat' dir='ltr'><strong>tam</strong></span> <span class='ocrx_word' id='word_1_187' title='bbox 1646 2435 1872 2513; x_wconf 92' lang='lat' dir='ltr'><strong>bonus,</strong></span> <span class='ocrx_word' id='word_1_188' title='bbox 1918 2446 2052 2498; x_wconf 89' lang='lat' dir='ltr'><strong>tam</strong></span> <span class='ocrx_word' id='word_1_189' title='bbox 2096 2432 2215 2497; x_wconf 93' lang='lat' dir='ltr'><strong>hu-</strong></span> 
     </span>
     <span class='ocr_line' id='line_1_27' title="bbox 274 2519 2214 2602; baseline 0 -19"><span class='ocrx_word' id='word_1_190' title='bbox 274 2540 540 2597; x_wconf 90' lang='lat' dir='ltr'><strong>manus,</strong></span> <span class='ocrx_word' id='word_1_191' title='bbox 599 2528 736 2583; x_wconf 88' lang='lat' dir='ltr'><strong>tam</strong></span> <span class='ocrx_word' id='word_1_192' title='bbox 797 2520 1162 2585; x_wconf 88' lang='lat' dir='ltr'><strong>misericors</strong></span> <span class='ocrx_word' id='word_1_193' title='bbox 1219 2521 1324 2599; x_wconf 90' lang='lat' dir='ltr'><strong>sit,</strong></span> <span class='ocrx_word' id='word_1_194' title='bbox 1384 2529 1457 2584; x_wconf 91' lang='lat' dir='ltr'><strong>ut</strong></span> <span class='ocrx_word' id='word_1_195' title='bbox 1509 2519 1590 2584; x_wconf 85' lang='lat' dir='ltr'><strong>ad</strong></span> <span class='ocrx_word' id='word_1_196' title='bbox 1647 2521 1859 2602; x_wconf 91' lang='lat' dir='ltr'><strong>ipsum</strong></span> <span class='ocrx_word' id='word_1_197' title='bbox 1905 2532 2214 2602; x_wconf 90' lang='lat' dir='ltr'><strong>tanquam</strong></span> 
     </span>
     <span class='ocr_line' id='line_1_28' title="bbox 273 2604 2214 2688; baseline 0 -19"><span class='ocrx_word' id='word_1_198' title='bbox 273 2624 622 2670; x_wconf 88' lang='lat' dir='ltr'><strong>summum</strong></span> <span class='ocrx_word' id='word_1_199' title='bbox 658 2604 901 2669; x_wconf 92' lang='lat' dir='ltr'><strong>bonum</strong></span> <span class='ocrx_word' id='word_1_200' title='bbox 939 2605 1234 2670; x_wconf 90' lang='lat' dir='ltr'><strong>homines</strong></span> <span class='ocrx_word' id='word_1_201' title='bbox 1269 2607 1521 2688; x_wconf 88' lang='lat' dir='ltr'><strong>quoties</strong></span> <span class='ocrx_word' id='word_1_202' title='bbox 1556 2627 1695 2672; x_wconf 86' lang='lat' dir='ltr'><strong>sese</strong></span> <span class='ocrx_word' id='word_1_203' title='bbox 1732 2604 1924 2670; x_wconf 85' lang='lat' dir='ltr'><strong>offert</strong></span> <span class='ocrx_word' id='word_1_204' title='bbox 1957 2605 2214 2688; x_wconf 88' lang='lat' dir='ltr'><strong>rapian-</strong></span> 
     </span>
     <span class='ocr_line' id='line_1_29' title="bbox 275 2692 2217 2775; baseline 0.001 -22"><span class='ocrx_word' id='word_1_205' title='bbox 275 2707 403 2763; x_wconf 90' lang='lat' dir='ltr'><strong>tur,</strong></span> <span class='ocrx_word' id='word_1_206' title='bbox 455 2711 596 2755; x_wconf 92' lang='lat' dir='ltr'><strong>non</strong></span> <span class='ocrx_word' id='word_1_207' title='bbox 639 2710 898 2774; x_wconf 87' lang='lat' dir='ltr'><strong>semper</strong></span> <span class='ocrx_word' id='word_1_208' title='bbox 928 2701 1144 2756; x_wconf 85' lang='lat' dir='ltr'><strong>tamen</strong></span> <span class='ocrx_word' id='word_1_209' title='bbox 1170 2693 1470 2756; x_wconf 90' lang='lat' dir='ltr'><strong>omnibus</strong></span> <span class='ocrx_word' id='word_1_210' title='bbox 1493 2713 1633 2756; x_wconf 89' lang='lat' dir='ltr'><strong>sese</strong></span> <span class='ocrx_word' id='word_1_211' title='bbox 1657 2704 1786 2754; x_wconf 91' lang='lat' dir='ltr'><strong>tam</strong></span> <span class='ocrx_word' id='word_1_212' title='bbox 1813 2692 2217 2775; x_wconf 86' lang='lat' dir='ltr'><strong>clementem,</strong></span> 
     </span>
     <span class='ocr_line' id='line_1_30' title="bbox 270 2775 2218 2859; baseline 0.001 -20"><span class='ocrx_word' id='word_1_213' title='bbox 270 2790 407 2840; x_wconf 80' lang='lat' dir='ltr'><strong>tam</strong></span> <span class='ocrx_word' id='word_1_214' title='bbox 483 2775 730 2840; x_wconf 91' lang='lat' dir='ltr'><strong>bonum</strong></span> <span class='ocrx_word' id='word_1_215' title='bbox 797 2786 864 2840; x_wconf 92' lang='lat' dir='ltr'><strong>et</strong></span> <span class='ocrx_word' id='word_1_216' title='bbox 929 2776 1408 2843; x_wconf 84' lang='lat' dir='ltr'><strong>misericordem</strong></span> <span class='ocrx_word' id='word_1_217' title='bbox 1465 2775 1802 2842; x_wconf 85' lang='lat' dir='ltr'><strong>exhibere:</strong></span> <span class='ocrx_word' id='word_1_218' title='bbox 1868 2776 1980 2841; x_wconf 89' lang='lat' dir='ltr'><strong>sed</strong></span> <span class='ocrx_word' id='word_1_219' title='bbox 2025 2788 2218 2859; x_wconf 89' lang='lat' dir='ltr'><strong>prout</strong></span> 
     </span>
     <span class='ocr_line' id='line_1_31' title="bbox 272 2859 2216 2944; baseline 0.001 -18"><span class='ocrx_word' id='word_1_220' title='bbox 272 2863 587 2926; x_wconf 90' lang='lat' dir='ltr'><strong>homines</strong></span> <span class='ocrx_word' id='word_1_221' title='bbox 645 2872 799 2926; x_wconf 89' lang='lat' dir='ltr'><strong>sunt</strong></span> <span class='ocrx_word' id='word_1_222' title='bbox 856 2859 1172 2944; x_wconf 88' lang='lat' dir='ltr'><strong>dispositi,</strong></span> <span class='ocrx_word' id='word_1_223' title='bbox 1238 2863 1331 2926; x_wconf 83' lang='lat' dir='ltr'><strong>ita</strong></span> <span class='ocrx_word' id='word_1_224' title='bbox 1390 2863 1604 2928; x_wconf 90' lang='lat' dir='ltr'><strong>Deum</strong></span> <span class='ocrx_word' id='word_1_225' title='bbox 1663 2862 1859 2928; x_wconf 91' lang='lat' dir='ltr'><strong>etiam</strong></span> <span class='ocrx_word' id='word_1_226' title='bbox 1919 2862 1999 2927; x_wconf 91' lang='lat' dir='ltr'><strong>ab</strong></span> <span class='ocrx_word' id='word_1_227' title='bbox 2057 2864 2216 2944; x_wconf 89' lang='lat' dir='ltr'><strong>ipsis</strong></span> 
     </span>
     <span class='ocr_line' id='line_1_32' title="bbox 263 2948 2214 3032; baseline -0.002 -18"><span class='ocrx_word' id='word_1_228' title='bbox 263 2948 555 3031; x_wconf 86' lang='lat' dir='ltr'><strong>concipi.</strong></span> <span class='ocrx_word' id='word_1_229' title='bbox 652 2948 949 3031; x_wconf 82' lang='lat' dir='ltr'><strong>Exempli</strong></span> <span class='ocrx_word' id='word_1_230' title='bbox 989 2950 1218 3032; x_wconf 85' lang='lat' dir='ltr'><strong>gratia,</strong></span> <span class='ocrx_word' id='word_1_231' title='bbox 1264 2949 1318 3013; x_wconf 93' lang='lat' dir='ltr'><strong>si</strong></span> <span class='ocrx_word' id='word_1_232' title='bbox 1349 2948 1496 3031; x_wconf 91' lang='lat' dir='ltr'><strong>quis</strong></span> <span class='ocrx_word' id='word_1_233' title='bbox 1517 2969 1780 3013; x_wconf 89' lang='lat' dir='ltr'><strong>suorum</strong></span> <span class='ocrx_word' id='word_1_234' title='bbox 1804 2959 2214 3031; x_wconf 87' lang='lat' dir='ltr'><strong>peccatorum</strong></span> 
     </span>
     <span class='ocr_line' id='line_1_33' title="bbox 263 3033 2215 3113; baseline -0.001 -15"><span class='ocrx_word' id='word_1_235' title='bbox 263 3055 476 3100; x_wconf 89' lang='lat' dir='ltr'><strong>sensu</strong></span> <span class='ocrx_word' id='word_1_236' title='bbox 529 3034 803 3098; x_wconf 86' lang='lat' dir='ltr'><strong>affectus</strong></span> <span class='ocrx_word' id='word_1_237' title='bbox 847 3034 960 3097; x_wconf 90' lang='lat' dir='ltr'><strong>illa</strong></span> <span class='ocrx_word' id='word_1_238' title='bbox 1004 3033 1384 3113; x_wconf 87' lang='lat' dir='ltr'><strong>detestetur,</strong></span> <span class='ocrx_word' id='word_1_239' title='bbox 1445 3050 1509 3097; x_wconf 88' lang='lat' dir='ltr'><strong>et</strong></span> <span class='ocrx_word' id='word_1_240' title='bbox 1557 3034 1716 3098; x_wconf 88' lang='lat' dir='ltr'><strong>vitia</strong></span> <span class='ocrx_word' id='word_1_241' title='bbox 1761 3052 1879 3099; x_wconf 89' lang='lat' dir='ltr'><strong>sua</strong></span> <span class='ocrx_word' id='word_1_242' title='bbox 1911 3033 2215 3100; x_wconf 89' lang='lat' dir='ltr'><strong>condem-</strong></span> 
     </span>
     <span class='ocr_line' id='line_1_34' title="bbox 261 3117 2215 3203; baseline -0.001 -19"><span class='ocrx_word' id='word_1_243' title='bbox 261 3134 412 3185; x_wconf 90' lang='lat' dir='ltr'><strong>net:</strong></span> <span class='ocrx_word' id='word_1_244' title='bbox 488 3133 563 3184; x_wconf 89' lang='lat' dir='ltr'><strong>et</strong></span> <span class='ocrx_word' id='word_1_245' title='bbox 623 3117 856 3184; x_wconf 89' lang='lat' dir='ltr'><strong>deinde</strong></span> <span class='ocrx_word' id='word_1_246' title='bbox 913 3119 1212 3184; x_wconf 91' lang='lat' dir='ltr'><strong>miseram</strong></span> <span class='ocrx_word' id='word_1_247' title='bbox 1271 3142 1341 3184; x_wconf 92' lang='lat' dir='ltr'><strong>se</strong></span> <span class='ocrx_word' id='word_1_248' title='bbox 1399 3128 1468 3184; x_wconf 88' lang='lat' dir='ltr'><strong>et</strong></span> <span class='ocrx_word' id='word_1_249' title='bbox 1508 3119 1809 3203; x_wconf 87' lang='lat' dir='ltr'><strong>fragilem</strong></span> <span class='ocrx_word' id='word_1_250' title='bbox 1853 3130 2215 3185; x_wconf 89' lang='lat' dir='ltr'><strong>creaturam</strong></span> 
     </span>
     <span class='ocr_line' id='line_1_35' title="bbox 261 3202 2217 3289; baseline 0 -19"><span class='ocrx_word' id='word_1_251' title='bbox 261 3216 619 3289; x_wconf 87' lang='lat' dir='ltr'><strong>agnoscat,</strong></span> <span class='ocrx_word' id='word_1_252' title='bbox 664 3215 803 3269; x_wconf 92' lang='lat' dir='ltr'><strong>tum</strong></span> <span class='ocrx_word' id='word_1_253' title='bbox 847 3207 1130 3270; x_wconf 85' lang='lat' dir='ltr'><strong>maxime</strong></span> <span class='ocrx_word' id='word_1_254' title='bbox 1173 3204 1375 3270; x_wconf 88' lang='lat' dir='ltr'><strong>sentit</strong></span> <span class='ocrx_word' id='word_1_255' title='bbox 1418 3225 1582 3288; x_wconf 89' lang='lat' dir='ltr'><strong>quae</strong></span> <span class='ocrx_word' id='word_1_256' title='bbox 1626 3208 1835 3288; x_wconf 86' lang='lat' dir='ltr'><strong>ipsum</strong></span> <span class='ocrx_word' id='word_1_257' title='bbox 1874 3216 2107 3288; x_wconf 90' lang='lat' dir='ltr'><strong>urgeat</strong></span> <span class='ocrx_word' id='word_1_258' title='bbox 2135 3202 2217 3270; x_wconf 87' lang='lat' dir='ltr'><strong>ad</strong></span> 
     </span>
     <span class='ocr_line' id='line_1_36' title="bbox 261 3290 2217 3374; baseline -0.001 -18"><span class='ocrx_word' id='word_1_259' title='bbox 261 3291 497 3356; x_wconf 87' lang='lat' dir='ltr'><strong>Deum</strong></span> <span class='ocrx_word' id='word_1_260' title='bbox 590 3290 895 3356; x_wconf 90' lang='lat' dir='ltr'><strong>veniendi</strong></span> <span class='ocrx_word' id='word_1_261' title='bbox 967 3291 1339 3356; x_wconf 82' lang='lat' dir='ltr'><strong>necessitas.</strong></span> <span class='ocrx_word' id='word_1_262' title='bbox 1426 3290 1657 3374; x_wconf 89' lang='lat' dir='ltr'><strong>Itaque</strong></span> <span class='ocrx_word' id='word_1_263' title='bbox 1725 3290 1868 3356; x_wconf 91' lang='lat' dir='ltr'><strong>Deo</strong></span> <span class='ocrx_word' id='word_1_264' title='bbox 1940 3290 2217 3373; x_wconf 86' lang='lat' dir='ltr'><strong>supplex</strong></span> 
     </span>
     <span class='ocr_line' id='line_1_37' title="bbox 254 3375 2221 3459; baseline -0.001 -18"><span class='ocrx_word' id='word_1_265' title='bbox 254 3378 484 3442; x_wconf 84' lang='lat' dir='ltr'><strong>factus</strong></span> <span class='ocrx_word' id='word_1_266' title='bbox 554 3387 971 3459; x_wconf 85' lang='lat' dir='ltr'><strong>peccatorum</strong></span> <span class='ocrx_word' id='word_1_267' title='bbox 1030 3377 1293 3441; x_wconf 90' lang='lat' dir='ltr'><strong>veniam</strong></span> <span class='ocrx_word' id='word_1_268' title='bbox 1348 3375 1832 3459; x_wconf 84' lang='lat' dir='ltr'><strong>deprecabitur:</strong></span> <span class='ocrx_word' id='word_1_269' title='bbox 1898 3386 1967 3441; x_wconf 87' lang='lat' dir='ltr'><strong>et</strong></span> <span class='ocrx_word' id='word_1_270' title='bbox 2008 3375 2221 3440; x_wconf 90' lang='lat' dir='ltr'><strong>orabit</strong></span> 
     </span>
     <span class='ocr_line' id='line_1_38' title="bbox 254 3462 2213 3545; baseline 0 -19"><span class='ocrx_word' id='word_1_271' title='bbox 254 3476 336 3528; x_wconf 88' lang='lat' dir='ltr'><strong>ut</strong></span> <span class='ocrx_word' id='word_1_272' title='bbox 383 3463 795 3527; x_wconf 89' lang='lat' dir='ltr'><strong>misereatur</strong></span> <span class='ocrx_word' id='word_1_273' title='bbox 839 3462 1044 3544; x_wconf 91' lang='lat' dir='ltr'><strong>ipsius</strong></span> <span class='ocrx_word' id='word_1_274' title='bbox 1088 3471 1154 3526; x_wconf 90' lang='lat' dir='ltr'><strong>et</strong></span> <span class='ocrx_word' id='word_1_275' title='bbox 1198 3473 1460 3544; x_wconf 87' lang='lat' dir='ltr'><strong>peccata</strong></span> <span class='ocrx_word' id='word_1_276' title='bbox 1503 3470 1682 3545; x_wconf 89' lang='lat' dir='ltr'><strong>tegat</strong></span> <span class='ocrx_word' id='word_1_277' title='bbox 1724 3462 1956 3545; x_wconf 85' lang='lat' dir='ltr'><strong>quibus</strong></span> <span class='ocrx_word' id='word_1_278' title='bbox 2000 3462 2213 3526; x_wconf 87' lang='lat' dir='ltr'><strong>obrui-</strong></span> 
     </span>
     <span class='ocr_line' id='line_1_39' title="bbox 252 3547 2217 3630; baseline -0.001 -18"><span class='ocrx_word' id='word_1_279' title='bbox 252 3564 390 3614; x_wconf 87' lang='lat' dir='ltr'><strong>tur.</strong></span> <span class='ocrx_word' id='word_1_280' title='bbox 494 3547 618 3614; x_wconf 79' lang='lat' dir='ltr'><strong>Sic</strong></span> <span class='ocrx_word' id='word_1_281' title='bbox 663 3548 882 3613; x_wconf 86' lang='lat' dir='ltr'><strong>miseri</strong></span> <span class='ocrx_word' id='word_1_282' title='bbox 928 3558 1314 3630; x_wconf 89' lang='lat' dir='ltr'><strong>peccatores,</strong></span> <span class='ocrx_word' id='word_1_283' title='bbox 1379 3569 1532 3612; x_wconf 88' lang='lat' dir='ltr'><strong>vera</strong></span> <span class='ocrx_word' id='word_1_284' title='bbox 1576 3548 1749 3613; x_wconf 89' lang='lat' dir='ltr'><strong>ducti</strong></span> <span class='ocrx_word' id='word_1_285' title='bbox 1797 3549 2217 3630; x_wconf 90' lang='lat' dir='ltr'><strong>poenitentia,</strong></span> 
     </span>
     <span class='ocr_line' id='line_1_40' title="bbox 249 3632 2219 3713; baseline -0.001 -15"><span class='ocrx_word' id='word_1_286' title='bbox 249 3646 318 3698; x_wconf 82' lang='lat' dir='ltr'><strong>et</strong></span> <span class='ocrx_word' id='word_1_287' title='bbox 367 3654 548 3700; x_wconf 85' lang='lat' dir='ltr'><strong>suae</strong></span> <span class='ocrx_word' id='word_1_288' title='bbox 584 3632 1055 3699; x_wconf 88' lang='lat' dir='ltr'><strong>imbecillitatis</strong></span> <span class='ocrx_word' id='word_1_289' title='bbox 1089 3634 1326 3698; x_wconf 90' lang='lat' dir='ltr'><strong>conscii</strong></span> <span class='ocrx_word' id='word_1_290' title='bbox 1369 3635 1578 3698; x_wconf 86' lang='lat' dir='ltr'><strong>Deum</strong></span> <span class='ocrx_word' id='word_1_291' title='bbox 1616 3632 1862 3697; x_wconf 78' lang='lat' dir='ltr'><strong>audent</strong></span> <span class='ocrx_word' id='word_1_292' title='bbox 1897 3633 2219 3713; x_wconf 85' lang='lat' dir='ltr'><strong>accedere,</strong></span> 
     </span>
     <span class='ocr_line' id='line_1_41' title="bbox 243 3717 2218 3803; baseline -0.001 -18"><span class='ocrx_word' id='word_1_293' title='bbox 243 3720 436 3803; x_wconf 88' lang='lat' dir='ltr'><strong>quod</strong></span> <span class='ocrx_word' id='word_1_294' title='bbox 490 3721 717 3802; x_wconf 91' lang='lat' dir='ltr'><strong>ipsum</strong></span> <span class='ocrx_word' id='word_1_295' title='bbox 762 3739 903 3784; x_wconf 89' lang='lat' dir='ltr'><strong>esse</strong></span> <span class='ocrx_word' id='word_1_296' title='bbox 948 3739 1279 3783; x_wconf 90' lang='lat' dir='ltr'><strong>summum</strong></span> <span class='ocrx_word' id='word_1_297' title='bbox 1323 3741 1517 3784; x_wconf 89' lang='lat' dir='ltr'><strong>suum</strong></span> <span class='ocrx_word' id='word_1_298' title='bbox 1564 3717 1801 3782; x_wconf 90' lang='lat' dir='ltr'><strong>bonum</strong></span> <span class='ocrx_word' id='word_1_299' title='bbox 1840 3729 2218 3801; x_wconf 86' lang='lat' dir='ltr'><strong>agnoscant,</strong></span> 
     </span>
     <span class='ocr_line' id='line_1_42' title="bbox 245 3805 2221 3888; baseline -0.001 -18"><span class='ocrx_word' id='word_1_300' title='bbox 245 3819 320 3870; x_wconf 90' lang='lat' dir='ltr'><strong>et</strong></span> <span class='ocrx_word' id='word_1_301' title='bbox 385 3806 678 3871; x_wconf 89' lang='lat' dir='ltr'><strong>unicum</strong></span> <span class='ocrx_word' id='word_1_302' title='bbox 737 3805 1050 3888; x_wconf 89' lang='lat' dir='ltr'><strong>gaudium</strong></span> <span class='ocrx_word' id='word_1_303' title='bbox 1112 3825 1187 3869; x_wconf 90' lang='lat' dir='ltr'><strong>ac</strong></span> <span class='ocrx_word' id='word_1_304' title='bbox 1246 3805 1521 3869; x_wconf 89' lang='lat' dir='ltr'><strong>salutem</strong></span> <span class='ocrx_word' id='word_1_305' title='bbox 1569 3818 1812 3868; x_wconf 86' lang='lat' dir='ltr'><strong>certam</strong></span> <span class='ocrx_word' id='word_1_306' title='bbox 1860 3805 2076 3868; x_wconf 91' lang='lat' dir='ltr'><strong>Deum</strong></span> <span class='ocrx_word' id='word_1_307' title='bbox 2121 3825 2221 3868; x_wconf 93' lang='lat' dir='ltr'><strong>re-</strong></span> 
     </span>
     <span class='ocr_line' id='line_1_43' title="bbox 244 3888 2220 3975; baseline -0.002 -18"><span class='ocrx_word' id='word_1_308' title='bbox 244 3891 562 3975; x_wconf 88' lang='lat' dir='ltr'><strong>quirere.</strong></span> <span class='ocrx_word' id='word_1_309' title='bbox 655 3889 787 3972; x_wconf 86' lang='lat' dir='ltr'><strong>Qui</strong></span> <span class='ocrx_word' id='word_1_310' title='bbox 834 3903 987 3955; x_wconf 89' lang='lat' dir='ltr'><strong>sunt</strong></span> <span class='ocrx_word' id='word_1_311' title='bbox 1029 3891 1123 3954; x_wconf 91' lang='lat' dir='ltr'><strong>ita</strong></span> <span class='ocrx_word' id='word_1_312' title='bbox 1165 3888 1460 3972; x_wconf 87' lang='lat' dir='ltr'><strong>dispositi</strong></span> <span class='ocrx_word' id='word_1_313' title='bbox 1510 3901 1575 3955; x_wconf 90' lang='lat' dir='ltr'><strong>et</strong></span> <span class='ocrx_word' id='word_1_314' title='bbox 1626 3889 1886 3954; x_wconf 87' lang='lat' dir='ltr'><strong>divinae</strong></span> <span class='ocrx_word' id='word_1_315' title='bbox 1910 3890 2220 3955; x_wconf 88' lang='lat' dir='ltr'><strong>bonitatis</strong></span> 
     </span>
     <span class='ocr_line' id='line_1_44' title="bbox 248 3975 2218 4061; baseline -0.002 -20"><span class='ocrx_word' id='word_1_316' title='bbox 248 3992 550 4061; x_wconf 88' lang='lat' dir='ltr'><strong>gustum</strong></span> <span class='ocrx_word' id='word_1_317' title='bbox 622 3975 888 4056; x_wconf 89' lang='lat' dir='ltr'><strong>habent,</strong></span> <span class='ocrx_word' id='word_1_318' title='bbox 955 3978 1122 4041; x_wconf 86' lang='lat' dir='ltr'><strong>fiunt</strong></span> <span class='ocrx_word' id='word_1_319' title='bbox 1187 3978 1382 4040; x_wconf 87' lang='lat' dir='ltr'><strong>etiam</strong></span> <span class='ocrx_word' id='word_1_320' title='bbox 1452 3977 1624 4041; x_wconf 90' lang='lat' dir='ltr'><strong>illius</strong></span> <span class='ocrx_word' id='word_1_321' title='bbox 1689 3996 1762 4039; x_wconf 92' lang='lat' dir='ltr'><strong>re</strong></span> <span class='ocrx_word' id='word_1_322' title='bbox 1827 3975 1970 4058; x_wconf 86' lang='lat' dir='ltr'><strong>ipsa</strong></span> <span class='ocrx_word' id='word_1_323' title='bbox 2015 3977 2218 4058; x_wconf 90' lang='lat' dir='ltr'><strong>perci-</strong></span> 
     </span>
     <span class='ocr_line' id='line_1_45' title="bbox 246 4062 2217 4147; baseline -0.001 -20"><span class='ocrx_word' id='word_1_324' title='bbox 246 4062 566 4147; x_wconf 83' lang='lat' dir='ltr'><strong>piendae</strong></span> <span class='ocrx_word' id='word_1_325' title='bbox 612 4082 896 4145; x_wconf 83' lang='lat' dir='ltr'><strong>capaces.</strong></span> <span class='ocrx_word' id='word_1_326' title='bbox 986 4062 1234 4126; x_wconf 86' lang='lat' dir='ltr'><strong>Contra</strong></span> <span class='ocrx_word' id='word_1_327' title='bbox 1277 4064 1331 4125; x_wconf 90' lang='lat' dir='ltr'><strong>si</strong></span> <span class='ocrx_word' id='word_1_328' title='bbox 1378 4063 1524 4144; x_wconf 91' lang='lat' dir='ltr'><strong>quis</strong></span> <span class='ocrx_word' id='word_1_329' title='bbox 1568 4062 1887 4144; x_wconf 86' lang='lat' dir='ltr'><strong>superbus</strong></span> <span class='ocrx_word' id='word_1_330' title='bbox 1930 4071 1994 4126; x_wconf 91' lang='lat' dir='ltr'><strong>et</strong></span> <span class='ocrx_word' id='word_1_331' title='bbox 2039 4081 2217 4125; x_wconf 89' lang='lat' dir='ltr'><strong>arro-</strong></span> 
     </span>
     <span class='ocr_line' id='line_1_46' title="bbox 243 4148 2219 4233; baseline -0.002 -20"><span class='ocrx_word' id='word_1_332' title='bbox 243 4170 456 4233; x_wconf 86' lang='lat' dir='ltr'><strong>gans,</strong></span> <span class='ocrx_word' id='word_1_333' title='bbox 516 4151 706 4213; x_wconf 90' lang='lat' dir='ltr'><strong>virus</strong></span> <span class='ocrx_word' id='word_1_334' title='bbox 750 4169 937 4213; x_wconf 90' lang='lat' dir='ltr'><strong>suum</strong></span> <span class='ocrx_word' id='word_1_335' title='bbox 984 4148 1344 4230; x_wconf 85' lang='lat' dir='ltr'><strong>despumet,</strong></span> <span class='ocrx_word' id='word_1_336' title='bbox 1389 4157 1455 4212; x_wconf 92' lang='lat' dir='ltr'><strong>et</strong></span> <span class='ocrx_word' id='word_1_337' title='bbox 1498 4148 1812 4212; x_wconf 88' lang='lat' dir='ltr'><strong>adversus</strong></span> <span class='ocrx_word' id='word_1_338' title='bbox 1861 4149 2070 4212; x_wconf 90' lang='lat' dir='ltr'><strong>Deum</strong></span> <span class='ocrx_word' id='word_1_339' title='bbox 2123 4169 2219 4210; x_wconf 91' lang='lat' dir='ltr'><strong>re-</strong></span> 
     </span>
     <span class='ocr_line' id='line_1_47' title="bbox 242 4232 2220 4301; baseline -0.003 -1"><span class='ocrx_word' id='word_1_340' title='bbox 242 4235 632 4301; x_wconf 87' lang='lat' dir='ltr'><strong>bellionem</strong></span> <span class='ocrx_word' id='word_1_341' title='bbox 692 4233 1077 4298; x_wconf 87' lang='lat' dir='ltr'><strong>meditetur:</strong></span> <span class='ocrx_word' id='word_1_342' title='bbox 1140 4243 1205 4297; x_wconf 89' lang='lat' dir='ltr'><strong>et</strong></span> <span class='ocrx_word' id='word_1_343' title='bbox 1264 4233 1343 4297; x_wconf 91' lang='lat' dir='ltr'><strong>ad</strong></span> <span class='ocrx_word' id='word_1_344' title='bbox 1391 4232 1517 4298; x_wconf 91' lang='lat' dir='ltr'><strong>Dei</strong></span> <span class='ocrx_word' id='word_1_345' title='bbox 1563 4235 1957 4298; x_wconf 88' lang='lat' dir='ltr'><strong>mentionem</strong></span> <span class='ocrx_word' id='word_1_346' title='bbox 2003 4233 2220 4297; x_wconf 78' lang='lat' dir='ltr'><strong>furore</strong></span> 
     </span>
     <span class='ocr_line' id='line_1_48' title="bbox 237 4318 2219 4403; baseline -0.002 -17"><span class='ocrx_word' id='word_1_347' title='bbox 237 4322 671 4403; x_wconf 81' lang='lat' dir='ltr'><strong>concitetur,</strong></span> <span class='ocrx_word' id='word_1_348' title='bbox 757 4322 1024 4401; x_wconf 90' lang='lat' dir='ltr'><strong>eiusque</strong></span> <span class='ocrx_word' id='word_1_349' title='bbox 1103 4318 1471 4401; x_wconf 90' lang='lat' dir='ltr'><strong>praesentia</strong></span> <span class='ocrx_word' id='word_1_350' title='bbox 1549 4319 1827 4394; x_wconf 90' lang='lat' dir='ltr'><strong>horreat,</strong></span> <span class='ocrx_word' id='word_1_351' title='bbox 1908 4318 2219 4401; x_wconf 90' lang='lat' dir='ltr'><strong>malitque</strong></span> 
     </span>
     <span class='ocr_line' id='line_1_49' title="bbox 239 4403 2220 4489; baseline -0.003 -16"><span class='ocrx_word' id='word_1_352' title='bbox 239 4406 442 4473; x_wconf 86' lang='lat' dir='ltr'><strong>aliud</strong></span> <span class='ocrx_word' id='word_1_353' title='bbox 501 4405 774 4489; x_wconf 88' lang='lat' dir='ltr'><strong>quidvis</strong></span> <span class='ocrx_word' id='word_1_354' title='bbox 818 4405 1042 4469; x_wconf 90' lang='lat' dir='ltr'><strong>audire</strong></span> <span class='ocrx_word' id='word_1_355' title='bbox 1079 4424 1271 4487; x_wconf 85' lang='lat' dir='ltr'><strong>qnam</strong></span> <span class='ocrx_word' id='word_1_356' title='bbox 1311 4404 1390 4469; x_wconf 89' lang='lat' dir='ltr'><strong>de</strong></span> <span class='ocrx_word' id='word_1_357' title='bbox 1425 4403 1569 4470; x_wconf 92' lang='lat' dir='ltr'><strong>Deo</strong></span> <span class='ocrx_word' id='word_1_358' title='bbox 1603 4405 2019 4484; x_wconf 90' lang='lat' dir='ltr'><strong>mentionem,</strong></span> <span class='ocrx_word' id='word_1_359' title='bbox 2063 4425 2220 4468; x_wconf 92' lang='lat' dir='ltr'><strong>sane</strong></span> 
     </span>
     <span class='ocr_line' id='line_1_50' title="bbox 233 4489 2218 4573; baseline -0.003 -13"><span class='ocrx_word' id='word_1_360' title='bbox 233 4516 390 4560; x_wconf 90' lang='lat' dir='ltr'><strong>non</strong></span> <span class='ocrx_word' id='word_1_361' title='bbox 445 4504 569 4557; x_wconf 82' lang='lat' dir='ltr'><strong>est</strong></span> <span class='ocrx_word' id='word_1_362' title='bbox 615 4490 885 4556; x_wconf 91' lang='lat' dir='ltr'><strong>idoneus</strong></span> <span class='ocrx_word' id='word_1_363' title='bbox 929 4512 1137 4573; x_wconf 90' lang='lat' dir='ltr'><strong>neque</strong></span> <span class='ocrx_word' id='word_1_364' title='bbox 1177 4490 1524 4573; x_wconf 89' lang='lat' dir='ltr'><strong>dispositus</strong></span> <span class='ocrx_word' id='word_1_365' title='bbox 1567 4489 1648 4554; x_wconf 90' lang='lat' dir='ltr'><strong>ad</strong></span> <span class='ocrx_word' id='word_1_366' title='bbox 1695 4490 1817 4555; x_wconf 90' lang='lat' dir='ltr'><strong>Dei</strong></span> <span class='ocrx_word' id='word_1_367' title='bbox 1856 4490 2218 4555; x_wconf 89' lang='lat' dir='ltr'><strong>misericor·</strong></span> 
     </span>
     <span class='ocr_line' id='line_1_51' title="bbox 234 4574 2218 4658; baseline -0.003 -15"><span class='ocrx_word' id='word_1_368' title='bbox 234 4581 436 4643; x_wconf 86' lang='lat' dir='ltr'><strong>diam</strong></span> <span class='ocrx_word' id='word_1_369' title='bbox 484 4575 979 4657; x_wconf 87' lang='lat' dir='ltr'><strong>implorandam</strong></span> <span class='ocrx_word' id='word_1_370' title='bbox 1015 4586 1080 4638; x_wconf 90' lang='lat' dir='ltr'><strong>et</strong></span> <span class='ocrx_word' id='word_1_371' title='bbox 1116 4597 1185 4640; x_wconf 91' lang='lat' dir='ltr'><strong>re</strong></span> <span class='ocrx_word' id='word_1_372' title='bbox 1220 4577 1359 4658; x_wconf 91' lang='lat' dir='ltr'><strong>ipsa</strong></span> <span class='ocrx_word' id='word_1_373' title='bbox 1396 4576 1896 4658; x_wconf 87' lang='lat' dir='ltr'><strong>percipiendam.</strong></span> <span class='ocrx_word' id='word_1_374' title='bbox 1968 4574 2218 4642; x_wconf 88' lang='lat' dir='ltr'><strong>Idcirco</strong></span> 
     </span>
     <span class='ocr_line' id='line_1_52' title="bbox 231 4661 2215 4737; baseline -0.004 -5"><span class='ocrx_word' id='word_1_375' title='bbox 231 4666 354 4731; x_wconf 83' lang='lat' dir='ltr'><strong>Pe.</strong></span> <span class='ocrx_word' id='word_1_376' title='bbox 416 4664 517 4730; x_wconf 89' lang='lat'><strong>18</strong></span> <span class='ocrx_word' id='word_1_377' title='bbox 573 4661 752 4728; x_wconf 76' lang='lat' dir='ltr'><strong>Deus</strong></span> <span class='ocrx_word' id='word_1_378' title='bbox 792 4663 1025 4726; x_wconf 76' lang='lat' dir='ltr'><strong>dicitur</strong></span> <span class='ocrx_word' id='word_1_379' title='bbox 1080 4682 1210 4727; x_wconf 80' lang='lat' dir='ltr'><strong>esse</strong></span> <span class='ocrx_word' id='word_1_380' title='bbox 1240 4680 1380 4726; x_wconf 77' lang='lat' dir='ltr'><strong>cum</strong></span> <span class='ocrx_word' id='word_1_381' title='bbox 1414 4662 1810 4727; x_wconf 78' lang='lat' dir='ltr'><strong>misericorde</strong></span> <span class='ocrx_word' id='word_1_382' title='bbox 1842 4662 2215 4737; x_wconf 78' lang='lat' dir='ltr'><strong>misericors,</strong></span> 
     </span>
     <span class='ocr_line' id='line_1_53' title="bbox 225 4745 2218 4831; baseline -0.004 -13"><span class='ocrx_word' id='word_1_383' title='bbox 225 4759 293 4818; x_wconf 76' lang='lat' dir='ltr'><strong>et</strong></span> <span class='ocrx_word' id='word_1_384' title='bbox 354 4770 528 4817; x_wconf 78' lang='lat' dir='ltr'><strong>cum</strong></span> <span class='ocrx_word' id='word_1_385' title='bbox 579 4767 752 4829; x_wconf 78' lang='lat' dir='ltr'><strong>puro</strong></span> <span class='ocrx_word' id='word_1_386' title='bbox 797 4767 1046 4831; x_wconf 73' lang='lat' dir='ltr'><strong>purus.-</strong></span> <span class='ocrx_word' id='word_1_387' title='bbox 1098 4746 1162 4810; x_wconf 89' lang='lat' dir='ltr'><strong>id</strong></span> <span class='ocrx_word' id='word_1_388' title='bbox 1209 4757 1309 4811; x_wconf 84' lang='lat' dir='ltr'><strong>cst</strong></span> <span class='ocrx_word' id='word_1_389' title='bbox 1362 4747 1647 4829; x_wconf 89' lang='lat' dir='ltr'><strong>pacificis</strong></span> <span class='ocrx_word' id='word_1_390' title='bbox 1690 4758 1757 4812; x_wconf 88' lang='lat' dir='ltr'><strong>et</strong></span> <span class='ocrx_word' id='word_1_391' title='bbox 1801 4745 2108 4812; x_wconf 89' lang='lat' dir='ltr'><strong>modestis</strong></span> <span class='ocrx_word' id='word_1_392' title='bbox 2152 4759 2218 4811; x_wconf 94' lang='lat' dir='ltr'><strong>et</strong></span> 
     </span>
     <span class='ocr_line' id='line_1_54' title="bbox 227 4831 2215 4917; baseline -0.005 -12"><span class='ocrx_word' id='word_1_393' title='bbox 227 4838 321 4905; x_wconf 88' lang='lat' dir='ltr'><strong>de</strong></span> <span class='ocrx_word' id='word_1_394' title='bbox 399 4856 488 4904; x_wconf 82' lang='lat' dir='ltr'><strong>se</strong></span> <span class='ocrx_word' id='word_1_395' title='bbox 567 4854 804 4917; x_wconf 90' lang='lat' dir='ltr'><strong>parum</strong></span> <span class='ocrx_word' id='word_1_396' title='bbox 868 4831 1301 4898; x_wconf 86' lang='lat' dir='ltr'><strong>sentientibus</strong></span> <span class='ocrx_word' id='word_1_397' title='bbox 1367 4832 1581 4897; x_wconf 91' lang='lat' dir='ltr'><strong>Deum</strong></span> <span class='ocrx_word' id='word_1_398' title='bbox 1650 4832 1821 4896; x_wconf 90' lang='lat' dir='ltr'><strong>ultro</strong></span> <span class='ocrx_word' id='word_1_399' title='bbox 1877 4854 1946 4898; x_wconf 93' lang='lat' dir='ltr'><strong>se</strong></span> <span class='ocrx_word' id='word_1_400' title='bbox 2000 4834 2215 4916; x_wconf 92' lang='lat' dir='ltr'><strong>ipsum</strong></span> 
     </span>
     <span class='ocr_line' id='line_1_55' title="bbox 225 4918 2213 5002; baseline -0.004 -11"><span class='ocrx_word' id='word_1_401' title='bbox 225 4926 534 4999; x_wconf 84' lang='lat' dir='ltr'><strong>offerre,</strong></span> <span class='ocrx_word' id='word_1_402' title='bbox 611 4939 1005 5002; x_wconf 89' lang='lat' dir='ltr'><strong>manumque</strong></span> <span class='ocrx_word' id='word_1_403' title='bbox 1061 4918 1396 5001; x_wconf 85' lang='lat' dir='ltr'><strong>porrigere</strong></span> <span class='ocrx_word' id='word_1_404' title='bbox 1461 4928 1536 4983; x_wconf 91' lang='lat' dir='ltr'><strong>ut</strong></span> <span class='ocrx_word' id='word_1_405' title='bbox 1604 4920 1674 4982; x_wconf 93' lang='lat' dir='ltr'><strong>in</strong></span> <span class='ocrx_word' id='word_1_406' title='bbox 1733 4918 1939 5001; x_wconf 92' lang='lat' dir='ltr'><strong>ipsius</strong></span> <span class='ocrx_word' id='word_1_407' title='bbox 1995 4921 2213 4984; x_wconf 89' lang='lat' dir='ltr'><strong>sinum</strong></span> 
     </span>
     <span class='ocr_line' id='line_1_56' title="bbox 220 5003 2215 5087; baseline -0.004 -9"><span class='ocrx_word' id='word_1_408' title='bbox 220 5010 606 5078; x_wconf 83' lang='lat' dir='ltr'><strong>coniicere</strong></span> <span class='ocrx_word' id='word_1_409' title='bbox 647 5027 718 5071; x_wconf 93' lang='lat' dir='ltr'><strong>se</strong></span> <span class='ocrx_word' id='word_1_410' title='bbox 762 5026 892 5070; x_wconf 87' lang='lat' dir='ltr'><strong>non</strong></span> <span class='ocrx_word' id='word_1_411' title='bbox 939 5003 1398 5070; x_wconf 84' lang='lat' dir='ltr'><strong>reformident:</strong></span> <span class='ocrx_word' id='word_1_412' title='bbox 1455 5016 1679 5069; x_wconf 84' lang='lat' dir='ltr'><strong>contra</strong></span> <span class='ocrx_word' id='word_1_413' title='bbox 1726 5025 1878 5068; x_wconf 90' lang='lat' dir='ltr'><strong>vero</strong></span> <span class='ocrx_word' id='word_1_414' title='bbox 1921 5003 2215 5087; x_wconf 89' lang='lat' dir='ltr'><strong>superbis</strong></span> 
     </span>
     <span class='ocr_line' id='line_1_57' title="bbox 215 5091 2214 5176; baseline -0.005 -14"><span class='ocrx_word' id='word_1_415' title='bbox 215 5112 294 5162; x_wconf 89' lang='lat' dir='ltr'><strong>et</strong></span> <span class='ocrx_word' id='word_1_416' title='bbox 347 5091 854 5176; x_wconf 80' lang='lat' dir='ltr'><strong>arrogantibus</strong></span> <span class='ocrx_word' id='word_1_417' title='bbox 899 5091 1220 5171; x_wconf 89' lang='lat' dir='ltr'><strong>resistere,</strong></span> <span class='ocrx_word' id='word_1_418' title='bbox 1274 5101 1339 5154; x_wconf 90' lang='lat' dir='ltr'><strong>et</strong></span> <span class='ocrx_word' id='word_1_419' title='bbox 1381 5099 1687 5173; x_wconf 87' lang='lat' dir='ltr'><strong>tanquam</strong></span> <span class='ocrx_word' id='word_1_420' title='bbox 1732 5093 2214 5175; x_wconf 84' lang='lat' dir='ltr'><strong>antagonistam</strong></span> 
     </span>
     <span class='ocr_line' id='line_1_58' title="bbox 215 5175 2213 5258; baseline -0.005 -9"><span class='ocrx_word' id='word_1_421' title='bbox 215 5183 604 5249; x_wconf 80' lang='lat' dir='ltr'><strong>adversus</strong></span> <span class='ocrx_word' id='word_1_422' title='bbox 661 5199 770 5242; x_wconf 91' lang='lat' dir='ltr'><strong>eos</strong></span> <span class='ocrx_word' id='word_1_423' title='bbox 830 5176 1081 5251; x_wconf 89' lang='lat' dir='ltr'><strong>luctari,</strong></span> <span class='ocrx_word' id='word_1_424' title='bbox 1144 5175 1605 5258; x_wconf 87' lang='lat' dir='ltr'><strong>brachiumque</strong></span> <span class='ocrx_word' id='word_1_425' title='bbox 1659 5197 1848 5241; x_wconf 90' lang='lat' dir='ltr'><strong>suum</strong></span> <span class='ocrx_word' id='word_1_426' title='bbox 1893 5178 1986 5243; x_wconf 91' lang='lat' dir='ltr'><strong>sic</strong></span> <span class='ocrx_word' id='word_1_427' title='bbox 2030 5197 2213 5242; x_wconf 87' lang='lat' dir='ltr'><strong>exer-</strong></span> 
     </span>
     <span class='ocr_line' id='line_1_59' title="bbox 210 5260 2212 5346; baseline -0.002 -13"><span class='ocrx_word' id='word_1_428' title='bbox 210 5290 392 5337; x_wconf 81' lang='lat' dir='ltr'><strong>cere</strong></span> <span class='ocrx_word' id='word_1_429' title='bbox 447 5274 548 5331; x_wconf 84' lang='lat' dir='ltr'><strong>nt</strong></span> <span class='ocrx_word' id='word_1_430' title='bbox 598 5284 705 5329; x_wconf 91' lang='lat' dir='ltr'><strong>eos</strong></span> <span class='ocrx_word' id='word_1_431' title='bbox 749 5263 1010 5346; x_wconf 86' lang='lat' dir='ltr'><strong>frangat</strong></span> <span class='ocrx_word' id='word_1_432' title='bbox 1043 5271 1109 5326; x_wconf 92' lang='lat' dir='ltr'><strong>et</strong></span> <span class='ocrx_word' id='word_1_433' title='bbox 1145 5260 1433 5344; x_wconf 89' lang='lat' dir='ltr'><strong>dissipet,</strong></span> <span class='ocrx_word' id='word_1_434' title='bbox 1478 5263 1713 5345; x_wconf 90' lang='lat' dir='ltr'><strong>quibus</strong></span> <span class='ocrx_word' id='word_1_435' title='bbox 1747 5263 1987 5345; x_wconf 81' lang='lat' dir='ltr'><strong>fractis,</strong></span> <span class='ocrx_word' id='word_1_436' title='bbox 2032 5262 2212 5346; x_wconf 89' lang='lat' dir='ltr'><strong>quie·</strong></span> 
     </span>
    </p>
   </div>
   <div class='ocr_carea' id='block_1_6' title="bbox 466 5364 1343 5435">
    <p class='ocr_par' dir='ltr' id='par_1_6' title="bbox 466 5364 1343 5435">
     <span class='ocr_line' id='line_1_60' title="bbox 466 5364 1343 5435; baseline -0.006 -11"><span class='ocrx_word' id='word_1_437' title='bbox 466 5365 709 5424; x_wconf 68' lang='grc' dir='ltr'><strong><em>Οαῑοόπό</em></strong></span> <span class='ocrx_word' id='word_1_438' title='bbox 736 5379 926 5435; x_wconf 76' lang='lat' dir='ltr'><strong>opera.</strong></span> <span class='ocrx_word' id='word_1_439' title='bbox 998 5364 1116 5420; x_wconf 78' lang='lat' dir='ltr'><strong>Vol.</strong></span> <span class='ocrx_word' id='word_1_440' title='bbox 1149 5364 1343 5420; x_wconf 87' lang='lat' dir='ltr'><strong>XXX.</strong></span> 
     </span>
    </p>
   </div>
   <div class='ocr_carea' id='block_1_7' title="bbox 2311 633 4260 5335">
    <p class='ocr_par' dir='ltr' id='par_1_7' title="bbox 2311 633 4260 5335">
     <span class='ocr_line' id='line_1_61' title="bbox 2321 633 4256 719; baseline 0.003 -21"><span class='ocrx_word' id='word_1_441' title='bbox 2321 633 2536 700; x_wconf 85' lang='lat' dir='ltr'><strong>faciat.</strong></span> <span class='ocrx_word' id='word_1_442' title='bbox 2628 633 3068 716; x_wconf 82' lang='lat' dir='ltr'><strong>Quamobrem</strong></span> <span class='ocrx_word' id='word_1_443' title='bbox 3115 656 3316 719; x_wconf 88' lang='lat' dir='ltr'><strong>quum</strong></span> <span class='ocrx_word' id='word_1_444' title='bbox 3365 637 3505 702; x_wconf 92' lang='lat' dir='ltr'><strong>Deo</strong></span> <span class='ocrx_word' id='word_1_445' title='bbox 3546 637 4018 703; x_wconf 90' lang='lat' dir='ltr'><strong>contumaciter</strong></span> <span class='ocrx_word' id='word_1_446' title='bbox 4062 638 4256 704; x_wconf 86' lang='lat' dir='ltr'><strong>resis-</strong></span> 
     </span>
     <span class='ocr_line' id='line_1_62' title="bbox 2320 720 4259 802; baseline 0.002 -17"><span class='ocrx_word' id='word_1_447' title='bbox 2320 731 2459 785; x_wconf 87' lang='lat' dir='ltr'><strong>tere</strong></span> <span class='ocrx_word' id='word_1_448' title='bbox 2503 729 2574 785; x_wconf 91' lang='lat' dir='ltr'><strong>et</strong></span> <span class='ocrx_word' id='word_1_449' title='bbox 2615 721 2919 786; x_wconf 88' lang='lat' dir='ltr'><strong>reluctari</strong></span> <span class='ocrx_word' id='word_1_450' title='bbox 2967 720 3263 786; x_wconf 90' lang='lat' dir='ltr'><strong>homines</strong></span> <span class='ocrx_word' id='word_1_451' title='bbox 3299 722 3560 802; x_wconf 89' lang='lat' dir='ltr'><strong>audent,</strong></span> <span class='ocrx_word' id='word_1_452' title='bbox 3604 734 3669 787; x_wconf 86' lang='lat' dir='ltr'><strong>et</strong></span> <span class='ocrx_word' id='word_1_453' title='bbox 3706 721 4032 788; x_wconf 88' lang='lat' dir='ltr'><strong>destinata</strong></span> <span class='ocrx_word' id='word_1_454' title='bbox 4064 722 4259 788; x_wconf 89' lang='lat' dir='ltr'><strong>mali·</strong></span> 
     </span>
     <span class='ocr_line' id='line_1_63' title="bbox 2321 805 4258 890; baseline 0.003 -20"><span class='ocrx_word' id='word_1_455' title='bbox 2321 806 2412 870; x_wconf 92' lang='lat' dir='ltr'><strong>tia</strong></span> <span class='ocrx_word' id='word_1_456' title='bbox 2470 816 2539 871; x_wconf 90' lang='lat' dir='ltr'><strong>et</strong></span> <span class='ocrx_word' id='word_1_457' title='bbox 2590 805 2998 872; x_wconf 91' lang='lat' dir='ltr'><strong>contumacia</strong></span> <span class='ocrx_word' id='word_1_458' title='bbox 3056 807 3369 874; x_wconf 89' lang='lat' dir='ltr'><strong>ecclesiae</strong></span> <span class='ocrx_word' id='word_1_459' title='bbox 3410 808 3617 890; x_wconf 90' lang='lat' dir='ltr'><strong>ipsius</strong></span> <span class='ocrx_word' id='word_1_460' title='bbox 3660 808 3905 875; x_wconf 90' lang='lat' dir='ltr'><strong>bellum</strong></span> <span class='ocrx_word' id='word_1_461' title='bbox 3949 807 4258 888; x_wconf 85' lang='lat' dir='ltr'><strong>indicere,</strong></span> 
     </span>
     <span class='ocr_line' id='line_1_64' title="bbox 2323 890 4256 978; baseline 0.003 -24"><span class='ocrx_word' id='word_1_462' title='bbox 2323 911 2586 957; x_wconf 87' lang='lat' dir='ltr'><strong>necesse</strong></span> <span class='ocrx_word' id='word_1_463' title='bbox 2645 901 2750 958; x_wconf 91' lang='lat' dir='ltr'><strong>est</strong></span> <span class='ocrx_word' id='word_1_464' title='bbox 2793 900 2867 956; x_wconf 92' lang='lat' dir='ltr'><strong>ut</strong></span> <span class='ocrx_word' id='word_1_465' title='bbox 2908 890 3254 958; x_wconf 89' lang='lat' dir='ltr'><strong>horrendis</strong></span> <span class='ocrx_word' id='word_1_466' title='bbox 3297 901 3365 957; x_wconf 91' lang='lat' dir='ltr'><strong>et</strong></span> <span class='ocrx_word' id='word_1_467' title='bbox 3406 893 3745 978; x_wconf 86' lang='lat' dir='ltr'><strong>stupendis</strong></span> <span class='ocrx_word' id='word_1_468' title='bbox 3788 892 3999 959; x_wconf 90' lang='lat' dir='ltr'><strong>modis</strong></span> <span class='ocrx_word' id='word_1_469' title='bbox 4043 896 4256 959; x_wconf 90' lang='lat' dir='ltr'><strong>virtu-</strong></span> 
     </span>
     <span class='ocr_line' id='line_1_65' title="bbox 2319 978 4258 1061; baseline 0.002 -19"><span class='ocrx_word' id='word_1_470' title='bbox 2319 986 2454 1042; x_wconf 88' lang='lat' dir='ltr'><strong>tem</strong></span> <span class='ocrx_word' id='word_1_471' title='bbox 2498 988 2566 1042; x_wconf 90' lang='lat' dir='ltr'><strong>et</strong></span> <span class='ocrx_word' id='word_1_472' title='bbox 2611 978 2965 1060; x_wconf 89' lang='lat' dir='ltr'><strong>potentiam</strong></span> <span class='ocrx_word' id='word_1_473' title='bbox 3012 978 3369 1045; x_wconf 87' lang='lat' dir='ltr'><strong>maiestatis</strong></span> <span class='ocrx_word' id='word_1_474' title='bbox 3406 979 3609 1061; x_wconf 92' lang='lat' dir='ltr'><strong>ipsius</strong></span> <span class='ocrx_word' id='word_1_475' title='bbox 3643 981 3970 1046; x_wconf 87' lang='lat' dir='ltr'><strong>sentiant:</strong></span> <span class='ocrx_word' id='word_1_476' title='bbox 4013 990 4081 1045; x_wconf 89' lang='lat' dir='ltr'><strong>et</strong></span> <span class='ocrx_word' id='word_1_477' title='bbox 4115 980 4258 1046; x_wconf 89' lang='lat' dir='ltr'><strong>eius</strong></span> 
     </span>
     <span class='ocr_line' id='line_1_66' title="bbox 2319 1063 4258 1148; baseline 0.001 -20"><span class='ocrx_word' id='word_1_478' title='bbox 2319 1074 2735 1145; x_wconf 90' lang='lat' dir='ltr'><strong>conspectum</strong></span> <span class='ocrx_word' id='word_1_479' title='bbox 2777 1064 2920 1129; x_wconf 90' lang='lat' dir='ltr'><strong>sine</strong></span> <span class='ocrx_word' id='word_1_480' title='bbox 2964 1063 3235 1129; x_wconf 84' lang='lat' dir='ltr'><strong>horrore</strong></span> <span class='ocrx_word' id='word_1_481' title='bbox 3276 1067 3599 1131; x_wconf 88' lang='lat' dir='ltr'><strong>sustinere</strong></span> <span class='ocrx_word' id='word_1_482' title='bbox 3642 1075 3991 1148; x_wconf 88' lang='lat' dir='ltr'><strong>nequeant,</strong></span> <span class='ocrx_word' id='word_1_483' title='bbox 4051 1085 4258 1148; x_wconf 90' lang='lat' dir='ltr'><strong>quan·</strong></span> 
     </span>
     <span class='ocr_line' id='line_1_67' title="bbox 2319 1148 4257 1230; baseline 0.002 -17"><span class='ocrx_word' id='word_1_484' title='bbox 2319 1148 2665 1230; x_wconf 89' lang='lat' dir='ltr'><strong>doquidem</strong></span> <span class='ocrx_word' id='word_1_485' title='bbox 2730 1148 2949 1214; x_wconf 91' lang='lat' dir='ltr'><strong>Deum</strong></span> <span class='ocrx_word' id='word_1_486' title='bbox 3013 1169 3133 1214; x_wconf 88' lang='lat' dir='ltr'><strong>sua</strong></span> <span class='ocrx_word' id='word_1_487' title='bbox 3196 1149 3548 1216; x_wconf 87' lang='lat' dir='ltr'><strong>rebellione</strong></span> <span class='ocrx_word' id='word_1_488' title='bbox 3612 1151 3695 1216; x_wconf 88' lang='lat' dir='ltr'><strong>ad</strong></span> <span class='ocrx_word' id='word_1_489' title='bbox 3753 1152 3947 1217; x_wconf 91' lang='lat' dir='ltr'><strong>istam</strong></span> <span class='ocrx_word' id='word_1_490' title='bbox 4010 1151 4257 1217; x_wconf 88' lang='lat' dir='ltr'><strong>severi·</strong></span> 
     </span>
     <span class='ocr_line' id='line_1_68' title="bbox 2321 1236 4256 1321; baseline 0.002 -23"><span class='ocrx_word' id='word_1_491' title='bbox 2321 1243 2518 1299; x_wconf 88' lang='lat' dir='ltr'><strong>tatem</strong></span> <span class='ocrx_word' id='word_1_492' title='bbox 2599 1244 2864 1319; x_wconf 88' lang='lat' dir='ltr'><strong>cogunt,</strong></span> <span class='ocrx_word' id='word_1_493' title='bbox 2941 1255 3131 1318; x_wconf 90' lang='lat' dir='ltr'><strong>quem</strong></span> <span class='ocrx_word' id='word_1_494' title='bbox 3207 1236 3563 1302; x_wconf 90' lang='lat' dir='ltr'><strong>terribilem</strong></span> <span class='ocrx_word' id='word_1_495' title='bbox 3622 1236 3906 1304; x_wconf 90' lang='lat' dir='ltr'><strong>iudicem</strong></span> <span class='ocrx_word' id='word_1_496' title='bbox 3971 1236 4256 1321; x_wconf 88' lang='lat' dir='ltr'><strong>experiri</strong></span> 
     </span>
     <span class='ocr_line' id='line_1_69' title="bbox 2321 1318 4256 1403; baseline 0.003 -19"><span class='ocrx_word' id='word_1_497' title='bbox 2321 1318 2475 1385; x_wconf 86' lang='lat' dir='ltr'><strong>facit</strong></span> <span class='ocrx_word' id='word_1_498' title='bbox 2516 1320 2809 1403; x_wconf 89' lang='lat' dir='ltr'><strong>ipsorum</strong></span> <span class='ocrx_word' id='word_1_499' title='bbox 2850 1321 3028 1385; x_wconf 82' lang='lat' dir='ltr'><strong>furor</strong></span> <span class='ocrx_word' id='word_1_500' title='bbox 3059 1331 3124 1385; x_wconf 92' lang='lat' dir='ltr'><strong>et</strong></span> <span class='ocrx_word' id='word_1_501' title='bbox 3144 1320 3510 1388; x_wconf 91' lang='lat' dir='ltr'><strong>obstinatio.</strong></span> <span class='ocrx_word' id='word_1_502' title='bbox 3604 1320 3781 1390; x_wconf 87' lang='lat' dir='ltr'><strong>Sane</strong></span> <span class='ocrx_word' id='word_1_503' title='bbox 3852 1323 4021 1389; x_wconf 89' lang='lat' dir='ltr'><strong>rima</strong></span> <span class='ocrx_word' id='word_1_504' title='bbox 4042 1322 4256 1389; x_wconf 77' lang='lat' dir='ltr'><strong>fronte</strong></span> 
     </span>
     <span class='ocr_line' id='line_1_70' title="bbox 2320 1405 4258 1489; baseline 0.002 -18"><span class='ocrx_word' id='word_1_505' title='bbox 2320 1405 2656 1481; x_wconf 81' lang='lat' dir='ltr'><strong>videretur</strong></span> <span class='ocrx_word' id='word_1_506' title='bbox 2699 1405 2873 1471; x_wconf 89' lang='lat' dir='ltr'><strong>istud</strong></span> <span class='ocrx_word' id='word_1_507' title='bbox 2918 1406 3157 1472; x_wconf 89' lang='lat' dir='ltr'><strong>durum</strong></span> <span class='ocrx_word' id='word_1_508' title='bbox 3203 1417 3271 1472; x_wconf 92' lang='lat' dir='ltr'><strong>et</strong></span> <span class='ocrx_word' id='word_1_509' title='bbox 3315 1408 3743 1489; x_wconf 91' lang='lat' dir='ltr'><strong>intolerabile,</strong></span> <span class='ocrx_word' id='word_1_510' title='bbox 3876 1429 4024 1473; x_wconf 90' lang='lat' dir='ltr'><strong>eum</strong></span> <span class='ocrx_word' id='word_1_511' title='bbox 4072 1416 4258 1474; x_wconf 89' lang='lat' dir='ltr'><strong>tanta</strong></span> 
     </span>
     <span class='ocr_line' id='line_1_71' title="bbox 2320 1492 4258 1578; baseline 0.002 -22"><span class='ocrx_word' id='word_1_512' title='bbox 2320 1493 2666 1557; x_wconf 87' lang='lat' dir='ltr'><strong>severitate</strong></span> <span class='ocrx_word' id='word_1_513' title='bbox 2725 1511 2919 1575; x_wconf 87' lang='lat' dir='ltr'><strong>agere</strong></span> <span class='ocrx_word' id='word_1_514' title='bbox 2977 1513 3125 1558; x_wconf 89' lang='lat' dir='ltr'><strong>cum</strong></span> <span class='ocrx_word' id='word_1_515' title='bbox 3189 1492 3273 1558; x_wconf 89' lang='lat' dir='ltr'><strong>iis</strong></span> <span class='ocrx_word' id='word_1_516' title='bbox 3316 1494 3426 1576; x_wconf 90' lang='lat' dir='ltr'><strong>qui</strong></span> <span class='ocrx_word' id='word_1_517' title='bbox 3472 1506 3717 1559; x_wconf 90' lang='lat' dir='ltr'><strong>temere</strong></span> <span class='ocrx_word' id='word_1_518' title='bbox 3760 1503 3829 1560; x_wconf 92' lang='lat' dir='ltr'><strong>et</strong></span> <span class='ocrx_word' id='word_1_519' title='bbox 3871 1503 4258 1578; x_wconf 88' lang='lat' dir='ltr'><strong>arroganter</strong></span> 
     </span>
     <span class='ocr_line' id='line_1_72' title="bbox 2320 1577 4259 1664; baseline 0.002 -22"><span class='ocrx_word' id='word_1_520' title='bbox 2320 1577 2642 1643; x_wconf 89' lang='lat' dir='ltr'><strong>adversus</strong></span> <span class='ocrx_word' id='word_1_521' title='bbox 2683 1578 2890 1661; x_wconf 89' lang='lat' dir='ltr'><strong>ipsius</strong></span> <span class='ocrx_word' id='word_1_522' title='bbox 2934 1579 3334 1644; x_wconf 89' lang='lat' dir='ltr'><strong>maiestatem</strong></span> <span class='ocrx_word' id='word_1_523' title='bbox 3383 1580 3756 1664; x_wconf 88' lang='lat' dir='ltr'><strong>insurgunt,</strong></span> <span class='ocrx_word' id='word_1_524' title='bbox 3799 1588 3866 1646; x_wconf 92' lang='lat' dir='ltr'><strong>et</strong></span> <span class='ocrx_word' id='word_1_525' title='bbox 3912 1580 4113 1645; x_wconf 89' lang='lat' dir='ltr'><strong>veluti</strong></span> <span class='ocrx_word' id='word_1_526' title='bbox 4159 1600 4259 1645; x_wconf 92' lang='lat' dir='ltr'><strong>re-</strong></span> 
     </span>
     <span class='ocr_line' id='line_1_73' title="bbox 2319 1663 4254 1749; baseline 0.002 -22"><span class='ocrx_word' id='word_1_527' title='bbox 2319 1663 2607 1728; x_wconf 84' lang='lat' dir='ltr'><strong>fractarii</strong></span> <span class='ocrx_word' id='word_1_528' title='bbox 2663 1664 2962 1729; x_wconf 85' lang='lat' dir='ltr'><strong>fraenum</strong></span> <span class='ocrx_word' id='word_1_529' title='bbox 3020 1663 3356 1729; x_wconf 89' lang='lat' dir='ltr'><strong>arrodunt.</strong></span> <span class='ocrx_word' id='word_1_530' title='bbox 3449 1664 3584 1731; x_wconf 84' lang='lat' dir='ltr'><strong>Sed</strong></span> <span class='ocrx_word' id='word_1_531' title='bbox 3649 1685 3846 1749; x_wconf 91' lang='lat' dir='ltr'><strong>quum</strong></span> <span class='ocrx_word' id='word_1_532' title='bbox 3915 1665 4254 1731; x_wconf 90' lang='lat' dir='ltr'><strong>hominum</strong></span> 
     </span>
     <span class='ocr_line' id='line_1_74' title="bbox 2319 1748 4256 1836; baseline 0.001 -22"><span class='ocrx_word' id='word_1_533' title='bbox 2319 1749 2511 1832; x_wconf 91' lang='lat' dir='ltr'><strong>culpa</strong></span> <span class='ocrx_word' id='word_1_534' title='bbox 2548 1748 2615 1814; x_wconf 92' lang='lat' dir='ltr'><strong>id</strong></span> <span class='ocrx_word' id='word_1_535' title='bbox 2652 1750 2789 1813; x_wconf 90' lang='lat' dir='ltr'><strong>fieri</strong></span> <span class='ocrx_word' id='word_1_536' title='bbox 2819 1749 3285 1833; x_wconf 85' lang='lat' dir='ltr'><strong>cognoscimus,</strong></span> <span class='ocrx_word' id='word_1_537' title='bbox 3338 1749 3554 1815; x_wconf 91' lang='lat' dir='ltr'><strong>Deum</strong></span> <span class='ocrx_word' id='word_1_538' title='bbox 3580 1754 3795 1833; x_wconf 87' lang='lat' dir='ltr'><strong>potius</strong></span> <span class='ocrx_word' id='word_1_539' title='bbox 3818 1749 4256 1836; x_wconf 84' lang='lat' dir='ltr'><strong>glorificemus</strong></span> 
     </span>
     <span class='ocr_line' id='line_1_75' title="bbox 2319 1834 4254 1920; baseline 0 -20"><span class='ocrx_word' id='word_1_540' title='bbox 2319 1846 2386 1900; x_wconf 91' lang='lat' dir='ltr'><strong>et</strong></span> <span class='ocrx_word' id='word_1_541' title='bbox 2429 1835 2607 1900; x_wconf 89' lang='lat' dir='ltr'><strong>iusta</strong></span> <span class='ocrx_word' id='word_1_542' title='bbox 2650 1835 2856 1918; x_wconf 90' lang='lat' dir='ltr'><strong>ipsius</strong></span> <span class='ocrx_word' id='word_1_543' title='bbox 2891 1834 3131 1901; x_wconf 93' lang='lat' dir='ltr'><strong>iudicia</strong></span> <span class='ocrx_word' id='word_1_544' title='bbox 3166 1834 3523 1913; x_wconf 89' lang='lat' dir='ltr'><strong>laudemus,</strong></span> <span class='ocrx_word' id='word_1_545' title='bbox 3570 1857 3768 1920; x_wconf 88' lang='lat' dir='ltr'><strong>quam</strong></span> <span class='ocrx_word' id='word_1_546' title='bbox 3804 1835 4254 1919; x_wconf 89' lang='lat' dir='ltr'><strong>obloquamur.</strong></span> 
     </span>
     <span class='ocr_line' id='line_1_76' title="bbox 2319 1919 4255 2005; baseline 0.001 -20"><span class='ocrx_word' id='word_1_547' title='bbox 2319 1921 2409 1985; x_wconf 82' lang='lat' dir='ltr'><strong>Et</strong></span> <span class='ocrx_word' id='word_1_548' title='bbox 2468 1921 2575 1986; x_wconf 87' lang='lat' dir='ltr'><strong>hic</strong></span> <span class='ocrx_word' id='word_1_549' title='bbox 2631 1920 3041 1986; x_wconf 87' lang='lat' dir='ltr'><strong>observanda</strong></span> <span class='ocrx_word' id='word_1_550' title='bbox 3096 1922 3372 2004; x_wconf 85' lang='lat' dir='ltr'><strong>insignis</strong></span> <span class='ocrx_word' id='word_1_551' title='bbox 3429 1922 3544 1987; x_wconf 90' lang='lat' dir='ltr'><strong>illa</strong></span> <span class='ocrx_word' id='word_1_552' title='bbox 3603 1920 3777 2005; x_wconf 91' lang='lat' dir='ltr'><strong>apud</strong></span> <span class='ocrx_word' id='word_1_553' title='bbox 3823 1919 4063 1988; x_wconf 91' lang='lat' dir='ltr'><strong>Oseam</strong></span> <span class='ocrx_word' id='word_1_554' title='bbox 4109 1941 4255 2005; x_wconf 88' lang='lat' dir='ltr'><strong>pro-</strong></span> 
     </span>
     <span class='ocr_line' id='line_1_77' title="bbox 2320 2005 4257 2089; baseline 0.001 -19"><span class='ocrx_word' id='word_1_555' title='bbox 2320 2006 2582 2089; x_wconf 88' lang='lat' dir='ltr'><strong>phetam</strong></span> <span class='ocrx_word' id='word_1_556' title='bbox 2627 2007 2958 2072; x_wconf 89' lang='lat' dir='ltr'><strong>sententia</strong></span> <span class='ocrx_word' id='word_1_557' title='bbox 2999 2005 3121 2073; x_wconf 91' lang='lat' dir='ltr'><strong>sub</strong></span> <span class='ocrx_word' id='word_1_558' title='bbox 3162 2008 3393 2073; x_wconf 88' lang='lat' dir='ltr'><strong>finem:</strong></span> <span class='ocrx_word' id='word_1_559' title='bbox 3459 2007 3618 2089; x_wconf 74' lang='lat' dir='ltr'><strong>Quis</strong></span> <span class='ocrx_word' id='word_1_560' title='bbox 3658 2009 3934 2089; x_wconf 76' lang='lat' dir='ltr'><strong>sapiens,</strong></span> <span class='ocrx_word' id='word_1_561' title='bbox 3978 2013 4037 2073; x_wconf 84' lang='lat' dir='ltr'><strong>et</strong></span> <span class='ocrx_word' id='word_1_562' title='bbox 4075 2007 4257 2072; x_wconf 75' lang='lat' dir='ltr'><strong>intel-</strong></span> 
     </span>
     <span class='ocr_line' id='line_1_78' title="bbox 2317 2091 4259 2176; baseline 0.002 -20"><span class='ocrx_word' id='word_1_563' title='bbox 2317 2092 2463 2175; x_wconf 75' lang='lat' dir='ltr'><strong>liyet</strong></span> <span class='ocrx_word' id='word_1_564' title='bbox 2503 2092 2676 2157; x_wconf 76' lang='lat' dir='ltr'><strong>ista?</strong></span> <span class='ocrx_word' id='word_1_565' title='bbox 2714 2091 3063 2176; x_wconf 73' lang='lat' dir='ltr'><strong>intelliyens</strong></span> <span class='ocrx_word' id='word_1_566' title='bbox 3103 2098 3161 2158; x_wconf 80' lang='lat' dir='ltr'><strong>ct</strong></span> <span class='ocrx_word' id='word_1_567' title='bbox 3199 2093 3347 2158; x_wconf 77' lang='lat' dir='ltr'><strong>sciet</strong></span> <span class='ocrx_word' id='word_1_568' title='bbox 3386 2092 3587 2159; x_wconf 77' lang='lat' dir='ltr'><strong>haec?</strong></span> <span class='ocrx_word' id='word_1_569' title='bbox 3678 2094 3845 2176; x_wconf 77' lang='lat' dir='ltr'><strong>Quia</strong></span> <span class='ocrx_word' id='word_1_570' title='bbox 3887 2098 4085 2159; x_wconf 78' lang='lat' dir='ltr'><strong>rectae</strong></span> <span class='ocrx_word' id='word_1_571' title='bbox 4116 2093 4259 2159; x_wconf 81' lang='lat' dir='ltr'><strong>viae</strong></span> 
     </span>
     <span class='ocr_line' id='line_1_79' title="bbox 2319 2177 4260 2260; baseline 0.001 -16"><span class='ocrx_word' id='word_1_572' title='bbox 2319 2177 2609 2258; x_wconf 81' lang='lat' dir='ltr'><strong>Domini,</strong></span> <span class='ocrx_word' id='word_1_573' title='bbox 2667 2183 2725 2242; x_wconf 83' lang='lat' dir='ltr'><strong>et</strong></span> <span class='ocrx_word' id='word_1_574' title='bbox 2780 2178 2935 2243; x_wconf 77' lang='lat' dir='ltr'><strong>iusti</strong></span> <span class='ocrx_word' id='word_1_575' title='bbox 2975 2177 3379 2244; x_wconf 78' lang='lat' dir='ltr'><strong>ambulabunt</strong></span> <span class='ocrx_word' id='word_1_576' title='bbox 3417 2179 3488 2245; x_wconf 81' lang='lat' dir='ltr'><strong>in</strong></span> <span class='ocrx_word' id='word_1_577' title='bbox 3532 2181 3660 2244; x_wconf 82' lang='lat' dir='ltr'><strong>eis:</strong></span> <span class='ocrx_word' id='word_1_578' title='bbox 3716 2179 4260 2260; x_wconf 76' lang='lat' dir='ltr'><strong>praevaricatores</strong></span> 
     </span>
     <span class='ocr_line' id='line_1_80' title="bbox 2318 2263 4258 2347; baseline 0.001 -20"><span class='ocrx_word' id='word_1_579' title='bbox 2318 2283 2461 2328; x_wconf 84' lang='lat' dir='ltr'><strong>vero</strong></span> <span class='ocrx_word' id='word_1_580' title='bbox 2509 2268 2793 2329; x_wconf 76' lang='lat' dir='ltr'><strong>corruent</strong></span> <span class='ocrx_word' id='word_1_581' title='bbox 2834 2265 2903 2328; x_wconf 81' lang='lat' dir='ltr'><strong>in</strong></span> <span class='ocrx_word' id='word_1_582' title='bbox 2944 2265 3054 2331; x_wconf 81' lang='lat' dir='ltr'><strong>eis.</strong></span> <span class='ocrx_word' id='word_1_583' title='bbox 3142 2263 3401 2345; x_wconf 81' lang='lat' dir='ltr'><strong>Quibus</strong></span> <span class='ocrx_word' id='word_1_584' title='bbox 3447 2263 3659 2330; x_wconf 83' lang='lat' dir='ltr'><strong>verbis</strong></span> <span class='ocrx_word' id='word_1_585' title='bbox 3704 2263 4024 2347; x_wconf 89' lang='lat' dir='ltr'><strong>propheta</strong></span> <span class='ocrx_word' id='word_1_586' title='bbox 4069 2263 4258 2329; x_wconf 89' lang='lat' dir='ltr'><strong>docet</strong></span> 
     </span>
     <span class='ocr_line' id='line_1_81' title="bbox 2318 2347 4257 2433; baseline 0 -20"><span class='ocrx_word' id='word_1_587' title='bbox 2318 2360 2616 2431; x_wconf 87' lang='lat' dir='ltr'><strong>oportere</strong></span> <span class='ocrx_word' id='word_1_588' title='bbox 2676 2370 2795 2415; x_wconf 91' lang='lat' dir='ltr'><strong>nos</strong></span> <span class='ocrx_word' id='word_1_589' title='bbox 2852 2369 3019 2432; x_wconf 89' lang='lat' dir='ltr'><strong>quae</strong></span> <span class='ocrx_word' id='word_1_590' title='bbox 3080 2349 3262 2414; x_wconf 86' lang='lat' dir='ltr'><strong>Deus</strong></span> <span class='ocrx_word' id='word_1_591' title='bbox 3319 2347 3559 2416; x_wconf 89' lang='lat' dir='ltr'><strong>iudicia</strong></span> <span class='ocrx_word' id='word_1_592' title='bbox 3600 2351 3668 2414; x_wconf 89' lang='lat' dir='ltr'><strong>in</strong></span> <span class='ocrx_word' id='word_1_593' title='bbox 3715 2350 3951 2433; x_wconf 90' lang='lat' dir='ltr'><strong>impios</strong></span> <span class='ocrx_word' id='word_1_594' title='bbox 3995 2359 4257 2415; x_wconf 86' lang='lat' dir='ltr'><strong>exercet</strong></span> 
     </span>
     <span class='ocr_line' id='line_1_82' title="bbox 2319 2435 4255 2519; baseline 0.001 -21"><span class='ocrx_word' id='word_1_595' title='bbox 2319 2435 2388 2498; x_wconf 91' lang='lat' dir='ltr'><strong>in</strong></span> <span class='ocrx_word' id='word_1_596' title='bbox 2447 2444 2742 2499; x_wconf 88' lang='lat' dir='ltr'><strong>nostrum</strong></span> <span class='ocrx_word' id='word_1_597' title='bbox 2799 2455 2991 2500; x_wconf 93' lang='lat' dir='ltr'><strong>usum</strong></span> <span class='ocrx_word' id='word_1_598' title='bbox 3048 2444 3450 2516; x_wconf 90' lang='lat' dir='ltr'><strong>convertere,</strong></span> <span class='ocrx_word' id='word_1_599' title='bbox 3513 2445 3580 2501; x_wconf 93' lang='lat' dir='ltr'><strong>et</strong></span> <span class='ocrx_word' id='word_1_600' title='bbox 3623 2436 3840 2500; x_wconf 88' lang='lat' dir='ltr'><strong>Deum</strong></span> <span class='ocrx_word' id='word_1_601' title='bbox 3885 2456 4145 2519; x_wconf 89' lang='lat' dir='ltr'><strong>semper</strong></span> <span class='ocrx_word' id='word_1_602' title='bbox 4189 2444 4255 2500; x_wconf 91' lang='lat' dir='ltr'><strong>et</strong></span> 
     </span>
     <span class='ocr_line' id='line_1_83' title="bbox 2320 2520 4255 2599; baseline 0.002 -16"><span class='ocrx_word' id='word_1_603' title='bbox 2320 2521 2384 2583; x_wconf 92' lang='lat' dir='ltr'><strong>in</strong></span> <span class='ocrx_word' id='word_1_604' title='bbox 2433 2520 2735 2585; x_wconf 89' lang='lat' dir='ltr'><strong>omnibus</strong></span> <span class='ocrx_word' id='word_1_605' title='bbox 2778 2520 2914 2586; x_wconf 91' lang='lat' dir='ltr'><strong>suis</strong></span> <span class='ocrx_word' id='word_1_606' title='bbox 2955 2520 3214 2586; x_wconf 90' lang='lat' dir='ltr'><strong>iudiciis</strong></span> <span class='ocrx_word' id='word_1_607' title='bbox 3256 2542 3399 2586; x_wconf 91' lang='lat' dir='ltr'><strong>esse</strong></span> <span class='ocrx_word' id='word_1_608' title='bbox 3443 2522 3704 2599; x_wconf 92' lang='lat' dir='ltr'><strong>bonum,</strong></span> <span class='ocrx_word' id='word_1_609' title='bbox 3750 2522 3994 2586; x_wconf 89' lang='lat' dir='ltr'><strong>iustum</strong></span> <span class='ocrx_word' id='word_1_610' title='bbox 4041 2530 4108 2585; x_wconf 92' lang='lat' dir='ltr'><strong>et</strong></span> <span class='ocrx_word' id='word_1_611' title='bbox 4150 2541 4255 2586; x_wconf 92' lang='lat' dir='ltr'><strong>sa-</strong></span> 
     </span>
     <span class='ocr_line' id='line_1_84' title="bbox 2319 2605 4253 2691; baseline 0 -21"><span class='ocrx_word' id='word_1_612' title='bbox 2319 2606 2607 2690; x_wconf 92' lang='lat' dir='ltr'><strong>pientem</strong></span> <span class='ocrx_word' id='word_1_613' title='bbox 2651 2626 3108 2691; x_wconf 88' lang='lat' dir='ltr'><strong>agnoscerere:</strong></span> <span class='ocrx_word' id='word_1_614' title='bbox 3166 2605 3347 2671; x_wconf 89' lang='lat' dir='ltr'><strong>Nihil</strong></span> <span class='ocrx_word' id='word_1_615' title='bbox 3395 2608 3461 2672; x_wconf 93' lang='lat' dir='ltr'><strong>in</strong></span> <span class='ocrx_word' id='word_1_616' title='bbox 3508 2607 3811 2673; x_wconf 90' lang='lat' dir='ltr'><strong>omnibus</strong></span> <span class='ocrx_word' id='word_1_617' title='bbox 3855 2607 4058 2690; x_wconf 88' lang='lat' dir='ltr'><strong>ipsius</strong></span> <span class='ocrx_word' id='word_1_618' title='bbox 4102 2627 4253 2690; x_wconf 92' lang='lat' dir='ltr'><strong>ope-</strong></span> 
     </span>
     <span class='ocr_line' id='line_1_85' title="bbox 2321 2691 4254 2776; baseline 0.001 -20"><span class='ocrx_word' id='word_1_619' title='bbox 2321 2692 2501 2757; x_wconf 89' lang='lat' dir='ltr'><strong>ribus</strong></span> <span class='ocrx_word' id='word_1_620' title='bbox 2541 2695 2803 2775; x_wconf 90' lang='lat' dir='ltr'><strong>requiri,</strong></span> <span class='ocrx_word' id='word_1_621' title='bbox 2842 2705 3151 2776; x_wconf 89' lang='lat' dir='ltr'><strong>tanquam</strong></span> <span class='ocrx_word' id='word_1_622' title='bbox 3188 2713 3493 2759; x_wconf 90' lang='lat' dir='ltr'><strong>mancum</strong></span> <span class='ocrx_word' id='word_1_623' title='bbox 3526 2704 3595 2758; x_wconf 91' lang='lat' dir='ltr'><strong>et</strong></span> <span class='ocrx_word' id='word_1_624' title='bbox 3615 2692 4097 2775; x_wconf 88' lang='lat' dir='ltr'><strong>imperfectum:</strong></span> <span class='ocrx_word' id='word_1_625' title='bbox 4140 2691 4254 2758; x_wconf 87' lang='lat' dir='ltr'><strong>sed</strong></span> 
     </span>
     <span class='ocr_line' id='line_1_86' title="bbox 2318 2776 4257 2861; baseline -0.001 -19"><span class='ocrx_word' id='word_1_626' title='bbox 2318 2777 2543 2843; x_wconf 90' lang='lat' dir='ltr'><strong>omnia</strong></span> <span class='ocrx_word' id='word_1_627' title='bbox 2584 2798 2724 2843; x_wconf 91' lang='lat' dir='ltr'><strong>esse</strong></span> <span class='ocrx_word' id='word_1_628' title='bbox 2769 2776 3257 2861; x_wconf 86' lang='lat' dir='ltr'><strong>perfectissima.</strong></span> <span class='ocrx_word' id='word_1_629' title='bbox 3305 2777 3633 2859; x_wconf 82' lang='lat' dir='ltr'><strong>Quoniam</strong></span> <span class='ocrx_word' id='word_1_630' title='bbox 3660 2788 3877 2843; x_wconf 91' lang='lat' dir='ltr'><strong>autem</strong></span> <span class='ocrx_word' id='word_1_631' title='bbox 3923 2776 4005 2842; x_wconf 91' lang='lat' dir='ltr'><strong>ab</strong></span> <span class='ocrx_word' id='word_1_632' title='bbox 4050 2778 4257 2841; x_wconf 91' lang='lat' dir='ltr'><strong>omni-</strong></span> 
     </span>
     <span class='ocr_line' id='line_1_87' title="bbox 2320 2863 4253 2946; baseline -0.002 -17"><span class='ocrx_word' id='word_1_633' title='bbox 2320 2864 2443 2930; x_wconf 91' lang='lat' dir='ltr'><strong>bus</strong></span> <span class='ocrx_word' id='word_1_634' title='bbox 2523 2863 2637 2928; x_wconf 90' lang='lat' dir='ltr'><strong>illa</strong></span> <span class='ocrx_word' id='word_1_635' title='bbox 2703 2882 2833 2927; x_wconf 93' lang='lat' dir='ltr'><strong>non</strong></span> <span class='ocrx_word' id='word_1_636' title='bbox 2902 2863 3363 2946; x_wconf 89' lang='lat' dir='ltr'><strong>percipiuntur,</strong></span> <span class='ocrx_word' id='word_1_637' title='bbox 3446 2863 3684 2930; x_wconf 90' lang='lat' dir='ltr'><strong>idcirco</strong></span> <span class='ocrx_word' id='word_1_638' title='bbox 3748 2864 3838 2928; x_wconf 90' lang='lat' dir='ltr'><strong>ait</strong></span> <span class='ocrx_word' id='word_1_639' title='bbox 3899 2863 4253 2945; x_wconf 86' lang='lat' dir='ltr'><strong>propheta:</strong></span> 
     </span>
     <span class='ocr_line' id='line_1_88' title="bbox 2322 2947 4255 3032; baseline -0.001 -19"><span class='ocrx_word' id='word_1_640' title='bbox 2322 2948 2492 3030; x_wconf 90' lang='lat' dir='ltr'><strong>Quis</strong></span> <span class='ocrx_word' id='word_1_641' title='bbox 2535 2947 2871 3032; x_wconf 86' lang='lat' dir='ltr'><strong>prudens?</strong></span> <span class='ocrx_word' id='word_1_642' title='bbox 2917 2949 3062 3032; x_wconf 89' lang='lat' dir='ltr'><strong>quis</strong></span> <span class='ocrx_word' id='word_1_643' title='bbox 3104 2948 3408 3032; x_wconf 82' lang='lat' dir='ltr'><strong>sapiens?</strong></span> <span class='ocrx_word' id='word_1_644' title='bbox 3455 2959 3521 3015; x_wconf 92' lang='lat' dir='ltr'><strong>et</strong></span> <span class='ocrx_word' id='word_1_645' title='bbox 3556 2950 3717 3015; x_wconf 92' lang='lat' dir='ltr'><strong>haec</strong></span> <span class='ocrx_word' id='word_1_646' title='bbox 3752 2947 4116 3031; x_wconf 77' lang='lat' dir='ltr'><strong>intelliget?</strong></span> <span class='ocrx_word' id='word_1_647' title='bbox 4165 2948 4255 3013; x_wconf 81' lang='lat' dir='ltr'><strong>Et</strong></span> 
     </span>
     <span class='ocr_line' id='line_1_89' title="bbox 2321 3032 4256 3119; baseline -0.001 -19"><span class='ocrx_word' id='word_1_648' title='bbox 2321 3035 2528 3100; x_wconf 90' lang='lat' dir='ltr'><strong>utitur</strong></span> <span class='ocrx_word' id='word_1_649' title='bbox 2602 3035 3110 3119; x_wconf 86' lang='lat' dir='ltr'><strong>interrogatione</strong></span> <span class='ocrx_word' id='word_1_650' title='bbox 3185 3035 3517 3118; x_wconf 87' lang='lat' dir='ltr'><strong>propbeta,</strong></span> <span class='ocrx_word' id='word_1_651' title='bbox 3584 3055 3752 3118; x_wconf 92' lang='lat' dir='ltr'><strong>quae</strong></span> <span class='ocrx_word' id='word_1_652' title='bbox 3809 3032 4256 3099; x_wconf 88' lang='lat' dir='ltr'><strong>vehementior</strong></span> 
     </span>
     <span class='ocr_line' id='line_1_90' title="bbox 2320 3118 4253 3203; baseline -0.001 -18"><span class='ocrx_word' id='word_1_653' title='bbox 2320 3134 2420 3185; x_wconf 88' lang='lat' dir='ltr'><strong>est</strong></span> <span class='ocrx_word' id='word_1_654' title='bbox 2479 3122 2548 3184; x_wconf 94' lang='lat' dir='ltr'><strong>in</strong></span> <span class='ocrx_word' id='word_1_655' title='bbox 2607 3120 2946 3186; x_wconf 85' lang='lat' dir='ltr'><strong>affectibus</strong></span> <span class='ocrx_word' id='word_1_656' title='bbox 3003 3118 3362 3200; x_wconf 85' lang='lat' dir='ltr'><strong>movendis,</strong></span> <span class='ocrx_word' id='word_1_657' title='bbox 3422 3129 3497 3185; x_wconf 91' lang='lat' dir='ltr'><strong>ut</strong></span> <span class='ocrx_word' id='word_1_658' title='bbox 3557 3120 3852 3185; x_wconf 90' lang='lat' dir='ltr'><strong>homines</strong></span> <span class='ocrx_word' id='word_1_659' title='bbox 3909 3119 4118 3203; x_wconf 86' lang='lat' dir='ltr'><strong>magis</strong></span> <span class='ocrx_word' id='word_1_660' title='bbox 4172 3118 4253 3183; x_wconf 89' lang='lat' dir='ltr'><strong>ad</strong></span> 
     </span>
     <span class='ocr_line' id='line_1_91' title="bbox 2320 3204 4252 3289; baseline -0.001 -19"><span class='ocrx_word' id='word_1_661' title='bbox 2320 3226 2591 3289; x_wconf 92' lang='lat' dir='ltr'><strong>operum</strong></span> <span class='ocrx_word' id='word_1_662' title='bbox 2638 3206 2761 3271; x_wconf 93' lang='lat' dir='ltr'><strong>Dei</strong></span> <span class='ocrx_word' id='word_1_663' title='bbox 2798 3206 3379 3289; x_wconf 88' lang='lat' dir='ltr'><strong>apprehensionem</strong></span> <span class='ocrx_word' id='word_1_664' title='bbox 3434 3206 3822 3272; x_wconf 90' lang='lat' dir='ltr'><strong>excitentur.</strong></span> <span class='ocrx_word' id='word_1_665' title='bbox 3908 3204 4252 3269; x_wconf 89' lang='lat' dir='ltr'><strong>Caeterum</strong></span> 
     </span>
     <span class='ocr_line' id='line_1_92' title="bbox 2321 3290 4258 3373; baseline 0 -17"><span class='ocrx_word' id='word_1_666' title='bbox 2321 3293 2591 3357; x_wconf 90' lang='lat' dir='ltr'><strong>minime</strong></span> <span class='ocrx_word' id='word_1_667' title='bbox 2647 3292 2889 3357; x_wconf 88' lang='lat' dir='ltr'><strong>mirum</strong></span> <span class='ocrx_word' id='word_1_668' title='bbox 2933 3290 3144 3356; x_wconf 89' lang='lat' dir='ltr'><strong>videri</strong></span> <span class='ocrx_word' id='word_1_669' title='bbox 3189 3291 3380 3358; x_wconf 93' lang='lat' dir='ltr'><strong>debet</strong></span> <span class='ocrx_word' id='word_1_670' title='bbox 3433 3291 3491 3356; x_wconf 88' lang='lat' dir='ltr'><strong>si</strong></span> <span class='ocrx_word' id='word_1_671' title='bbox 3533 3291 3846 3357; x_wconf 88' lang='lat' dir='ltr'><strong>adversus</strong></span> <span class='ocrx_word' id='word_1_672' title='bbox 3893 3290 4014 3355; x_wconf 92' lang='lat' dir='ltr'><strong>Dei</strong></span> <span class='ocrx_word' id='word_1_673' title='bbox 4060 3310 4258 3373; x_wconf 87' lang='lat' dir='ltr'><strong>opera</strong></span> 
     </span>
     <span class='ocr_line' id='line_1_93' title="bbox 2320 3373 4257 3461; baseline 0 -21"><span class='ocrx_word' id='word_1_674' title='bbox 2320 3378 2510 3442; x_wconf 91' lang='lat' dir='ltr'><strong>multi</strong></span> <span class='ocrx_word' id='word_1_675' title='bbox 2547 3398 2803 3460; x_wconf 88' lang='lat' dir='ltr'><strong>semper</strong></span> <span class='ocrx_word' id='word_1_676' title='bbox 2842 3377 3308 3461; x_wconf 89' lang='lat' dir='ltr'><strong>obloquuntur:</strong></span> <span class='ocrx_word' id='word_1_677' title='bbox 3357 3376 3467 3442; x_wconf 87' lang='lat' dir='ltr'><strong>alii</strong></span> <span class='ocrx_word' id='word_1_678' title='bbox 3503 3376 3764 3461; x_wconf 91' lang='lat' dir='ltr'><strong>quidem</strong></span> <span class='ocrx_word' id='word_1_679' title='bbox 3804 3374 4107 3441; x_wconf 90' lang='lat' dir='ltr'><strong>dentibus</strong></span> <span class='ocrx_word' id='word_1_680' title='bbox 4141 3373 4257 3440; x_wconf 92' lang='lat' dir='ltr'><strong>ad·</strong></span> 
     </span>
     <span class='ocr_line' id='line_1_94' title="bbox 2321 3460 4256 3546; baseline 0.001 -21"><span class='ocrx_word' id='word_1_681' title='bbox 2321 3484 2550 3529; x_wconf 90' lang='lat' dir='ltr'><strong>versus</strong></span> <span class='ocrx_word' id='word_1_682' title='bbox 2617 3464 2829 3546; x_wconf 91' lang='lat' dir='ltr'><strong>ipsum</strong></span> <span class='ocrx_word' id='word_1_683' title='bbox 2899 3461 3269 3543; x_wconf 89' lang='lat' dir='ltr'><strong>stridentes,</strong></span> <span class='ocrx_word' id='word_1_684' title='bbox 3333 3462 3443 3529; x_wconf 90' lang='lat' dir='ltr'><strong>alii</strong></span> <span class='ocrx_word' id='word_1_685' title='bbox 3505 3464 3686 3528; x_wconf 88' lang='lat' dir='ltr'><strong>virus</strong></span> <span class='ocrx_word' id='word_1_686' title='bbox 3745 3482 3934 3526; x_wconf 90' lang='lat' dir='ltr'><strong>suum</strong></span> <span class='ocrx_word' id='word_1_687' title='bbox 3980 3472 4046 3526; x_wconf 91' lang='lat' dir='ltr'><strong>et</strong></span> <span class='ocrx_word' id='word_1_688' title='bbox 4086 3460 4256 3527; x_wconf 89' lang='lat' dir='ltr'><strong>blas·</strong></span> 
     </span>
     <span class='ocr_line' id='line_1_95' title="bbox 2319 3547 4255 3631; baseline 0 -18"><span class='ocrx_word' id='word_1_689' title='bbox 2319 3548 2594 3631; x_wconf 86' lang='lat' dir='ltr'><strong>phemas</strong></span> <span class='ocrx_word' id='word_1_690' title='bbox 2658 3569 2848 3614; x_wconf 92' lang='lat' dir='ltr'><strong>voces</strong></span> <span class='ocrx_word' id='word_1_691' title='bbox 2914 3557 3305 3625; x_wconf 86' lang='lat' dir='ltr'><strong>evomentes,</strong></span> <span class='ocrx_word' id='word_1_692' title='bbox 3372 3560 3447 3613; x_wconf 90' lang='lat' dir='ltr'><strong>ut</strong></span> <span class='ocrx_word' id='word_1_693' title='bbox 3512 3548 3693 3614; x_wconf 92' lang='lat' dir='ltr'><strong>Deus</strong></span> <span class='ocrx_word' id='word_1_694' title='bbox 3761 3549 3973 3630; x_wconf 88' lang='lat' dir='ltr'><strong>qualis</strong></span> <span class='ocrx_word' id='word_1_695' title='bbox 4030 3555 4132 3613; x_wconf 91' lang='lat' dir='ltr'><strong>est</strong></span> <span class='ocrx_word' id='word_1_696' title='bbox 4174 3547 4255 3613; x_wconf 93' lang='lat' dir='ltr'><strong>ab</strong></span> 
     </span>
     <span class='ocr_line' id='line_1_96' title="bbox 2318 3631 4255 3719; baseline 0 -21"><span class='ocrx_word' id='word_1_697' title='bbox 2318 3635 2478 3718; x_wconf 90' lang='lat' dir='ltr'><strong>ipsis</strong></span> <span class='ocrx_word' id='word_1_698' title='bbox 2557 3635 2819 3719; x_wconf 81' lang='lat' dir='ltr'><strong>agnosci</strong></span> <span class='ocrx_word' id='word_1_699' title='bbox 2899 3654 3029 3699; x_wconf 91' lang='lat' dir='ltr'><strong>non</strong></span> <span class='ocrx_word' id='word_1_700' title='bbox 3094 3636 3315 3717; x_wconf 90' lang='lat' dir='ltr'><strong>possit.</strong></span> <span class='ocrx_word' id='word_1_701' title='bbox 3404 3631 3540 3700; x_wconf 82' lang='lat' dir='ltr'><strong>Sed</strong></span> <span class='ocrx_word' id='word_1_702' title='bbox 3606 3632 3779 3698; x_wconf 89' lang='lat' dir='ltr'><strong>unde</strong></span> <span class='ocrx_word' id='word_1_703' title='bbox 3843 3631 4039 3713; x_wconf 91' lang='lat' dir='ltr'><strong>istud,</strong></span> <span class='ocrx_word' id='word_1_704' title='bbox 4118 3654 4255 3713; x_wconf 91' lang='lat' dir='ltr'><strong>oro,</strong></span> 
     </span>
     <span class='ocr_line' id='line_1_97' title="bbox 2321 3718 4255 3803; baseline 0.001 -19"><span class='ocrx_word' id='word_1_705' title='bbox 2321 3728 2549 3785; x_wconf 89' lang='lat' dir='ltr'><strong>manat</strong></span> <span class='ocrx_word' id='word_1_706' title='bbox 2591 3720 2716 3785; x_wconf 89' lang='lat' dir='ltr'><strong>nisi</strong></span> <span class='ocrx_word' id='word_1_707' title='bbox 2762 3740 2843 3784; x_wconf 91' lang='lat' dir='ltr'><strong>ex</strong></span> <span class='ocrx_word' id='word_1_708' title='bbox 2891 3741 2966 3785; x_wconf 91' lang='lat' dir='ltr'><strong>eo</strong></span> <span class='ocrx_word' id='word_1_709' title='bbox 3010 3718 3184 3803; x_wconf 89' lang='lat' dir='ltr'><strong>quod</strong></span> <span class='ocrx_word' id='word_1_710' title='bbox 3226 3718 3521 3784; x_wconf 91' lang='lat' dir='ltr'><strong>homines</strong></span> <span class='ocrx_word' id='word_1_711' title='bbox 3563 3718 4000 3803; x_wconf 88' lang='lat' dir='ltr'><strong>intelligentia</strong></span> <span class='ocrx_word' id='word_1_712' title='bbox 4041 3730 4110 3784; x_wconf 91' lang='lat' dir='ltr'><strong>et</strong></span> <span class='ocrx_word' id='word_1_713' title='bbox 4152 3738 4255 3785; x_wconf 86' lang='lat' dir='ltr'><strong>sa-</strong></span> 
     </span>
     <span class='ocr_line' id='line_1_98' title="bbox 2320 3804 4253 3889; baseline -0.001 -20"><span class='ocrx_word' id='word_1_714' title='bbox 2320 3807 2565 3889; x_wconf 89' lang='lat' dir='ltr'><strong>pientia</strong></span> <span class='ocrx_word' id='word_1_715' title='bbox 2608 3805 3101 3871; x_wconf 79' lang='lat' dir='ltr'><strong>destitunntur?</strong></span> <span class='ocrx_word' id='word_1_716' title='bbox 3190 3804 3283 3870; x_wconf 90' lang='lat' dir='ltr'><strong>At</strong></span> <span class='ocrx_word' id='word_1_717' title='bbox 3327 3805 3508 3870; x_wconf 87' lang='lat' dir='ltr'><strong>Deus</strong></span> <span class='ocrx_word' id='word_1_718' title='bbox 3551 3804 3818 3870; x_wconf 89' lang='lat' dir='ltr'><strong>stultam</strong></span> <span class='ocrx_word' id='word_1_719' title='bbox 3863 3804 4044 3870; x_wconf 91' lang='lat' dir='ltr'><strong>illam</strong></span> <span class='ocrx_word' id='word_1_720' title='bbox 4084 3825 4253 3870; x_wconf 88' lang='lat' dir='ltr'><strong>mor-</strong></span> 
     </span>
     <span class='ocr_line' id='line_1_99' title="bbox 2321 3889 4252 3973; baseline 0.001 -18"><span class='ocrx_word' id='word_1_721' title='bbox 2321 3893 2548 3956; x_wconf 86' lang='lat' dir='ltr'><strong>talium</strong></span> <span class='ocrx_word' id='word_1_722' title='bbox 2604 3892 3073 3957; x_wconf 84' lang='lat' dir='ltr'><strong>contumaciam</strong></span> <span class='ocrx_word' id='word_1_723' title='bbox 3125 3891 3260 3956; x_wconf 91' lang='lat' dir='ltr'><strong>Deo</strong></span> <span class='ocrx_word' id='word_1_724' title='bbox 3298 3889 3802 3973; x_wconf 89' lang='lat' dir='ltr'><strong>obloquentium,</strong></span> <span class='ocrx_word' id='word_1_725' title='bbox 3862 3889 4067 3973; x_wconf 92' lang='lat' dir='ltr'><strong>deque</strong></span> <span class='ocrx_word' id='word_1_726' title='bbox 4112 3892 4252 3956; x_wconf 89' lang='lat' dir='ltr'><strong>eius</strong></span> 
     </span>
     <span class='ocr_line' id='line_1_100' title="bbox 2321 3975 4249 4059; baseline 0 -19"><span class='ocrx_word' id='word_1_727' title='bbox 2321 3977 2627 4059; x_wconf 84' lang='lat' dir='ltr'><strong>operibus</strong></span> <span class='ocrx_word' id='word_1_728' title='bbox 2715 3975 3224 4055; x_wconf 89' lang='lat' dir='ltr'><strong>detrahentium,</strong></span> <span class='ocrx_word' id='word_1_729' title='bbox 3323 3976 3506 4041; x_wconf 89' lang='lat' dir='ltr'><strong>miris</strong></span> <span class='ocrx_word' id='word_1_730' title='bbox 3594 3975 3804 4041; x_wconf 89' lang='lat' dir='ltr'><strong>modis</strong></span> <span class='ocrx_word' id='word_1_731' title='bbox 3884 3976 4249 4043; x_wconf 85' lang='lat' dir='ltr'><strong>contundit.</strong></span> 
     </span>
     <span class='ocr_line' id='line_1_101' title="bbox 2320 4061 4254 4144; baseline -0.001 -17"><span class='ocrx_word' id='word_1_732' title='bbox 2320 4062 2539 4144; x_wconf 88' lang='lat' dir='ltr'><strong>Quam</strong></span> <span class='ocrx_word' id='word_1_733' title='bbox 2576 4063 2816 4128; x_wconf 91' lang='lat' dir='ltr'><strong>multos</strong></span> <span class='ocrx_word' id='word_1_734' title='bbox 2860 4061 3224 4127; x_wconf 89' lang='lat' dir='ltr'><strong>istiusmodi</strong></span> <span class='ocrx_word' id='word_1_735' title='bbox 3269 4061 3565 4128; x_wconf 90' lang='lat' dir='ltr'><strong>homines</strong></span> <span class='ocrx_word' id='word_1_736' title='bbox 3602 4061 3722 4126; x_wconf 90' lang='lat' dir='ltr'><strong>hoc</strong></span> <span class='ocrx_word' id='word_1_737' title='bbox 3749 4062 4078 4127; x_wconf 90' lang='lat' dir='ltr'><strong>saeculum</strong></span> <span class='ocrx_word' id='word_1_738' title='bbox 4105 4082 4254 4144; x_wconf 90' lang='lat' dir='ltr'><strong>pro·</strong></span> 
     </span>
     <span class='ocr_line' id='line_1_102' title="bbox 2320 4146 4251 4231; baseline 0 -19"><span class='ocrx_word' id='word_1_739' title='bbox 2320 4148 2515 4225; x_wconf 85' lang='lat' dir='ltr'><strong>ducit,</strong></span> <span class='ocrx_word' id='word_1_740' title='bbox 2562 4149 2668 4231; x_wconf 92' lang='lat' dir='ltr'><strong>qui</strong></span> <span class='ocrx_word' id='word_1_741' title='bbox 2714 4146 2795 4213; x_wconf 89' lang='lat' dir='ltr'><strong>de</strong></span> <span class='ocrx_word' id='word_1_742' title='bbox 2842 4148 2980 4213; x_wconf 90' lang='lat' dir='ltr'><strong>Deo</strong></span> <span class='ocrx_word' id='word_1_743' title='bbox 3024 4147 3203 4231; x_wconf 90' lang='lat' dir='ltr'><strong>loqui</strong></span> <span class='ocrx_word' id='word_1_744' title='bbox 3241 4168 3370 4212; x_wconf 93' lang='lat' dir='ltr'><strong>non</strong></span> <span class='ocrx_word' id='word_1_745' title='bbox 3409 4147 3601 4212; x_wconf 87' lang='lat' dir='ltr'><strong>aliter</strong></span> <span class='ocrx_word' id='word_1_746' title='bbox 3633 4147 4010 4223; x_wconf 88' lang='lat' dir='ltr'><strong>audiuntur,</strong></span> <span class='ocrx_word' id='word_1_747' title='bbox 4055 4167 4251 4229; x_wconf 90' lang='lat' dir='ltr'><strong>quam</strong></span> 
     </span>
     <span class='ocr_line' id='line_1_103' title="bbox 2319 4232 4252 4300; baseline -0.001 0"><span class='ocrx_word' id='word_1_748' title='bbox 2319 4255 2513 4300; x_wconf 87' lang='lat' dir='ltr'><strong>canes</strong></span> <span class='ocrx_word' id='word_1_749' title='bbox 2547 4232 2836 4298; x_wconf 89' lang='lat' dir='ltr'><strong>divinam</strong></span> <span class='ocrx_word' id='word_1_750' title='bbox 2872 4234 3272 4299; x_wconf 89' lang='lat' dir='ltr'><strong>maiestatem</strong></span> <span class='ocrx_word' id='word_1_751' title='bbox 3297 4232 3724 4299; x_wconf 81' lang='lat' dir='ltr'><strong>allatrantes‘?</strong></span> <span class='ocrx_word' id='word_1_752' title='bbox 3772 4232 3905 4298; x_wconf 87' lang='lat' dir='ltr'><strong>Nos</strong></span> <span class='ocrx_word' id='word_1_753' title='bbox 3928 4232 4252 4298; x_wconf 90' lang='lat' dir='ltr'><strong>discamus</strong></span> 
     </span>
     <span class='ocr_line' id='line_1_104' title="bbox 2320 4315 4251 4402; baseline -0.002 -17"><span class='ocrx_word' id='word_1_754' title='bbox 2320 4332 2544 4385; x_wconf 92' lang='lat' dir='ltr'><strong>contra</strong></span> <span class='ocrx_word' id='word_1_755' title='bbox 2600 4319 2681 4384; x_wconf 93' lang='lat' dir='ltr'><strong>de</strong></span> <span class='ocrx_word' id='word_1_756' title='bbox 2738 4318 2881 4384; x_wconf 90' lang='lat' dir='ltr'><strong>Deo</strong></span> <span class='ocrx_word' id='word_1_757' title='bbox 2939 4329 3007 4384; x_wconf 93' lang='lat' dir='ltr'><strong>et</strong></span> <span class='ocrx_word' id='word_1_758' title='bbox 3048 4318 3244 4385; x_wconf 88' lang='lat' dir='ltr'><strong>verbo</strong></span> <span class='ocrx_word' id='word_1_759' title='bbox 3286 4318 3493 4401; x_wconf 88' lang='lat' dir='ltr'><strong>ipsius</strong></span> <span class='ocrx_word' id='word_1_760' title='bbox 3536 4320 3868 4402; x_wconf 88' lang='lat' dir='ltr'><strong>sapienter</strong></span> <span class='ocrx_word' id='word_1_761' title='bbox 3913 4315 4122 4400; x_wconf 93' lang='lat' dir='ltr'><strong>loqui:</strong></span> <span class='ocrx_word' id='word_1_762' title='bbox 4182 4329 4251 4382; x_wconf 92' lang='lat' dir='ltr'><strong>et</strong></span> 
     </span>
     <span class='ocr_line' id='line_1_105' title="bbox 2319 4401 4248 4487; baseline -0.002 -15"><span class='ocrx_word' id='word_1_763' title='bbox 2319 4426 2571 4472; x_wconf 89' lang='lat' dir='ltr'><strong>sacram</strong></span> <span class='ocrx_word' id='word_1_764' title='bbox 2644 4406 3039 4487; x_wconf 89' lang='lat' dir='ltr'><strong>scripturam</strong></span> <span class='ocrx_word' id='word_1_765' title='bbox 3114 4412 3471 4471; x_wconf 89' lang='lat' dir='ltr'><strong>tractantes</strong></span> <span class='ocrx_word' id='word_1_766' title='bbox 3545 4424 3889 4469; x_wconf 84' lang='lat' dir='ltr'><strong>caveamus</strong></span> <span class='ocrx_word' id='word_1_767' title='bbox 3948 4423 4032 4467; x_wconf 91' lang='lat' dir='ltr'><strong>ne</strong></span> <span class='ocrx_word' id='word_1_768' title='bbox 4089 4401 4248 4484; x_wconf 84' lang='lat' dir='ltr'><strong>quid</strong></span> 
     </span>
     <span class='ocr_line' id='line_1_106' title="bbox 2319 4487 4243 4567; baseline -0.002 -11"><span class='ocrx_word' id='word_1_769' title='bbox 2319 4491 2758 4557; x_wconf 81' lang='lat' dir='ltr'><strong>irreverenter</strong></span> <span class='ocrx_word' id='word_1_770' title='bbox 2800 4489 3193 4567; x_wconf 85' lang='lat' dir='ltr'><strong>effutiamus,</strong></span> <span class='ocrx_word' id='word_1_771' title='bbox 3240 4500 3306 4555; x_wconf 91' lang='lat' dir='ltr'><strong>et</strong></span> <span class='ocrx_word' id='word_1_772' title='bbox 3349 4511 3432 4555; x_wconf 90' lang='lat' dir='ltr'><strong>ne</strong></span> <span class='ocrx_word' id='word_1_773' title='bbox 3476 4489 3657 4554; x_wconf 90' lang='lat' dir='ltr'><strong>illam</strong></span> <span class='ocrx_word' id='word_1_774' title='bbox 3700 4488 3765 4551; x_wconf 93' lang='lat' dir='ltr'><strong>in</strong></span> <span class='ocrx_word' id='word_1_775' title='bbox 3806 4487 4056 4553; x_wconf 80' lang='lat' dir='ltr'><strong>fabulas</strong></span> <span class='ocrx_word' id='word_1_776' title='bbox 4092 4509 4243 4553; x_wconf 87' lang='lat' dir='ltr'><strong>con·</strong></span> 
     </span>
     <span class='ocr_line' id='line_1_107' title="bbox 2319 4573 4242 4661; baseline -0.003 -19"><span class='ocrx_word' id='word_1_777' title='bbox 2319 4588 2679 4642; x_wconf 90' lang='lat' dir='ltr'><strong>vertamus.</strong></span> <span class='ocrx_word' id='word_1_778' title='bbox 2778 4575 3009 4660; x_wconf 91' lang='lat' dir='ltr'><strong>Itaque</strong></span> <span class='ocrx_word' id='word_1_779' title='bbox 3066 4576 3449 4661; x_wconf 87' lang='lat' dir='ltr'><strong>prophetam</strong></span> <span class='ocrx_word' id='word_1_780' title='bbox 3510 4575 3848 4638; x_wconf 85' lang='lat' dir='ltr'><strong>audiamus</strong></span> <span class='ocrx_word' id='word_1_781' title='bbox 3904 4573 4242 4639; x_wconf 91' lang='lat' dir='ltr'><strong>hominum</strong></span> 
     </span>
     <span class='ocr_line' id='line_1_108' title="bbox 2318 4657 4244 4747; baseline -0.003 -19"><span class='ocrx_word' id='word_1_782' title='bbox 2318 4664 2752 4747; x_wconf 90' lang='lat' dir='ltr'><strong>arrogantiam</strong></span> <span class='ocrx_word' id='word_1_783' title='bbox 2812 4662 3336 4739; x_wconf 89' lang='lat' dir='ltr'><strong>contundentem,</strong></span> <span class='ocrx_word' id='word_1_784' title='bbox 3394 4680 3585 4744; x_wconf 87' lang='lat' dir='ltr'><strong>quum</strong></span> <span class='ocrx_word' id='word_1_785' title='bbox 3632 4661 3722 4723; x_wconf 90' lang='lat' dir='ltr'><strong>ait</strong></span> <span class='ocrx_word' id='word_1_786' title='bbox 3766 4657 4059 4724; x_wconf 88' lang='lat' dir='ltr'><strong>homines</strong></span> <span class='ocrx_word' id='word_1_787' title='bbox 4102 4660 4244 4742; x_wconf 91' lang='lat' dir='ltr'><strong>qui-</strong></span> 
     </span>
     <span class='ocr_line' id='line_1_109' title="bbox 2317 4741 4243 4831; baseline -0.003 -17"><span class='ocrx_word' id='word_1_788' title='bbox 2317 4750 2464 4814; x_wconf 89' lang='lat' dir='ltr'><strong>dem</strong></span> <span class='ocrx_word' id='word_1_789' title='bbox 2514 4751 2655 4814; x_wconf 95' lang='lat' dir='ltr'><strong>Deo</strong></span> <span class='ocrx_word' id='word_1_790' title='bbox 2700 4747 3138 4831; x_wconf 90' lang='lat' dir='ltr'><strong>obloquentes,</strong></span> <span class='ocrx_word' id='word_1_791' title='bbox 3182 4748 3304 4813; x_wconf 93' lang='lat' dir='ltr'><strong>sibi</strong></span> <span class='ocrx_word' id='word_1_792' title='bbox 3348 4746 3674 4828; x_wconf 86' lang='lat' dir='ltr'><strong>sapientes</strong></span> <span class='ocrx_word' id='word_1_793' title='bbox 3722 4741 3943 4821; x_wconf 82' lang='lat' dir='ltr'><strong>videri,</strong></span> <span class='ocrx_word' id='word_1_794' title='bbox 3988 4743 4102 4810; x_wconf 88' lang='lat' dir='ltr'><strong>sed</strong></span> <span class='ocrx_word' id='word_1_795' title='bbox 4146 4745 4243 4809; x_wconf 90' lang='lat' dir='ltr'><strong>in-</strong></span> 
     </span>
     <span class='ocr_line' id='line_1_110' title="bbox 2315 4827 4242 4914; baseline -0.002 -15"><span class='ocrx_word' id='word_1_796' title='bbox 2315 4855 2509 4901; x_wconf 88' lang='lat' dir='ltr'><strong>sanos</strong></span> <span class='ocrx_word' id='word_1_797' title='bbox 2568 4846 2637 4898; x_wconf 88' lang='lat' dir='ltr'><strong>et</strong></span> <span class='ocrx_word' id='word_1_798' title='bbox 2677 4846 2969 4899; x_wconf 86' lang='lat' dir='ltr'><strong>amentes</strong></span> <span class='ocrx_word' id='word_1_799' title='bbox 3011 4855 3171 4899; x_wconf 89' lang='lat' dir='ltr'><strong>esse.</strong></span> <span class='ocrx_word' id='word_1_800' title='bbox 3259 4832 3479 4914; x_wconf 86' lang='lat' dir='ltr'><strong>Quare</strong></span> <span class='ocrx_word' id='word_1_801' title='bbox 3522 4832 3576 4895; x_wconf 91' lang='lat' dir='ltr'><strong>si</strong></span> <span class='ocrx_word' id='word_1_802' title='bbox 3621 4850 3809 4913; x_wconf 90' lang='lat' dir='ltr'><strong>quem</strong></span> <span class='ocrx_word' id='word_1_803' title='bbox 3856 4827 4242 4913; x_wconf 88' lang='lat' dir='ltr'><strong>prudentiae</strong></span> 
     </span>
     <span class='ocr_line' id='line_1_111' title="bbox 2314 4916 4241 5005; baseline -0.003 -19"><span class='ocrx_word' id='word_1_804' title='bbox 2314 4929 2583 5005; x_wconf 84' lang='lat' dir='ltr'><strong>gustum</strong></span> <span class='ocrx_word' id='word_1_805' title='bbox 2641 4920 2978 4997; x_wconf 89' lang='lat' dir='ltr'><strong>habemus,</strong></span> <span class='ocrx_word' id='word_1_806' title='bbox 3038 4920 3163 4984; x_wconf 90' lang='lat' dir='ltr'><strong>Dei</strong></span> <span class='ocrx_word' id='word_1_807' title='bbox 3220 4938 3258 4982; x_wconf 94' lang='lat' dir='ltr'><strong>o</strong></span> <span class='ocrx_word' id='word_1_808' title='bbox 3306 4916 3547 4982; x_wconf 82' lang='lat' dir='ltr'><strong>orantis</strong></span> <span class='ocrx_word' id='word_1_809' title='bbox 3604 4916 3746 4980; x_wconf 88' lang='lat' dir='ltr'><strong>vias</strong></span> <span class='ocrx_word' id='word_1_810' title='bbox 3802 4935 3943 4981; x_wconf 89' lang='lat' dir='ltr'><strong>esse</strong></span> <span class='ocrx_word' id='word_1_811' title='bbox 3981 4936 4241 5000; x_wconf 87' lang='lat' dir='ltr'><strong>semper</strong></span> 
     </span>
     <span class='ocr_line' id='line_1_112' title="bbox 2314 5001 4238 5089; baseline -0.003 -16"><span class='ocrx_word' id='word_1_812' title='bbox 2314 5014 2526 5073; x_wconf 91' lang='lat' dir='ltr'><strong>rectas</strong></span> <span class='ocrx_word' id='word_1_813' title='bbox 2579 5024 3060 5089; x_wconf 86' lang='lat' dir='ltr'><strong>cognoscamus,</strong></span> <span class='ocrx_word' id='word_1_814' title='bbox 3114 5024 3241 5086; x_wconf 89' lang='lat' dir='ltr'><strong>quo</strong></span> <span class='ocrx_word' id='word_1_815' title='bbox 3330 5001 3552 5067; x_wconf 86' lang='lat' dir='ltr'><strong>fideles</strong></span> <span class='ocrx_word' id='word_1_816' title='bbox 3594 5021 3854 5083; x_wconf 90' lang='lat' dir='ltr'><strong>semper</strong></span> <span class='ocrx_word' id='word_1_817' title='bbox 3896 5002 4238 5086; x_wconf 87' lang='lat' dir='ltr'><strong>agnituros</strong></span> 
     </span>
     <span class='ocr_line' id='line_1_113' title="bbox 2312 5085 4236 5171; baseline -0.002 -13"><span class='ocrx_word' id='word_1_818' title='bbox 2312 5102 2563 5158; x_wconf 88' lang='lat' dir='ltr'><strong>certum</strong></span> <span class='ocrx_word' id='word_1_819' title='bbox 2606 5103 2707 5157; x_wconf 86' lang='lat' dir='ltr'><strong>est</strong></span> <span class='ocrx_word' id='word_1_820' title='bbox 2747 5092 2818 5155; x_wconf 92' lang='lat' dir='ltr'><strong>in</strong></span> <span class='ocrx_word' id='word_1_821' title='bbox 2865 5090 3161 5156; x_wconf 90' lang='lat' dir='ltr'><strong>omnibus</strong></span> <span class='ocrx_word' id='word_1_822' title='bbox 3206 5087 3408 5171; x_wconf 90' lang='lat' dir='ltr'><strong>ipsius</strong></span> <span class='ocrx_word' id='word_1_823' title='bbox 3449 5085 3775 5169; x_wconf 84' lang='lat' dir='ltr'><strong>operibus,</strong></span> <span class='ocrx_word' id='word_1_824' title='bbox 3840 5087 4076 5171; x_wconf 91' lang='lat' dir='ltr'><strong>impios</strong></span> <span class='ocrx_word' id='word_1_825' title='bbox 4119 5109 4236 5154; x_wconf 89' lang='lat' dir='ltr'><strong>au·</strong></span> 
     </span>
     <span class='ocr_line' id='line_1_114' title="bbox 2311 5172 4238 5261; baseline -0.003 -17"><span class='ocrx_word' id='word_1_826' title='bbox 2311 5188 2445 5244; x_wconf 90' lang='lat' dir='ltr'><strong>tem</strong></span> <span class='ocrx_word' id='word_1_827' title='bbox 2509 5176 3101 5261; x_wconf 87' lang='lat' dir='ltr'><strong>blasphematuros:</strong></span> <span class='ocrx_word' id='word_1_828' title='bbox 3176 5174 3341 5257; x_wconf 91' lang='lat' dir='ltr'><strong>quod</strong></span> <span class='ocrx_word' id='word_1_829' title='bbox 3400 5172 3804 5256; x_wconf 88' lang='lat' dir='ltr'><strong>experientia</strong></span> <span class='ocrx_word' id='word_1_830' title='bbox 3861 5172 4238 5256; x_wconf 89' lang='lat' dir='ltr'><strong>quotidiana</strong></span> 
     </span>
     <span class='ocr_line' id='line_1_115' title="bbox 2312 5254 4236 5335; baseline -0.002 -6"><span class='ocrx_word' id='word_1_831' title='bbox 2312 5262 2514 5329; x_wconf 88' lang='lat' dir='ltr'><strong>docet.</strong></span> <span class='ocrx_word' id='word_1_832' title='bbox 2603 5263 2773 5329; x_wconf 87' lang='lat' dir='ltr'><strong>Nam</strong></span> <span class='ocrx_word' id='word_1_833' title='bbox 2861 5263 2973 5328; x_wconf 90' lang='lat' dir='ltr'><strong>ubi</strong></span> <span class='ocrx_word' id='word_1_834' title='bbox 3064 5261 3242 5326; x_wconf 88' lang='lat' dir='ltr'><strong>Deus</strong></span> <span class='ocrx_word' id='word_1_835' title='bbox 3318 5280 3424 5325; x_wconf 89' lang='lat' dir='ltr'><strong>res</strong></span> <span class='ocrx_word' id='word_1_836' title='bbox 3487 5254 3805 5325; x_wconf 88' lang='lat' dir='ltr'><strong>secundas</strong></span> <span class='ocrx_word' id='word_1_837' title='bbox 3867 5259 4236 5335; x_wconf 83' lang='lat' dir='ltr'><strong>immiserit.</strong></span> 
     </span>
    </p>
   </div>
   <div class='ocr_carea' id='block_1_8' title="bbox 3753 5360 3824 5417">
    <p class='ocr_par' dir='ltr' id='par_1_8' title="bbox 3753 5360 3824 5417">
     <span class='ocr_line' id='line_1_116' title="bbox 3753 5360 3824 5417; baseline 0.042 -3"><span class='ocrx_word' id='word_1_838' title='bbox 3753 5360 3824 5417; x_wconf 85' lang='lat'><strong>18</strong></span> 
     </span>
    </p>
   </div>
  </div>
 </body>
</html>
