5059 6059
282 320 381 385 ‘121

275 507 524 577 bonitate
576 501 944 569 diffidentes
999 503 1069 568 in
1128 523 1275 569 eam
1332 501 1754 571 rebellionem
1807 514 1874 570 et
1931 516 2161 571 contu-

271 593 512 661 maciam
571 587 990 672 impellimur,
1065 598 1139 655 ut
1200 589 1330 656 Dei
1390 588 1476 655 ad
1535 591 1702 656 iram
1766 588 2163 675 provocandi

270 679 492 748 nullum
533 675 725 740 finem
761 674 1094 741 faciamus.
1183 675 1327 742 Etsi
1364 676 1720 761 flagitiosos
1755 686 1823 743 et
1855 677 2164 762 reprobos

269 763 531 833 homines
605 770 855 826 terrore
927 758 1137 827 divini
1202 760 1429 827 iudicii
1494 763 1666 829 affici
1729 771 1985 829 certum
2043 770 2163 843 est,

268 853 389 917 Dec
437 846 576 913 illos
632 853 1084 929 persequente,
1144 854 1211 912 et
1253 867 1363 914 eos
1404 867 1623 914 coram
1663 848 1804 931 ipso
1851 860 2164 932 tanquam

264 936 618 1003 facinorosos
688 953 908 998 coram
978 932 1365 1017 magistratu
1421 943 1491 999 et
1546 932 1758 1000 iudice
1814 953 1935 999 suo
1996 940 2163 999 totos

263 1025 516 1089 horrere.
602 1017 855 1083 Verum
920 1016 1075 1102 quid
1134 1017 1314 1085 aliud
1371 1017 1603 1085 horror
1655 1018 1770 1085 1110
1824 1026 1925 1085 001
1967 1039 2165 1102 qnam

263 1104 714 1189 indignantium
753 1103 1068 1180 fremitus,
1105 1105 1353 1170 rabiem
1386 1125 1577 1170 suam
1612 1104 2164 1188 despumantium,

259 1202 318 1259 et
366 1190 670 1258 adversus
725 1189 943 1255 Deum
1005 1188 1416 1273 blasphemas
1472 1211 1666 1257 voces
1707 1191 2163 1270 eructantium,

259 1299 390 1344 cum
440 1296 565 1359 quo
624 1275 682 1341 si
738 1283 1002 1359 possent
1045 1275 1160 1342 lite
1201 1276 1717 1342 contenderent?
1807 1277 2030 1361 Atque
2069 1276 2163 1341 ita

254 1363 446 1430 solent
499 1362 801 1444 improbi,
860 1361 1096 1445 quibus
1140 1360 1322 1427 nulla
1362 1371 1462 1427 est
1506 1361 1590 1427 ad
1631 1361 1851 1428 Deum
1896 1384 1966 1429 se
2007 1382 2162 1429 con·

257 1446 524 1514 vertendi
601 1466 765 1513 cura
835 1467 1048 1530 neque
1111 1446 1511 1514 sollicitudo:
1590 1446 1704 1513 sed
1771 1448 1882 1531 qui
1943 1447 2162 1531 potius

253 1533 493 1601 vincula
570 1533 794 1599 omnia
872 1531 1106 1616 quibus
1171 1554 1243 1599 se
1306 1533 1573 1598 retineri
1641 1540 1950 1599 metuunt
2011 1554 2159 1616 per-

250 1621 516 1704 fringere
556 1618 772 1702 parati
815 1626 990 1697 sunt,
1048 1638 1177 1703 quo
1218 1617 1484 1704 lougius
1524 1617 1606 1684 ab
1648 1622 1789 1704 ipso
1835 1617 2160 1687 recedant.

251 1703 797 1787 Quemadmodum
855 1704 1034 1770 enim
1091 1725 1320 1770 servus
1376 1705 1543 1769 iram
1589 1705 1733 1770 heri
1777 1724 1968 1789 quem
2013 1725 2161 1788 pro·

249 1792 483 1858 vocavit
548 1802 854 1857 metuens
918 1788 1000 1855 de
1057 1790 1213 1873 fuga
1268 1790 1531 1875 cogitat,
1595 1811 1683 1855 ne
1739 1810 1957 1857 coram
2002 1789 2164 1856 hero

248 1876 390 1944 facti
455 1876 782 1942 rationem
852 1874 1124 1943 reddere
1179 1886 1440 1943 coactus
1498 1896 1744 1960 poenas
1802 1875 1980 1952 luat,
2045 1882 2163 1941 aut

244 1963 394 2029 sicut
449 1962 790 2046 improbus
848 1968 916 2027 et
970 1971 1322 2028 contumax
1380 1961 1553 2028 filius
1597 1961 1706 2028 vel
1748 1963 1954 2046 patris
1996 1961 2163 2027 inte·

243 2050 447 2129 ritum,
504 2048 618 2113 vel
675 2046 966 2113 eiusdem
1018 2047 1381 2114 absentiam
1425 2056 1625 2132 optat,
1677 2069 1719 2113 a
1759 2068 1889 2131 quo
1930 2048 2165 2114 metuit

242 2134 462 2218 corrigi
533 2141 607 2199 et
671 2131 753 2199 de
805 2133 1089 2218 peccatis
1145 2133 1405 2215 puniri:
1474 2133 1567 2199 sic
1625 2133 1824 2199 etiam
1882 2133 2162 2216 improbi

243 2219 520 2285 homines
589 2218 673 2285 de
717 2219 848 2286 Dei
890 2217 1334 2285 misericordia
1377 2217 1800 2302 desperantes
1842 2217 2161 2285 adversus

239 2305 435 2388 ipsum
517 2311 710 2371 tanta
775 2326 927 2372 cum
996 2303 1266 2372 audacia
1339 2312 1406 2370 et
1473 2304 1886 2371 contumacia
1944 2305 2162 2371 insur-

233 2400 403 2473 gunt,
444 2397 523 2457 ut
569 2390 840 2456 tandem
886 2401 1201 2473 tanquam
1241 2389 1464 2456 furore
1508 2389 1736 2474 perciti
1779 2391 1850 2455 in
1885 2391 2160 2474 quaevis

229 2475 467 2561 flagitia
547 2484 771 2543 ruant.
862 2475 1166 2559 Denique
1240 2475 1601 2542 diffidentia
1664 2497 1885 2543 secum
1950 2475 2159 2541 trahit

229 2561 570 2644 phrenesin
654 2560 986 2644 quandam
1108 2583 1193 2627 110
1260 2559 1744 2628 incredulorum
1808 2570 1875 2627 et
1927 2570 2157 2628 contu·

227 2648 498 2715 macium
543 2648 951 2714 conscientia
993 2648 1062 2714 in
1109 2647 1436 2713 esinenter
1468 2648 1817 2714 arroditur.
1902 2645 2158 2714 Idcirco

224 2754 345 2799 non
411 2733 530 2800 abs
599 2756 679 2799 re
741 2731 1062 2818 propheta
1123 2732 1299 2799 Psal.
1369 2733 1498 2800 130
1555 2733 1769 2800 Deum
1814 2732 1973 2799 dicit
2013 2753 2156 2799 esse

221 2819 569 2902 propitium
633 2827 706 2885 et
754 2827 992 2885 natura
1045 2817 1411 2885 beneficum
1453 2820 1536 2886 ad
1578 2828 1947 2903 peccatores
1988 2818 2154 2885 reci-

217 2903 483 2986 piendos
551 2906 628 2971 in
816 2905 994 2981 tiam,
1061 2915 1135 2970 ut
1198 2904 1525 2972 timeatur.
1613 2903 1870 2987 Quibus
1938 2904 2155 2972 verbis

220 2989 423 3055 David
482 2925 815 3070 ostendi}
860 2992 998 3057 fore
1057 2999 1129 3056 ut
1187 2990 1409 3057 nullus
1466 3011 1758 3073 unquam
1808 2991 2028 3056 Deum
2071 2991 2156 3055 ti-

215 3086 395 3153 meat,
439 3097 523 3143 00
574 3077 812 3143 1110010
854 3097 1048 3158 quem
1093 3076 1383 3158 requirit,
1429 3097 1662 3160 nempe
1702 3083 1781 3142 ut
1819 3077 1946 3161 ipsi
1980 3077 2154 3142 ultro

216 3162 664 3239 subiiciamur,
742 3174 806 3228 et
879 3162 952 3226 in
1015 3161 1156 3228 eius
1222 3162 1601 3245 obsequium
1666 3182 2153 3247 componamur,

213 3246 330 3312 nisi
371 3249 571 3330 prius
617 3247 968 3333 degustata
1007 3248 1214 3331 ipsius
1259 3247 1568 3328 bonitate,
1613 3256 1680 3314 01
1721 3258 1903 3314 certa
1936 3268 2155 3315 conse-

213 3334 508 3413 quendae
543 3334 633 3401 ab
670 3334 812 3416 ipso
848 3333 1254 3399 remissionis
1289 3344 1722 3417 peccatorum,
1767 3333 1918 3401 licet
1951 3335 2155 3399 simus

209 3416 482 3504 indigni,
544 3418 789 3486 fiducia
845 3417 1174 3485 mentibus
1224 3418 1612 3485 adhaeserit.
1701 3420 1921 3486 Metus
1954 3419 2157 3504 igitur

208 3502 310 3569 1110
363 3506 830 3589 improborum
890 3504 1250 3585 hominum,
1323 3504 1589 3588 quidam
1647 3507 1865 3590 potius
1921 3505 2156 3571 horror

207 3588 706 3671 insanientium,
770 3611 968 3675 quam
1031 3590 1161 3656 Dei
1228 3592 1423 3658 timor
1486 3602 1605 3656 est.
1694 3591 1943 3658 Contra
1995 3610 2154 3658 vero

205 3673 326 3741 Dei
391 3676 699 3743 filiorum
767 3697 963 3742 verus
1024 3686 1128 3742 est
1190 3676 1389 3742 timor
1454 3696 1601 3742 cum
1667 3677 2035 3743 reverentia
2089 3685 2156 3741 et

207 3780 418 3827 amore
464 3764 900 3830 coniunctus:
966 3761 1138 3845 quod
1185 3764 1478 3845 persuasi
1522 3763 1728 3830 simus
1769 3763 1954 3828 illum
2000 3784 2152 3828 nos-

202 3847 282 3911 tri
336 3847 803 3915 miserturum.
893 3846 1334 3928 Quamobrem
1379 3848 1435 3914 si
1478 3850 1976 3933 peccaverimus,
2042 3868 2154 3931 pa-

203 3940 418 3999 ratum
491 3955 645 4012 0000
717 3933 1080 4000 remedium
1146 3934 1443 4015 sciamus,
1507 3935 1562 4000 si
1620 3943 1887 4017 peccata
1948 3934 2148 3999 confi-

199 4026 430 4105 tentes,
505 4041 719 4103 quam
794 4019 1163 4086 humillime
1224 4020 1483 4086 veniam
1549 4018 1970 4104 deprecemur
2033 4039 2156 4102 per

201 4103 577 4171 Dominum
636 4114 929 4172 nostrum
987 4104 1210 4170 Iesum
1268 4102 1642 4172 Christum:
1698 4127 1774 4173 ac
1834 4126 1917 4170 00
1962 4103 2150 4170 dubi-

201 4199 411 4259 temus
457 4191 592 4257 illa
638 4191 824 4256 nobis
865 4190 1221 4257 condonari
1265 4198 1333 4255 et
1370 4189 1574 4257 deleri
1608 4212 1724 4274 per
1758 4191 2148 4258 sacrificium

196 4276 398 4342 semel
444 4278 538 4343 ab
585 4276 728 4359 ipso
770 4277 842 4341 in
884 4295 1076 4342 cruce
1109 4276 1401 4342 oblatum
1436 4295 1552 4359 pro
1592 4289 1817 4343 nostra
1850 4275 2149 4361 redemp-

197 4362 396 4428 tione.
489 4362 756 4428 Idcirco
819 4363 1025 4446 igitur
1092 4359 1356 4428 Samuel
1422 4362 1682 4428 disertis
1746 4362 1968 4429 verbis
2031 4383 2148 4447 po-

193 4448 425 4528 pulum
471 4447 820 4529 admonet,
875 4469 959 4513 ne
1000 4447 1220 4513 Deum
1262 4445 1684 4532 derelinquat,
1726 4457 1842 4514 aut
1882 4448 1966 4513 ab
2007 4447 2149 4532 ipso

193 4533 480 4613 recedat,
533 4532 768 4600 addita
804 4533 1261 4617 promissione:
1305 4534 1668 4599 Dominum
1707 4534 1994 4600 vicissim
2031 4555 2146 4617 po-

189 4618 424 4701 pulum
505 4641 714 4686 suum
770 4641 905 4685 non
964 4619 1443 4687 derelicturum.
1526 4620 1619 4685 Et
1678 4639 1836 4686 sane
1891 4629 2144 4685 certum

188 4712 286 4769 est
344 4705 692 4790 populum
735 4707 880 4773 0100
918 4706 1044 4773 hac
1087 4706 1517 4789 promissione
1561 4725 1896 4788 nunqnam
1942 4705 2145 4772 fuisse

181 4788 264 4854 ad
299 4792 800 4874 poenitentiam
835 4790 1370 4859 convertendum.
1442 4790 1688 4857 Notum
1727 4792 1900 4857 enim
1937 4789 2144 4857 cuivis

187 4886 306 4956 est,
353 4898 539 4959 quae
593 4878 680 4943 sit
721 4876 1143 4961 reproborum
1187 4876 1601 4957 consuet-udo,
1648 4898 1902 4961 nempe,
1955 4885 2030 4941 ut
2071 4877 2143 4941 in

179 4961 629 5029 contumacia
702 4983 825 5028 0110
902 4963 1318 5046 pertinaciter
1388 4963 1751 5046 haerentes,
1839 4962 2144 5029 dentibus

178 5046 592 5115 frendeant:
651 5056 718 5113 et
759 5048 914 5115 licet
953 5057 1219 5131 peccata
1260 5048 1454 5114 fateri
1496 5049 1860 5125 videantur,
1921 5057 2143 5114 tamen

177 5131 519 5200 adversus
604 5133 820 5200 Deum
887 5134 1398 5201 obmurmurent.
1485 5135 1915 5220 Experientia
1979 5133 2144 5200 illud

177 5218 344 5286 satis
413 5218 860 5287 manifestum
925 5227 1043 5286 est.
1131 5219 1335 5287 Iudas
1398 5221 1570 5286 enim
1637 5221 1870 5305 laqueo
1935 5219 2142 5290 vitam

397 5319 644 5377 Gabini
664 5337 847 5392 opem.
894 5323 1018 5381 Vol.
1041 5318 1274 5382 XXIX.

1564 314 1663 380 IN
1707 317 1762 382 Ι.
1806 315 1989 383 [AB.
2034 316 2436 385 SAMUEL.
2479 317 2682 386 GAP.
2727 316 2890 384 XII.

2233 2991 2506 3069 effluat,
2568 3000 2634 3056 et
2691 2992 2833 3058 sine
2889 2991 3312 3057 fundamento
3356 2989 3738 3058 collabatur.

4089 321 4216 389 722

2266 505 2389 572 sibi
2433 506 2735 573 abstulit:
2800 504 3050 573 Cainus
3094 527 3253 573 vero
3296 506 3722 591 conqueritur
3764 526 4040 591 poenam
4084 509 4214 578 sibi

2268 590 2520 660 delictis
2575 592 2947 676 graviorem
3005 592 3237 677 infligi.
3326 592 3419 658 Et
3473 590 3651 659 istud
3696 612 3856 659 sane
3912 593 4213 664 omnibus

2266 677 2396 742 Dei
2452 676 3005 760 contemptoribus
3060 677 3314 756 accidit,
3375 698 3650 761 quornm
3694 681 4102 747 contumacia
4140 681 4213 748 in

2266 764 2429 846 ipsis
2463 762 2544 831 de
2578 763 2707 829 Dei
2745 763 3189 830 misericordia
3223 763 3655 830 diffidentiam
3691 763 3885 848 parit.
3960 763 4212 847 Quam-

2267 849 2490 916 obrem
2535 870 2735 933 quum
2782 849 2853 915 in
2897 849 3122 917 multis
3165 849 3682 934 peccaverimus,
3724 849 3806 917 ad
3849 849 3976 916 Dei
4018 853 4211 920 mise·

2265 933 2613 1002 ricordiam
2657 934 2870 1019 qualis
2912 935 2984 1000 10
3029 935 3369 1020 evangelio
3411 936 3604 1001 nobis
3636 936 4025 1020 proponitur
4058 956 4209 1004 con·

2266 1020 2626 1105 fugiamus:
2687 1041 2764 1087 ac
2820 1031 2998 1087 certo
3056 1019 3352 1105 persuasi
3410 1021 3616 1087 simus
3674 1042 3795 1087 nos
3852 1022 3934 1088 ad
3987 1021 4205 1107 ipsum

2268 1126 2480 1189 neque
2531 1106 2688 1173 ficte
2741 1127 2949 1190 neque
3008 1105 3313 1173 simulate
3371 1106 3823 1191 confugientes
3866 1129 4206 1193 nunquam

2267 1190 2689 1258 reiiciendos:
2733 1193 2791 1258 si
2836 1190 3030 1257 modo
3072 1212 3194 1260 nos
3235 1193 3304 1258 in
3350 1192 3733 1277 obsequium
3780 1192 3987 1276 ipsius
4027 1214 4206 1261 com-

2264 1297 2607 1361 ponamus,
2672 1285 2742 1343 et
2804 1298 2887 1343 ex
2956 1276 3178 1345 animo
3241 1298 3362 1345 nos
3426 1277 3604 1345 illius
3647 1278 3855 1345 cultui
3898 1288 3965 1345 et
4009 1300 4207 1347 vene-

2263 1363 2506 1429 rationi
2552 1363 2938 1430 dedicemus.

2437 1448 2578 1514 Iam
2620 1469 2781 1515 vero
2824 1447 3275 1533 expendamus
3310 1448 3810 1516 fundamentum
3847 1450 4039 1517 istius
4072 1471 4219 1534 pro-

2264 1534 2596 1600 missionis
2653 1535 2892 1619 populo
2948 1556 2989 1600 a
3046 1531 3356 1602 Samuele
3409 1535 3658 1602 factae:
3731 1536 3907 1620 quia,
3980 1536 4217 1620 inquit,

2265 1621 2509 1686 iuravit
2578 1618 2895 1686 Dominus
2951 1620 3162 1702 facere
3222 1640 3333 1686 vos
3395 1621 3525 1688 sibi
3574 1621 3903 1703 populum.
3992 1621 4216 1689 Favor

2265 1705 2396 1771 Dei
2455 1705 2786 1789 gratuitus
2844 1706 3344 1772 fundamentum
3389 1706 3655 1791 ponitur
3697 1707 3891 1775 istius
3935 1710 4213 1792 promis-

2265 1791 2489 1871 sionis,
2553 1799 2626 1857 ut
2684 1790 2965 1874 populus
3021 1790 3134 1857 illo
3179 1791 3444 1859 nitatur.
3538 1793 3636 1859 Ac
3680 1813 3839 1858 00110
3884 1813 4083 1877 quum
4131 1794 4212 1860 de

2266 1885 2526 1943 nostrae
2584 1877 2815 1943 salutis
2874 1875 3266 1944 certitudine
3324 1878 3561 1962 agitur,
3622 1877 3983 1947 cavendum
4029 1900 4210 1946 sum-

2266 1983 2531 2046 mopere
2574 1984 2660 2028 ne
2703 1962 2867 2031 alias
2908 1982 3141 2030 causas
3184 1963 3642 2048 imaginemur,
3700 1971 3962 2047 praeter
4004 1966 4210 2032 solam

2265 2047 2396 2114 Dei
2450 2047 2963 2116 misericordiam
3020 2068 3147 2133 qua
3204 2048 3342 2114 sola
3400 2048 3722 2132 impulsus
3768 2050 3976 2116 nostri
4018 2052 4212 2118 mise·

2264 2143 2469 2199 retur.
2558 2133 2729 2200 Nam
2773 2133 2831 2201 si
2866 2155 3036 2219 quae
3069 2134 3308 2200 merita
3346 2143 3462 2201 aut
3496 2133 3884 2219 dignitatem
3919 2136 4210 2220 aliquam

2263 2219 2329 2284 in
2377 2218 2562 2286 nobis
2607 2240 3018 2303 quaeramus,
3062 2228 3316 2287 eertum
3356 2227 3459 2286 est
3501 2241 3622 2287 nos
3666 2220 4035 2287 aedificium
4069 2223 4210 2288 sine

2265 2306 2440 2371 calce
2495 2326 2693 2389 super
2749 2326 3017 2372 arenam
3076 2314 3444 2372 structuros
3498 2304 3685 2372 brevi
3741 2308 4206 2374 corruiturum.

2265 2391 2365 2457 Ac
2407 2410 2568 2456 sane
2613 2391 2903 2476 alioquin
2950 2413 2989 2457 a
3033 2400 3274 2458 natura
3318 2412 3436 2459 nos
3478 2391 3773 2476 angelica
3853 2394 4209 2461 erfectione

2266 2475 2542 2542 donatos
2584 2497 2728 2544 esse
2771 2486 3123 2562 oporteret,
3168 2498 3297 2562 qua
3341 2477 3608 2562 propius
3652 2478 3734 2544 ad
3840 2499 3989 2544 eum
4029 2500 4210 2546 acce-

2265 2562 2587 2629 deremus.
2677 2563 2895 2647 Atque
2963 2562 3138 2629 hanc
3215 2563 3297 2630 ob
3376 2583 3640 2630 causam
3716 2563 3968 2630 Paulus
4034 2563 4206 2645 dicit,

2263 2648 2578 2731 quamdiu
2621 2648 2693 2714 in
2735 2650 2946 2732 legem
2992 2647 3432 2731 inspiciemus,
3491 2669 3718 2715 omnes
3760 2649 3887 2715 Dei
3979 2650 4207 2716 romis-

2262 2735 2478 2799 siones
2520 2732 2891 2801 abolendas.
2978 2732 3240 2800 Deinde
3282 2735 3342 2799 si
3384 2733 3638 2801 cultum
3683 2754 3877 2817 quem
3982 2756 4059 2802 eo
4093 2757 4205 2803 ex·

2262 2817 2583 2900 hibernus,
2640 2820 2752 2885 ille
2811 2820 3079 2904 propius
3135 2820 3503 2898 intueatur,
3570 2828 3831 2885 tantum
3888 2819 4073 2887 abest
4130 2832 4208 2886 ut

2261 2924 2484 2971 coram
2528 2906 2671 2989 ipso
2716 2905 3046 2981 consistat.
3090 2912 3165 2971 ut
3208 2913 3437 2972 contra
3481 2905 3700 2989 potius
3742 2906 3956 3073 inthar
4000 2927 4206 3058 aquge

3893 3010 4048 3058 uare
4089 3013 4128 3059 o
4176 3028 4204 3044 ·

2260 3076 2660 3143 servandum
2730 3076 3106 3144 Samuelem
3165 3083 3240 3142 ut
3292 3084 3539 3143 certam
3600 3074 3903 3144 fiduciam
3964 3077 4203 3161 populo

2261 3161 2489 3228 salutis
2531 3160 2801 3241 adferat,
2845 3183 3017 3245 quae
3052 3182 3184 3228 non
3217 3160 3304 3228 sit
3338 3169 3814 3246 momentanea,
3859 3161 3974 3229 sed
4007 3162 4203 3229 firma

2261 3257 2328 3314 01
2370 3249 2662 3330 11010010,
2719 3247 2802 3313 011
2849 3247 2978 3313 Dei
3019 3248 3550 3325 misericordiam,
3611 3256 3684 3313 ut
3726 3247 3906 3315 illius
3950 3248 4201 3316 fontem

2259 3341 2328 3399 et
2371 3334 2698 3419 originem
2741 3354 3100 3417 assurgere,
3160 3333 3344 3417 quasi
3389 3333 3588 3400 dicat:
3648 3332 3801 3399 Non
3847 3343 3946 3399 est
3988 3335 4201 3419 inqui-

2261 3417 2542 3485 rendum
2588 3418 2858 3504 dignine
2901 3421 3046 3485 sitis
3089 3419 3219 3486 Dei
3265 3417 3726 3496 misericordia,
3771 3418 3883 3485 sed
3918 3420 4044 3486 hcc
4079 3440 4196 3486 vo-

2257 3505 2359 3571 bis
2403 3504 2706 3586 sufficiat,
2748 3504 2893 3570 Deo
2935 3504 3191 3588 placere
3236 3525 3354 3571 vos
3398 3526 3484 3570 ex
3527 3526 3647 3571 sua
3689 3504 4077 3571 liberalitate
4119 3506 4193 3572 in

2258 3591 2539 3675 gratiam
2605 3592 2908 3674 recipere.
2997 3593 3213 3674 Atque
3276 3591 3516 3657 idcirco
3581 3589 3820 3670 adiicit,
3884 3592 4041 3675 quia
4090 3592 4193 3658 iu-

2255 3678 2426 3743 ravit
2498 3675 2816 3743 Dominus
2890 3675 3097 3759 facere
3174 3696 3281 3742 vos
3341 3675 3469 3742 sibi
3517 3676 3846 3759 populum,
3937 3676 4194 3759 Quibus

2257 3762 2478 3828 verbis
2541 3762 2828 3828 ostendit
2889 3760 3247 3828 Abrahami
3297 3761 3465 3828 filios
3521 3782 3656 3826 non
3699 3783 3844 3828 esse
3889 3772 4192 3830 naturam

2258 3847 2532 3914 caeteris
2599 3847 2928 3913 meliores:
3003 3855 3069 3913 et
3131 3847 3350 3913 Deum
3420 3855 3758 3914 vocantem
3823 3847 3989 3927 illos,
4056 3870 4190 3914 non

2256 3932 2565 3999 habuisse
2633 3934 2951 3999 rationem
3021 3932 3222 3998 ullius
3280 3932 3615 4018 dignitatis
3680 3940 3795 3999 aut
3850 3954 4192 4020 praepara-

2257 4020 2454 4084 tionis
2520 4040 2648 4104 qua
2715 4018 3010 4102 dispositi
3076 4025 3293 4085 essent
3357 4017 3441 4084 ad
3505 4038 3649 4085 eam
3755 4021 3985 4085 ratium
4030 4020 4191 4088 reci-

2254 4104 2579 4189 piendam.
2669 4103 2807 4172 Sed
2861 4113 3092 4171 contra
3146 4103 3365 4169 Deum
3408 4102 3639 4170 fecisse
3682 4104 3702 4169 i
3757 4126 3828 4171 os
3871 4105 4185 4190 populum

2252 4212 2464 4275 suum,
2510 4191 2623 4274 qui
2663 4190 2851 4276 prius
2894 4211 3043 4258 cum
3084 4188 3338 4273 reliquo
3382 4209 3624 4274 genere
3658 4189 3948 4256 humano
3984 4191 4184 4257 male-

2252 4274 2409 4342 dicti
2464 4284 2670 4343 erant.
2760 4275 2954 4357 Quod
3011 4275 3069 4341 si
3128 4275 3368 4341 dicitur
3424 4273 3505 4342 de
3561 4275 3763 4342 ramis
3814 4275 3946 4340 illis
3989 4283 4183 4340 natu-

2250 4362 2515 4443 ralibus,
2580 4362 2693 4446 qui
2755 4382 2839 4426 ex
2900 4369 3125 4428 sancta
3188 4361 3392 4445 stirpe
3455 4368 3612 4427 sunt
3667 4359 3950 4444 oriundi,
4027 4360 4181 4444 quid

2250 4447 2438 4514 nobis
2491 4449 2608 4514 fiet
2663 4447 2978 4532 insititiis,
3035 4456 3110 4512 ut
3152 4456 3341 4513 vocat
3383 4446 3647 4513 Paulus.
3736 4446 3961 4529 Neque
4004 4447 4179 4513 enim

2248 4533 2438 4600 electi
2495 4555 2724 4600 sumus
2781 4542 2857 4599 ut
2907 4531 3135 4598 Iudaei
3185 4532 3268 4599 ab
3314 4530 3692 4598 Abrahamo
3734 4529 4011 4610 oriundi,
4074 4533 4181 4598 cui

2246 4620 2420 4685 facta
2483 4628 2586 4686 est
2650 4618 2994 4703 promissio
3061 4618 3295 4684 salutis
3357 4627 3679 4696 aeternae,
3743 4615 3856 4682 sed
3920 4636 4179 4683 eramus

2248 4714 2558 4788 tanquam
2611 4705 2923 4771 oleaster:
2982 4704 3170 4771 Deus
3211 4723 3371 4768 vero
3413 4723 3533 4768 nos
3574 4703 3644 4767 in
3690 4709 3981 4769 sanctam
4026 4703 4178 4769 stir-

2246 4811 2395 4873 pem
2468 4791 2990 4875 patriarcharum
3060 4797 3129 4855 et
3194 4798 3489 4854 veterum
3560 4794 3823 4872 patrum
3876 4788 4176 4871 inseruit,

2247 4896 2404 4959 quos
2460 4875 2663 4943 faciat
2717 4875 3137 4942 haereditatis
3180 4874 3362 4940 illius
3403 4874 3760 4956 promissae
3802 4872 4172 4957 participes.

2246 4960 2433 5043 Quae
2488 4983 2694 5045 quum
2750 4962 2842 5028 ita
2896 4961 3049 5041 sint,
3107 4960 3452 5042 discamus,
3510 4977 3630 5024 nos
3672 4959 3824 5025 licet
3864 4958 4173 5045 indignos

2244 5048 2355 5131 qui
2434 5047 2517 5113 ad
2582 5047 2798 5113 Deum
2864 5048 3271 5125 accedamus,
3337 5054 3406 5111 et
3467 5044 3593 5129 ipsi
3662 5065 3777 5111 nos
3843 5045 4169 5126 sistamus,

2244 5140 2509 5218 propter
2587 5135 2876 5200 infinitas
2938 5130 3161 5198 sordes
3224 5137 3293 5196 et
3355 5130 3876 5215 imperfectiones
3937 5131 4173 5216 quibus

2243 5241 2470 5288 sumus
2522 5220 2786 5287 obnoxii
2801 5270 2818 5301 ,
2892 5238 3024 5284 non
3082 5225 3301 5283 tamen
3357 5224 3657 5302 oportere
3712 5218 4003 5285 animum
4058 5216 4173 5285 de-
