5059 6059
801 321 932 390 615

1240 504 1742 592 HOMILIA
1791 504 2350 589 LXXXVIII.

985 649 1090 716 21.
1114 644 1204 712 Et
1249 663 1414 710 nunc
1451 642 1606 725 quia
1640 641 1770 707 seio
1812 640 1979 723 quod
2018 639 2358 706 certissime
2389 641 2769 722 reynaturus

813 738 925 818 sis,
967 740 1022 802 et
1042 731 1384 799 habiturus
1418 729 1492 796 iu
1524 747 1724 794 mauu
1767 729 1878 792 tua
1919 745 2181 809 regnum
2203 723 2429 806 Israel,
2471 723 2576 790 22.
2605 721 2770 789 Iura

812 822 973 889 mihi
1016 821 1087 886 in
1132 815 1413 882 Domino
1457 834 1535 879 ue
1578 813 1790 880 deleas
1831 832 2037 878 semen
2081 831 2287 876 meum
2318 816 2466 893 post
2503 829 2622 891 me,
2665 828 2771 873 ue-

814 929 932 993 que
971 906 1236 988 auferas
1279 920 1502 967 nomeu
1546 919 1754 965 meum
1787 899 1863 965 de
1903 899 2081 964 domo
2103 898 2331 980 patris
2362 897 2503 962 mei.
2550 894 2657 960 23.
2683 893 2774 960 Et

813 993 1055 1062 iuravit
1076 988 1301 1057 David
1327 986 1539 1053 Sauli.
1588 984 1771 1052 Abiit
1805 1004 1949 1069 erqo
1975 981 2135 1049 Saul
2166 984 2236 1048 in
2273 983 2523 1049 domum
2565 1001 2772 1060 suam,

814 1086 872 1147 et
914 1076 1136 1146 David
1193 1079 1250 1140 et
1306 1074 1440 1139 viri
1498 1072 1641 1138 eius
1700 1070 2154 1137 adscenderunt
2203 1069 2291 1136 ad
2331 1069 2573 1134 tutiora
2615 1067 2772 1133 loca.

1568 1242 1767 1309 OAP.
1813 1240 2039 1308 XXV.

994 1371 1051 1434 l.
1120 1363 1427 1433 Mortuus
1482 1366 1572 1429 est
1639 1368 1847 1429 autem
1912 1360 2191 1446 Samuel,
2256 1366 2311 1427 et
2372 1365 2774 1445 conqreyatus

820 1462 912 1524 est
944 1456 1283 1522 universus
1309 1449 1545 1526 Israel,
1591 1452 1648 1514 et
1681 1449 2070 1531 planxerunt
2113 1468 2272 1526 eum,
2306 1452 2363 1513 et
2400 1446 2773 1529 sepelierunt

819 1563 962 1610 eum
1002 1542 1073 1608 iu
1116 1539 1294 1605 domo
1339 1556 1467 1602 sua
1510 1535 1583 1600 in
1629 1531 1971 1601 Ramatha-

941 1723 948 1732 ·
993 1690 1318 1776 Superius
1409 1688 1752 1755 docuimus
1825 1708 1954 1771 qua
2019 1686 2271 1752 ratione
2335 1684 2417 1752 de
2479 1683 2775 1752 hostibus

823 1779 1161 1849 victoriam
1222 1785 1568 1860 reportare
1630 1773 1955 1858 possimus
2013 1793 2250 1855 nempe
2303 1771 2553 1838 malum
2608 1770 2776 1836 bono

823 1873 1347 1949 compensantes,
1390 1861 1587 1926 Hanc
1612 1861 1792 1926 enim
1816 1859 2159 1927 victoriam
2184 1859 2507 1924 Dominus
2529 1856 2776 1940 laudat,

823 1953 1074 2036 sibique
1140 1945 1401 2033 gratani
1472 1945 1893 2031 pronuntiat,
1971 1967 2046 2012 ac
2111 1944 2385 2029 proinde
2451 1941 2776 2008 diversam

823 2045 1207 2123 quaerentes
1265 2032 1648 2100 confusione
1714 2032 1979 2096 tandem
2045 2029 2408 2096 obruendos
2468 2030 2774 2094 minatur.

822 2127 1176 2191 Praeterea
1232 2118 1575 2185 docuimus
1631 2116 1714 2184 ad
1762 2117 1980 2182 Deum
2047 2115 2555 2201 confugiendum
2616 2134 2777 2193 esse,

822 2218 891 2277 et
913 2210 1241 2293 patienter
1277 2206 1489 2289 ipsius
1535 2203 1888 2270 consilium
1932 2200 2463 2286 exspectandum,
2501 2210 2570 2266 et
2614 2210 2778 2264 tem-

821 2318 948 2383 pus
1016 2315 1093 2361 ac
1153 2290 1719 2376 opportunitatem
1781 2308 1911 2372 qua
1971 2310 2043 2354 se
2099 2308 2428 2354 summum
2484 2286 2779 2352 omnium

825 2381 1104 2448 iudicem
1131 2375 1460 2457 ostendat,
1504 2385 1569 2441 et
1592 2382 1824 2441 contra
1857 2372 2218 2441 cavendum
2258 2395 2342 2439 ne
2378 2372 2504 2457 ipsi
2537 2372 2779 2438 ostium

826 2465 1212 2534 claudamus
1275 2473 1507 2527 nostra
1565 2460 1943 2526 temeritate
1988 2467 2054 2525 et
2098 2459 2299 2525 nimia
2341 2458 2778 2524 festinatione.

827 2552 1152 2635 Quamvis
1175 2549 1351 2613 enim
1378 2547 1711 2613 obstinata
1754 2546 1842 2612 sit
1884 2546 2177 2612 hostium
2223 2554 2595 2610 nostrorum
2641 2562 2781 2608 ma-

828 2638 997 2720 litia,
1041 2634 1476 2700 nihilominus
1501 2641 1724 2697 tamen
1748 2632 2171 2697 afflictionum
2218 2639 2594 2696 nostrarum
2641 2628 2778 2693 exi-

831 2735 940 2790 tus
984 2741 1242 2804 semper
1287 2719 1499 2784 bonus
1544 2729 1645 2785 est
1690 2716 1972 2796 futurus,
2031 2713 2556 2801 quandoquidem
2600 2713 2782 2779 mille

830 2809 1121 2876 rationes
1156 2804 1360 2871 habet
1399 2802 1753 2884 Dominus,
1798 2803 2034 2887 quibus
2078 2824 2229 2869 suos
2251 2800 2568 2868 adversus
2592 2821 2782 2885 quos·

831 2896 937 2964 vis
980 2892 1201 2959 hostes
1247 2898 1531 2956 tueatur.
1625 2889 1718 2956 Et
1760 2889 2021 2975 insigne
2065 2899 2166 2953 est
2213 2885 2434 2954 Saulis
2476 2887 2601 2952 hoc
2643 2886 2784 2951 loco

833 3001 1020 3049 exem
1068 2979 1206 3043 lum
1227 3027 1243 3058 ,
1318 2975 1426 3043 cui
1486 2976 1672 3042 Deus
1726 2976 1899 3041 hane
1955 2974 2431 3042 confessionem
2488 2971 2784 3056 extorsit,

831 3066 1009 3134 Davi
1058 3086 1162 3130 em
1224 3083 1369 3129 esse
1430 3062 1574 3147 ipso
1620 3061 1982 3127 iustiorem.
2072 3058 2519 3141 Quamobrem
2564 3058 2783 3124 Deum

835 3150 1137 3222 videmus
1162 3169 1355 3235 posse
1378 3169 1490 3214 eos
1516 3149 1631 3231 qui
1668 3168 1789 3213 nos
1827 3154 2311 3229 persequuntur
2345 3167 2420 3210 eo
2443 3141 2786 3224 adducere,

834 3251 911 3306 ut
945 3237 1051 3305 vel
1095 3237 1346 3301 invitos
1393 3252 1654 3300 summo
1699 3252 1821 3299 suo
1865 3230 2177 3298 dedecore
2217 3240 2515 3315 oporteat
2557 3228 2791 3311 iniqui-

836 3333 1044 3392 tatem
1070 3343 1257 3389 suam
1303 3319 1629 3397 confiteri,
1678 3327 2101 3402 nostramque
2146 3315 2589 3383 innocentiam
2639 3315 2793 3380 licet

840 3411 923 3478 ad
964 3420 1231 3492 tempus
1274 3405 1490 3473 veluti
1539 3404 1846 3470 obrutam
1892 3402 2110 3488 palam
2155 3403 2583 3468 innotescere.

1015 3491 1530 3560 Transeundum
1556 3490 1742 3557 nobis
1772 3489 1906 3555 iam
1940 3499 2042 3556 est
2076 3486 2158 3554 ad
2192 3486 2309 3553 illa
2335 3485 2557 3554 Saulis
2594 3486 2794 3553 verba

842 3581 1080 3666 quibus
1104 3577 1435 3645 Davidem
1477 3579 1854 3644 iuramento
1889 3573 2255 3657 obstringit,
2297 3574 2434 3639 fore
2478 3581 2556 3637 ut
2589 3593 2792 3656 quum

842 3668 928 3735 ad
961 3665 1211 3750 regiam
1249 3662 1641 3749 dignitatem
1678 3661 2105 3746 pervenisset,
2150 3679 2373 3725 semen
2417 3658 2624 3742 ipsius
2660 3680 2792 3724 non

843 3752 1115 3829 deleret,
1176 3770 1388 3832 neque
1435 3748 1729 3815 auferret
1786 3767 2027 3812 nomen
2079 3766 2270 3812 suum
2318 3743 2398 3810 de
2442 3743 2635 3811 domo
2678 3763 2795 3829 pa·

839 3840 1002 3906 tris:
1047 3834 1160 3902 sed
1186 3856 1550 3920 passurum,
1597 3842 1675 3900 ut
1713 3831 1967 3917 placide
2003 3840 2313 3915 tanquam
2358 3829 2605 3898 subditi
2650 3830 2796 3896 reli-

843 3925 959 4011 qui
982 3924 1183 3989 vitam
1218 3931 1513 4005 agerent.
1561 3917 2045 3985 Admirandum
2093 3938 2249 3983 sane
2292 3925 2360 3983 et
2399 3917 2794 4001 stupendum

845 4010 1017 4097 quod
1087 4005 1251 4076 Saul
1332 4006 1456 4073 hcc
1536 4004 1955 4072 iureiurando
2018 4002 2345 4070 Davidem
2424 4001 2795 4079 adstrinxit,

845 4117 1040 4183 quem
1100 4103 1328 4160 tamen
1386 4091 1561 4157 ferre
1621 4112 1754 4157 non
1814 4085 2027 4174 potuit
2079 4110 2272 4174 agere
2316 4088 2523 4153 vitam
2569 4088 2639 4153 in
2685 4085 2798 4153 de-

846 4183 1062 4263 sertis,
1121 4179 1336 4265 patria
1397 4187 1730 4243 extorrem
1778 4176 2150 4260 fugitivum,
2210 4193 2469 4257 vagum,
2514 4172 2688 4239 fame
2733 4178 2800 4237 et

848 4270 979 4349 siti,
1037 4276 1227 4334 aestu
1274 4282 1342 4330 et
1387 4264 1628 4344 frigore
1676 4262 2081 4328 laborantem
2127 4268 2196 4326 et
2238 4256 2543 4325 omnibus
2586 4258 2795 4323 homi·

849 4353 1047 4421 nibus
1083 4371 1378 4418 exosum.
1426 4347 1714 4430 Quinam
1761 4349 1934 4413 enim
1979 4346 2108 4412 ista
2151 4345 2278 4411 duo
2321 4344 2494 4410 inter
2537 4365 2609 4409 se
2653 4365 2800 4410 con·

849 4440 1167 4518 veniunt,
1232 4446 1309 4502 ut
1352 4434 1686 4500 Davidem
1732 4431 1896 4501 Saul
1957 4439 2400 4582 persequatur,
2455 4438 2524 4495 et
2579 4441 2802 4496 tamen

849 4526 976 4593 hoc
1021 4525 1118 4590 illi
1162 4522 1519 4588 iurandum
1565 4529 1952 4603 extorqueat
2044 4517 2154 4582 Ex
2198 4517 2320 4583 hoc
2355 4515 2654 4601 exemplo
2688 4537 2800 4600 ap-

852 4621 1042 4696 paret
1077 4609 1317 4694 quibus
1355 4606 1663 4674 fluctibus
1701 4603 1980 4691 improbi
2024 4602 2323 4669 homines
2368 4608 2437 4666 et
2479 4601 2802 4668 increduli

855 4700 1214 4783 agitentur,
1277 4702 1354 4759 ut
1409 4713 1732 4777 nusquam
1792 4692 2049 4776 possint
2103 4689 2453 4773 quiescere,
2513 4698 2582 4753 et
2638 4687 2804 4754 nihil

856 4803 1151 4866 uuquam
1198 4780 1472 4846 firmum
1519 4778 1783 4845 habere.
1862 4777 1953 4844 Et
1994 4774 2166 4841 hanc
2209 4774 2574 4841 mercedem
2619 4775 2806 4841 Deus

857 4869 929 4934 in
972 4868 1119 4952 lege
1164 4888 1286 4932 sua
1333 4864 1603 4930 divinae
1648 4884 1805 4932 suae
1848 4860 2210 4929 maiestatis
2248 4859 2808 4942 contemptoribus

860 4953 1179 5038 promisit,
1241 4952 1379 5017 fore
1421 4953 1735 5017 nimirum
1781 4960 1858 5017 ut
1902 4949 1983 5015 ad
2028 4948 2331 5015 umbram
2375 4966 2564 5010 suam
2609 4948 2809 5031 trepi-

2341 310 2756 382 HOMILIA
2798 303 3269 376 LXXXVIII.

4624 302 4712 368 515

2872 495 2983 562 hic
3050 494 3460 579 proponitur.
3557 490 3785 557 Primo
3843 489 3984 556 loco
4041 489 4203 555 dicit
4257 510 4328 556 se
4384 487 4562 572 probe
4602 494 4718 562 scis-0

2871 580 3198 647 Davidem
3273 587 3740 663 regnaturum;
3809 595 4011 660 quare
4067 575 4269 658 igitur
4326 574 4451 658 ipsi
4501 577 4715 645 resistis?

2873 667 3148 734 scientia
3191 665 3365 730 enim
3410 663 3528 728 illa
3572 663 3651 728 de
3695 683 3824 744 qua
3867 661 4005 746 agit
4050 662 4131 726 ab
4176 660 4538 726 hominibus
4571 664 4722 729 nullo·

2875 753 3069 819 modo
3126 751 3579 835 proficiscitur.
3662 748 3811 814 Non
3854 746 4024 831 quod
4068 745 4287 811 David
4330 767 4542 811 auram
4578 770 4724 832 popu.

2876 839 3082 905 larem
3141 838 3439 920 captarit,
3494 854 3771 919 regnum
3818 833 4138 899 ambierit.
4227 833 4326 898 Eo
4367 853 4449 897 ea
4485 832 4555 897 de
4585 855 4727 903 esunt

2877 946 3006 990 non
3062 921 3438 1005 impellitur,
3498 938 3622 986 nec
3676 919 3756 984 de
3814 938 3938 985 sua
3994 917 4306 984 electione
4362 939 4506 984 cum
4557 922 4728 1004 populo

2876 1008 3209 1076 ullomodo
3270 1007 3438 1092 egit:
3499 1027 3628 1072 non
3689 1026 3836 1070 eum
3896 1024 4170 1070 avorum
4232 1002 4501 1069 illustris
4547 1004 4730 1073 familis

2877 1093 2961 1162 ad
3024 1095 3092 1161 id
3157 1092 3570 1169 sollicitavit,
3634 1093 3748 1156 sed
3816 1089 4267 1156 tantummodo
4330 1087 4501 1171 quod
4557 1113 4592 1156 a
4631 1090 4733 1159 Deo

2878 1191 3115 1247 unctus
3174 1179 3281 1259 sit,
3329 1193 3402 1244 ut
3461 1199 3577 1262 per
3620 1175 4003 1261 prophetam
4048 1196 4240 1242 suum
4286 1175 4540 1241 disertis
4577 1176 4735 1244 verbis

2878 1277 3174 1342 testatur,
3220 1286 3424 1349 quum
3472 1263 3628 1330 dicit
3669 1284 3742 1329 se
3770 1261 4093 1328 Davidem
4138 1261 4207 1326 in
4252 1282 4474 1347 regem
4514 1261 4738 1347 elegisse.

2877 1351 3166 1419 Aliunde
3189 1351 3390 1435 igitur
3413 1370 3544 1415 non
3569 1347 3835 1414 edoctus
3872 1348 3997 1413 fuit
4016 1345 4342 1412 Davidem
4380 1358 4738 1432 regnaturum

2878 1438 3008 1504 nisi
3043 1458 3126 1503 ex
3151 1435 3280 1503 Dei
3316 1435 3558 1503 summi
3603 1434 3881 1501 decreto.
3936 1432 4014 1500 Si
4057 1445 4275 1498 autem
4322 1452 4443 1517 pro
4483 1447 4742 1517 comperto

2878 1522 3161 1590 habebat
3204 1543 3246 1586 a
3287 1522 3431 1587 Deo
3474 1519 3806 1586 Davidem
3852 1539 4074 1604 regem
4119 1518 4421 1596 electum,
4466 1538 4646 1601 quare
4678 1541 4745 1584 re-

2879 1608 3096 1676 sistit?
3144 1606 3324 1688 Quid
3361 1606 3512 1672 inde
3556 1604 3714 1671 fiet?
3761 1607 4060 1688 potuitne
4103 1606 4245 1670 eius
4287 1605 4746 1687 pervicacitsset

2878 1693 3227 1761 obstinatio
3272 1692 3584 1759 invictam
3623 1691 3804 1756 illam
3826 1690 3957 1756 Dei
4003 1689 4306 1757 altissimi
4347 1691 4640 1756 virtutem
4672 1713 4746 1757 su·

2879 1778 3157 1865 perare?
3262 1777 3718 1846 certissimum
3777 1790 3873 1841 est
3930 1774 4202 1844 Saulem
4260 1776 4454 1840 furiis
4507 1789 4568 1841 et
4618 1776 4749 1841 rabie

2880 1868 3221 1952 agitatum,
3264 1886 3305 1931 a
3328 1863 3582 1929 diabolo
3606 1862 4081 1946 perturbatum,
4118 1873 4338 1927 tamen
4376 1862 4460 1926 ab
4495 1861 4752 1927 eiusmodi

2881 1951 3302 2036 blasphemiis
3344 1948 3795 2015 abhorruisse:
3838 1946 4012 2031 quod
4057 1948 4267 2031 possit
4310 1947 4393 2013 de
4430 1948 4564 2012 Deo
4602 1948 4753 2013 victo-

2880 2040 3047 2104 riam
3086 2045 3438 2121 reportare,
3482 2032 3654 2118 quod
3689 2034 3899 2118 possit
3938 2033 4341 2098 immutabile
4384 2031 4551 2098 illud
4588 2031 4755 2098 decre-

2882 2135 3018 2189 tum
3081 2142 3394 2188 revocare
3452 2121 3532 2186 de
3589 2141 3792 2204 regno
3846 2117 4158 2198 Davidis,
4220 2120 4642 2204 pronunciatu
4683 2129 4755 2182 est

2882 2207 3301 2276 horrendum.
3409 2206 3687 2273 Etiamsi
3757 2217 3975 2271 autem
4040 2204 4281 2270 millies
4343 2203 4560 2271 fassus
4614 2216 4759 2280 esset.

2882 2294 3100 2361 Deum
3136 2292 3264 2360 hoc
3306 2301 3525 2358 ratum
3572 2302 3637 2357 et
3679 2293 3885 2358 fixum
3930 2291 4264 2372 statuisse,
4306 2288 4440 2356 Dei
4485 2290 4762 2355 consilium

2885 2380 3262 2446 nullomodo
3299 2378 3542 2444 mutari
3578 2399 3787 2461 posse,
3831 2376 4264 2442 nihilominus
4309 2391 4532 2440 tamen
4573 2373 4633 2439 id
4665 2375 4767 2439 efli-

2886 2487 3035 2534 cere
3085 2463 3506 2541 moliebatur,
3574 2476 3641 2527 et
3704 2462 3906 2528 veluti
3965 2459 4268 2528 cornibus
4324 2460 4549 2526 Deum
4601 2473 4769 2543 petere

2887 2553 3064 2618 ultro
3123 2549 3505 2617 conabatur.
3605 2549 3752 2615 Hoc
3812 2548 4119 2633 exemplo
4178 2546 4523 2623 doeemur,
4581 2559 4769 2627 quanta

2889 2639 2977 2705 sit
3029 2658 3254 2704 eorum
3315 2636 3653 2701 hominum
3711 2633 3926 2699 rabies
3969 2654 4133 2717 quos
4174 2633 4470 2717 possidet
4513 2629 4771 2705 diabolus,

2888 2744 3050 2807 quos
3104 2723 3353 2789 scilicet
3408 2721 3724 2787 adversus
3765 2718 3984 2785 Deum
4047 2717 4544 2803 insurgendum,
4599 2733 4657 2782 et
4692 2715 4770 2779 sd·

2892 2829 3123 2875 versus
3147 2811 3362 2891 ipsum
3385 2808 3454 2872 in
3494 2827 3680 2872 suam
3718 2806 3982 2870 ruinam
4016 2816 4083 2870 et
4124 2804 4487 2889 perniciem
4534 2822 4775 2886 pugnan-

2891 2895 3045 2961 dum
3091 2893 3391 2977 impellit.
3434 2892 3602 2974 Quis
3646 2893 3823 2957 enim
3868 2891 4034 2956 alius
4075 2891 4291 2955 exitus
4334 2889 4589 2973 sperari
4621 2888 4777 2973 possit

2890 3002 3084 3065 quam
3130 2979 3436 3045 ultimum
3482 2978 3778 3056 exitium,
3837 2996 4064 3042 eorum
4100 2977 4213 3058 qui
4255 2973 4579 3041 adversus
4610 2975 4779 3041 Deum

2893 3077 2963 3132 et
3019 3066 3222 3150 ipsius
3279 3063 3518 3130 electos
3574 3061 3974 3147 insurgunt?
4059 3062 4396 3128 Docemur
4452 3065 4688 3144 itaque.
4731 3060 4779 3121 in

2894 3164 3175 3217 tremore
3232 3171 3450 3217 coram
3490 3149 3636 3215 Deo
3693 3148 4015 3231 incedere,
4072 3147 4233 3213 adeo
4289 3147 4558 3230 quidem
4601 3157 4670 3211 ut
4701 3142 4784 3209 ubi

2893 3235 3082 3303 nobis
3118 3235 3481 3302 innotuerit
3515 3236 3722 3319 ipsius
3765 3233 4071 3300 voluntas
4113 3233 4209 3298 illi
4250 3233 4528 3317 obsequi
4570 3231 4785 3297 omnino

2894 3322 3292 3400 studeamus,
3338 3329 3407 3386 et
3442 3320 3755 3405 quidquid
3791 3319 3872 3385 ab
3907 3340 3982 3384 eo
4027 3320 4393 3404 profectum
4444 3320 4635 3384 fuerit
4672 3313 4786 3382 boni

2894 3409 3329 3475 consulamus.
3375 3407 3606 3491 Neque
3633 3409 3806 3472 enim
3844 3407 4005 3471 satis
4039 3421 4141 3472 est
4161 3404 4289 3470 Dei
4334 3405 4615 3470 verbum
4646 3399 4789 3468 nobis

2894 3514 3037 3561 esse
3090 3514 3250 3559 auro
3309 3503 3376 3558 et
3432 3505 3705 3578 argento
3762 3491 4144 3576 pretiosius,
4214 3490 4328 3556 sed
4386 3491 4589 3555 etiam
4642 3485 4789 3552 melle

2895 3579 3148 3645 dulcius
3183 3600 3325 3644 esse
3360 3591 3632 3662 oportet,
3680 3593 3755 3644 ut
3788 3575 4060 3662 pulchre
4104 3597 4223 3642 nos
4264 3577 4595 3661 propheta
4633 3577 4791 3646 docet,

2894 3663 3163 3732 Psalmo
3209 3663 3310 3730 19.
3395 3665 3746 3729 Caeterum
3799 3683 3927 3746 quo
3972 3661 4206 3728 melius
4250 3662 4432 3728 hanc
4477 3660 4790 3727 doctrinam

2897 3750 3353 3834 percipiamus,
3412 3760 3480 3813 et
3533 3749 3616 3815 ad
3660 3769 3850 3815 usum
3896 3769 4295 3827 revocemus,
4355 3744 4794 3814 observandum

2896 3837 3119 3905 varios
3165 3857 3309 3901 esse
3353 3834 3617 3920 gradus,
3669 3845 3804 3900 tam
3842 3835 4216 3918 iniquorum
4260 3832 4609 3898 hominum
4639 3847 4793 3914 qum

2896 3921 3209 3989 fidelium.
3255 3921 3427 3987 Nam
3451 3920 3772 3987 increduli
3806 3920 3974 3986 nihil
4009 3941 4233 3986 eorum
4271 3939 4450 4002 quae
4494 3920 4563 3984 in
4605 3931 4795 4002 genere

2899 4009 3211 4075 dicuntur
3255 4005 3776 4092 apprehendunt.
3842 4006 4012 4072 Nam
4058 4009 4115 4072 si
4158 4005 4440 4071 miseros
4484 4023 4697 4070 caecos
4730 3997 4797 4062 di-

2898 4114 3144 4170 camus,
3190 4093 3246 4157 si
3287 4094 3689 4170 temerarios,
3728 4092 3843 4176 qui
3887 4093 4127 4157 bonum
4158 4113 4210 4156 ·a
4252 4091 4433 4156 malo
4478 4090 4795 4156 discernere

2901 4193 3258 4263 nequeunt,
3304 4179 3416 4262 qui
3440 4198 3654 4263 neque
3689 4178 3942 4243 ratione
3976 4198 4189 4260 neque
4228 4176 4477 4242 iudicio
4501 4178 4796 4242 ducuntur.

2902 4263 3071 4350 quod
3105 4271 3331 4330 sancto
3364 4262 3493 4330 Dei
3530 4264 3765 4348 spiritu
3811 4265 4023 4329 omnis
4066 4262 4552 4345 intelligentiae
4586 4273 4649 4326 et
4676 4255 4797 4323 luas

2904 4361 3134 4417 autore
3179 4348 3638 4434 destituantur,
3697 4348 3857 4415 adeo
3912 4363 3987 4414 ut
4035 4347 4466 4416 incredulitas
4529 4365 4696 4413 mers
4737 4343 4797 4406 sit

2904 4435 3202 4514 caecitas,
3262 4445 3331 4501 et
3372 4435 3538 4501 nihil
3601 4435 3730 4501 nisi
3772 4436 4213 4502 confusionem
4272 4455 4506 4500 secum
4550 4428 4797 4498 invehat:

2905 4534 3128 4588 tamen
3200 4521 3384 4588 Deus
3449 4520 3797 4612 aliquando
3861 4520 4230 4588 incredulos
4292 4524 4481 4605 cogit
4544 4542 4614 4585 se
4668 4519 4800 4599 ipsus

2906 4629 3279 4694 agnoscere,
3324 4608 3669 4690 Deumque
3705 4617 3772 4672 et
3794 4608 4160 4683 veritatem,
4203 4625 4279 4672 ac
4301 4610 4623 4673 virtutem
4643 4600 4798 4686 ipsius

2907 4693 3419 4779 apprehendere,
3466 4702 3534 4759 et
3576 4692 3659 4758 ad
3702 4691 3879 4759 illius
3921 4694 4362 4777 cognitionem
4413 4694 4801 4776 obstupsoeffl,

2908 4781 3069 4847 adeo
3128 4791 3202 4846 ut
3262 4778 3477 4863 plenis
3536 4779 3756 4846 buccis
3813 4779 4007 4844 fateri
4063 4778 4210 4846 illos
4265 4788 4575 4861 oporteat
4632 4776 4798 4840 Deum

2910 4887 3053 4933 esse
3097 4865 3374 4946 fidelem,
3430 4874 3499 4931 et
3540 4863 3965 4932 irrevocabile
4020 4885 4162 4931 esse
4203 4863 4529 4949 quidquid
4582 4883 4682 4928 ore
4714 4873 4801 4922 suu

2911 4952 3382 5037 pronunciarit.
3455 4949 3589 5019 Sed
3631 4952 3762 5018 ista
3803 4948 4230 5017 nihilominus
4272 4948 4549 5016 divinae
4592 4943 4800 5012 vimus

863 5037 1041 5120 dent,
1086 5048 1154 5103 et
1195 5057 1526 5121 nusquam
1569 5038 1782 5102 securi
1827 5037 1982 5119 sint,
2027 5035 2358 5116 vitamque
2401 5031 2589 5098 velut
2631 5034 2811 5098 tenui
2914 5037 3351 5123 apprehensio
3393 5058 3529 5103 non
3586 5047 3689 5103 est
3732 5057 3890 5102 vera
3930 5037 4203 5103 scientia
4243 5035 4327 5099 ad
4375 5056 4585 5120 quam
4624 5033 4803 5116 spons

865 5124 975 5190 filo
996 5123 1390 5208 pendentem
1431 5120 1699 5204 ducant,
1743 5129 1810 5187 et
1854 5129 2165 5203 tanquam
2210 5116 2518 5184 fluctibus
2562 5127 2629 5184 et
2659 5140 2813 5201 pro·

2915 5122 3248 5203 accedant,
3285 5136 3352 5189 et
3372 5145 3514 5190 sese
3548 5122 3917 5189 subiiciant.
3953 5123 4123 5188 Nam
4146 5122 4203 5187 si
4236 5121 4385 5186 fieri
4426 5131 4647 5204 posset
4674 5117 4801 5216 bant

865 5208 1050 5278 cellis
1092 5218 1416 5290 aestuent,
1474 5209 1659 5275 cuius
1705 5209 1800 5273 rei
1844 5205 2222 5290 exemplum
2265 5204 2335 5270 in
2383 5201 2586 5271 Saule
2627 5204 2814 5274 nobis
2916 5209 3355 5295 cognitionem
3415 5209 3829 5290 suffocarent,
3889 5217 3957 5276 et
3997 5206 4123 5274 Dei
4166 5208 4498 5273 virtutem
4540 5216 4801 5292 opprime·
