5059 6059
265 322 377 391 209
1540 318 1641 385 IN
1682 319 1739 385 Ι.
1784 319 1964 386 LIB.
2012 317 2414 389 SAMUEL.
2458 317 2661 386 OAP.
2705 319 2926 387 XVII.
4094 321 4233 391 210

267 509 633 594 suffocabam,
692 509 1246 592 interficiebamque
1288 529 1405 576 eos,
1486 509 1590 574 36.
1641 508 1815 574 Nam
1853 515 1911 575 et
1950 510 2180 576 leonem

267 605 315 662 et
373 616 580 660 ursum
644 596 924 676 interfeci
989 617 1098 678 eqo
1160 616 1381 661 servus
1445 600 1623 661 tuus.-
1686 596 1805 660 erit
1868 597 2068 680 iyitur
2125 600 2180 660 et

268 682 638 749 Philistaeus
714 681 815 748 hic
890 683 1364 747 incircumcisus
1426 682 1615 762 quasi
1678 702 1847 747 unus
1910 703 1988 748 ex
2053 682 2178 748 eis:

264 769 403 851 quia
476 788 674 833 ausus
743 773 832 833 est
903 767 1264 832 maledicere
1342 768 1646 833 exercitui
1709 766 1840 832 Dei
1899 768 2179 833 viventia.

267 855 359 920 37.
403 851 484 917 Et
523 855 618 918 ait
649 853 904 920 David:
945 854 1268 918 Dominus
1308 855 1419 934 qui
1461 853 1697 933 eripuit
1738 874 1833 917 me
1872 854 1947 920 de
1988 874 2184 920 manu

264 942 458 1022 leonis,
511 944 567 1003 ct
620 941 697 1005 de
751 960 946 1004 mauu
996 940 1156 1021 ursi,
1215 940 1352 1019 ipse
1410 938 1692 1005 liberabit
1735 958 1831 1003 me
1872 941 1948 1006 de
1990 960 2184 1005 manu

265 1025 582 1090 Philia-toci
615 1025 824 1092 huius.
891 1023 1082 1090 Dixit
1122 1030 1330 1090 autem
1352 1023 1516 1089 Saul
1557 1025 1642 1090 ad
1683 1023 1933 1090 David.-
1991 1026 2184 1110 Vade,

264 1118 314 1178 et
349 1111 661 1177 Dominus
701 1117 896 1178 tecum
939 1112 1040 1177 sit.

2282 529 2530 592 gamus,
2574 515 2642 574 et
2682 508 2897 574 eidem
2940 509 3185 576 bellum
3230 509 3610 577 inferamus.
3691 509 3912 592 Quare
3956 512 4011 576 81
4055 532 4224 596 pure

2282 602 2350 661 et
2406 596 2658 661 sincere
2716 594 2937 661 Deum
2986 595 3200 662 colere
3261 596 3692 678 venerarique
3745 609 4048 680 optamus
4068 648 4084 676 ,
4151 609 4222 665 et

2284 702 2417 747 non
2454 681 2768 746 remorari
2803 702 3065 746 cursum
3108 682 3467 765 gratiarum
3512 682 3733 765 ipsius,
3777 693 3976 765 prout
4019 684 4223 752 variis

2282 767 2583 850 personis
2618 767 2767 832 illas
2803 767 3193 833 distribuere
3228 767 3535 848 voluerit,
3580 768 3863 852 primum
3910 769 4223 852 fugienda

2284 873 2490 936 prava
2544 852 2662 918 illa
2714 851 3091 918 dominandi
3144 867 3212 918 et
3267 873 3468 937 supra
3510 853 3671 919 81108
3725 855 4052 920 eminendi
4110 876 4223 922 cu·

2286 938 2560 1022 piditas:
2645 937 2877 1004 deinde
2940 938 3158 1004 danda
3219 960 3420 1024 opera
3483 948 3557 1003 ut
3615 941 3982 1023 ubicunque
4046 940 4222 1008 110118

2285 1024 2556 1108 spiritus
2600 1025 2726 1089 Dei
2766 1026 3205 1107 apparuerint,
3260 1046 3340 1090 ea
3381 1025 3521 1091 sine
3565 1025 3818 1091 invidia
3860 1037 3926 1090 et
3966 1026 4223 1093 malitia

418 1281 694 1347 Davidis
748 1282 1117 1347 unctionem
1165 1302 1292 1346 non
1340 1282 1538 1347 fuisse
1578 1282 1715 1348 Isal
1753 1281 2037 1348 familiae
2080 1280 2180 1347 in-

256 1370 571 1452 cognitam
610 1367 798 1432 facile
834 1367 1305 1450 cognoscimus,
1353 1367 1456 1432 vel
1495 1390 1578 1433 ex
1614 1388 1691 1434 eo
1725 1369 1895 1451 quod
1930 1377 2179 1450 septem

257 1457 446 1538 ipsius
503 1454 741 1519 fratres
797 1455 1078 1518 maiores
1134 1461 1295 1517 natu
1343 1452 1636 1520 Samueli
1688 1454 1889 1519 fuisse
1931 1452 2180 1521 oblatos

253 1541 548 1623 vidimus,
595 1551 669 1605 ut
711 1562 792 1603 ex
836 1540 918 1603 iis
962 1539 1235 1622 eligeret·
1278 1541 1392 1622 qui
1416 1538 1561 1603 Deo
1606 1549 1907 1622 acceptus
1950 1540 2178 1605 fuisset

249 1648 458 1709 regem
541 1629 604 1691 in
674 1624 916 1691 Israele
998 1626 1326 1691 futurum:
1406 1646 1609 1709 quare
1672 1625 1880 1711 ipsius
1941 1625 2177 1692 fratres

247 1715 396 1778 satis
461 1712 760 1778 sciebant
825 1711 1182 1786 Davidem,
1257 1711 1409 1777 licet
1472 1712 1761 1776 omnium
1829 1711 2176 1777 minimum

251 1799 400 1881 ipsis
458 1799 845 1880 praelatum.
951 1798 1093 1862 Etsi
1158 1816 1316 1862 vero
1371 1807 1609 1863 natura
1668 1798 1964 1863 homines
2019 1807 2177 1863 sunt

249 1884 707 1948 dominationis
749 1882 1001 1965 cupidi:
1064 1895 1284 1948 tamen
1329 1882 1454 1947 Dei
1499 1883 1735 1949 iudicio
1780 1884 2175 1950 commoveri

244 1971 473 2034 fratres
547 1969 823 2034 Davidis
889 1970 1258 2052 oportebat,
1339 1979 1416 2032 ut
1481 1990 1673 2051 quem
1735 1969 1923 2036 Deus
1987 1979 2176 2035 tanto

243 2055 563 2120 afficiebat
598 2055 844 2120 honore
895 2056 1179 2119 vicissim
1217 2054 1342 2138 ipsi
1379 2068 1841 2138 agnoscerent:
1877 2054 2170 2138 quando·

239 2140 497 2224 quidem
525 2153 596 2204 et
623 2162 862 2224 magna
897 2140 1184 2224 dignitas
1222 2143 1338 2205 toti
1381 2141 1666 2206 familiae
1700 2142 2175 2223 acquirebatur,

239 2248 435 2308 quum
493 2225 735 2309 aliquis
784 2248 869 2291 ex
914 2226 1030 2292 illa
1073 2228 1436 2310 eligebatur
1492 2247 1610 2291 rex
1654 2227 1726 2292 in
1784 2227 2031 2293 1818818
2075 2228 2176 2291 fu·

239 2326 438 2388 turus,
503 2323 579 2378 et
637 2311 898 2394 quidem
960 2313 1158 2377 totius
1213 2312 1410 2377 etiam
1469 2312 1705 2377 mundi
1747 2313 2177 2397 redemptoris

235 2400 459 2481 figura.
577 2398 804 2480 Neque
869 2398 1043 2463 enim
1114 2396 1356 2463 Davidi
1424 2397 1647 2463 datum
1712 2419 1985 2481 regnum
2051 2399 2178 2464 fuit

235 2486 521 2568 vulgare,
588 2483 701 2549 sed
753 2484 894 2548 Deo
950 2493 1249 2550 sanctum
1309 2494 1377 2549 et
1433 2484 1739 2562 dicatum,
1798 2484 1967 2569 quod
2029 2507 2176 2551 011111

232 2592 342 2652 spe
378 2576 732 2635 coniuncta
767 2582 936 2635 esset
969 2571 1220 2654 figura:
1266 2581 1333 2633 et
1366 2570 1431 2634 in
1471 2569 1749 2636 salutem
1793 2585 2176 2654 perpetuam

234 2658 453 2739 populi
519 2678 640 2720 rex
704 2657 810 2720 hic
867 2668 1034 2722 esset
1081 2655 1477 2738 designatus.
1565 2655 2003 2736 Quamobrem
2051 2658 2176 2721 toti

233 2744 521 2807 familiae
560 2742 698 2806 Isa1
741 2762 979 2824 magna
1025 2751 1168 2806 erat
1210 2741 1428 2806 oblata
1469 2741 1754 2808 laetitiae
1798 2744 2066 2820 occasi0,
2112 2755 2179 2808 81

233 2850 555 2910 magnum
617 2842 1078 2911 argumentum
1137 2828 1537 2911 agendarum
1599 2829 1739 2894 Deo
1798 2830 2177 2908 gratiarum,

228 2915 396 2995 quod
487 2926 629 2978 tam
708 2913 1029 2978 abiectam
1095 2925 1161 2977 et
1227 2912 1544 2979 humilem
1609 2913 1924 2979 familiam
1993 2927 2178 2980 tanto

231 2999 481 3064 honore
544 3011 721 3063 esset
778 2999 1101 3080 dignatus.
1190 2998 1438 3064 Contra
1497 3019 1649 3064 vero
1707 3000 1814 3064 1110
1872 3000 2176 3066 Eliabum

231 3088 751 3170 primogenitum
816 3083 1058 3149 Davidi
1103 3085 1524 3151 vehementer
1565 3086 2009 3152 succensuisse
2069 3108 2180 3151 au-

231 3172 473 3237 dimus.
575 3172 664 3235 Et
720 3171 1099 3254 arrogantia
1155 3192 1286 3252 qua
1331 3173 1399 3235 in
1447 3172 1712 3236 fratrem
1755 3173 2058 3255 insurgit,
2115 3183 2179 3236 et

233 3263 415 3323 virus
487 3255 668 3341 quod
736 3258 982 3323 evomit
1042 3268 1228 3321 tanta
1285 3269 1545 3340 tamque
1602 3257 1872 3322 effraeni
1929 3265 2180 3340 pertur-

231 3342 496 3408 batione
537 3344 700 3408 satis
734 3342 1017 3407 ostendit
1050 3342 1265 3426 ipsum
1303 3352 1496 3408 antea
1537 3363 1657 3408 suo
1700 3344 1921 3409 animo
1964 3344 2181 3409 nescio

230 3429 404 3510 quod
467 3430 701 3494 odium
761 3429 1076 3495 adversus
1132 3429 1314 3494 illum
1373 3428 1636 3495 fovisse.

227 3514 392 3579 11880
465 3517 599 3579 fnit
665 3514 943 3581 malitia:
1007 3535 1182 3593 nam,
1246 3525 1321 3580 ut
1376 3524 1530 3579 ante
1589 3514 1744 3592 dixi,
1805 3535 1933 3580 non
1991 3516 2183 3581 modo

227 3601 380 3666 facit
411 3599 668 3666 Davidi
707 3620 1029 3664 summam
1075 3600 1404 3678 iniuriam,
1447 3599 1560 3665 sed
1606 3599 1941 3752 advergusd
1967 3601 2182 3685 ipsum

1864 3709 1898 3750 e
1988 3708 2182 3769 quam

226 3684 452 3751 Deum
519 3686 918 3752 intolerabili
962 3685 1435 3769 ingratitudine
1479 3694 1722 3769 peccat.

224 3771 320 3835 1111
385 3774 811 3838 occasionem
870 3773 1256 3854 praebuerat
1303 3772 1517 3837 David
1573 3772 1919 3838 accusandi
1963 3772 2179 3856 ipsum

219 3861 586 3941 superbiae
631 3871 698 3922 et
739 3856 1111 3939 nequitiae?
1192 3857 1418 3940 Neque
1461 3858 1636 3922 enim
1683 3855 1959 3922 ambivit
1998 3858 2178 3923 illam

221 3944 655 4027 dignitatem,
714 3964 926 4026 neque
969 3942 1122 4008 ullis
1183 3943 1432 4010 artibus
1476 3944 1799 4024 quaesivit
1865 3943 2006 4008 sola
2049 3943 2176 4010 Dei

211 4032 525 4113 gratuita
588 4030 929 4094 voluntate
982 4041 1394 4110 praeventus.
1483 4028 1928 4109 Quamobrem
1982 4030 2175 4096 Eliab

213 4116 320 4182 1110
367 4137 719 4182 summam
764 4114 966 4179 animi
1010 4115 1564 4198 perturbationem
1608 4126 1676 4181 et
1718 4115 2173 4181 alienationem

529 4222 738 4284 quum
785 4201 972 4265 fratri
1017 4212 1153 4265 tam
1195 4200 1425 4267 acerbe
1469 4203 1609 4267 sine
1651 4203 1983 4268 occasione
2027 4223 2174 4267 8110-

569 4286 762 4368 Quod
822 4308 978 4371 ergo
1021 4287 1188 4352 fovit
1231 4288 1343 4351 diu
1387 4288 1455 4350 in
1500 4297 1757 4370 pectore
1797 4287 2021 4353 odium
2059 4287 2173 4353 ad·

207 4202 460 4284 prodit,

206 4301 466 4355 censet.

209 4395 461 4441 versus
512 4377 812 4448 fratrem,
858 4383 924 4437 et
966 4373 1134 4456 quod
1178 4373 1309 4437 iam
1354 4373 1449 4437 1111
1493 4375 1633 4439 81118
1674 4395 1873 4439 causa
1914 4393 2172 4439 succen-

1442 4458 1628 4523 illum
1695 4480 1897 4543 aequo
1952 4460 2173 4525 animo

1220 4545 1586 4629 ignitatem,
1633 4565 1799 4628 quae
1840 4544 1934 4608 illi
1980 4544 2170 4610 debe-

203 4473 328 4536 set,
402 4463 585 4526 satis
655 4469 932 4524 testatur
996 4480 1128 4523 non

205 4547 387 4612 ferre
441 4545 785 4611 Davidem
846 4545 928 4609 ad
988 4565 1130 4610 eam

203 4632 433 4708 batur,
487 4632 716 4698 evehi.
784 4632 960 4695 Hinc
996 4630 1320 4696 discamus
1353 4651 1547 4714 quam
1583 4631 1669 4696 sit
1704 4629 1966 4696 lethalis
2008 4630 2172 4711 lues,

203 4719 498 4785 ambitio
567 4729 636 4782 et
693 4719 1011 4782 honorum
1069 4715 1421 4799 cupiditas:
1480 4737 1644 4799 quae
1691 4717 1808 4781 vix
1849 4717 1921 4780 in
1964 4737 2170 4799 quen·

199 4826 414 4886 quam
498 4802 743 4871 cadere
823 4812 1038 4887 potest
1103 4804 1262 4885 quin
1326 4804 1525 4868 etiam
1588 4801 1840 4869 invidia
1906 4801 2167 4867 laboret.

201 4891 444 4972 Quum
514 4910 686 4954 vero
739 4899 871 4953 tam
930 4889 1240 4972 pestifera
1295 4888 1438 4954 lues
1480 4889 1769 4953 animum
1812 4889 2172 4974 occupavit,

198 4978 416 5044 etiam
482 4975 794 5044 convicia
850 4988 918 5040 81
972 4974 1317 5040 maledicta
1384 4973 1576 5040 modo
1631 4974 1704 5039 in
1758 4973 1934 5039 hunc
1975 4973 2169 5039 modo

1723 3429 1864 3493 Nae
1906 3430 2186 3514 insignis

2285 1111 2516 1193 quanti
2546 1131 2666 1194 par
2706 1121 2808 1175 est
2846 1111 3177 1191 faciamus,
3221 1119 3291 1176 81
3333 1132 3450 1193 pro
3494 1109 3742 1177 viribus
3782 1132 3861 1177 ea
3903 1132 4221 1178 conemur

2285 1196 2588 1261 omnibus
2626 1205 2799 1261 nota·
2825 1195 3053 1276 facere,
3099 1197 3270 1279 quod
3313 1218 3567 1261 summo
3611 1208 3836 1263 nostro
3879 1196 4220 1265 commodo

2283 1284 2416 1347 fiet.
2504 1282 2696 1360 Nam,
2750 1302 3013 1363 quaeso,
3071 1280 3227 1365 quid
3274 1283 3751 1365 promovebunt
3790 1284 3903 1366 qui
3947 1306 4017 1349 88
4059 1304 4220 1368 prae

2283 1368 2431 1433 aliis
2489 1367 2807 1433 extollere
2861 1367 3114 1447 volunt,
3174 1367 3231 1433 si
3292 1367 3598 1434 dentibus
3652 1368 4089 1450 infrendeant,
4147 1377 4220 1438 81

2284 1452 2707 1519 vehementer
2762 1452 3206 1537 indignentur,
3263 1453 3321 1518 si
3365 1453 3551 1518 Deus
3595 1455 3757 1521 alios
3801 1475 3995 1539 quam
4041 1456 4217 1539 ipsos

2280 1538 2616 1605 assumat?
2685 1536 2760 1605 Si
2795 1541 2940 1621 quis
2974 1540 3151 1605 enim
3197 1539 3418 1605 multis
3462 1539 3650 1605 donis
3693 1540 3902 1607 sancti
3944 1542 4218 1624 spiritus

2279 1625 2574 1704 excellat,
2631 1636 2879 1690 certum
2937 1632 3038 1691 est
3095 1646 3516 1708 quaecunque
3575 1626 3746 1692 dona
3791 1635 3861 1691 et
3915 1627 4099 1694 dotes
4140 1628 4215 1694 in

2278 1732 2355 1776 eo
2377 1710 2621 1776 fuerint
2642 1712 2713 1775 in
2732 1711 3026 1776 omnium
3063 1711 3355 1776 fidelium
3394 1711 3677 1777 salutem
3715 1711 4212 1794 redundaturas,

2278 1805 2347 1862 et
2401 1797 2690 1861 omnium
2748 1795 3017 1861 utilitati
3060 1818 3376 1862 cessuras.
3466 1796 3688 1878 Quare
3731 1819 3946 1864 nonne
3990 1820 4216 1865 amen·

2279 1882 2440 1947 tiam
2473 1893 2764 1948 nostram
2801 1881 3185 1966 detegimus,
3229 1903 3429 1966 quum
3467 1903 3661 1967 aegre
3700 1883 3972 1950 ferimus
3993 1885 4213 1951 Deum

2276 1969 2345 2032 in
2408 1966 2532 2034 1100
2598 1967 2703 2034 vel
2767 1967 2880 2032 illo
2946 1970 3231 2050 operari,
3316 1978 3382 2034 et
3443 1990 3865 2053 quaecunque
3920 1970 4091 2036 dona
4146 1973 4217 2037 in

2278 2053 2427 2119 11108
2460 2053 2816 2120 contulerit
2850 2054 2920 2118 111
2957 2061 3258 2119 nostrum
3295 2053 3706 2120 commodum
3753 2067 3818 2121 et
3864 2056 4216 2123 utilitatem

2277 2138 2553 2206 cedere?
2617 2139 2765 2206 Hoc
2799 2139 3004 2223 igitur
3038 2139 3411 2224 exemplum
3440 2140 3649 2207 Eliabi
3692 2142 3918 2207 fratris
3942 2142 4220 2210 Davidis

2279 2225 2633 2309 diligenter
2675 2236 2777 2291 est
2820 2224 3004 2290 nobis
3050 2224 3548 2292 observandum.
3615 2226 3788 2293 Nam
3833 2249 3913 2292 ex
3961 2249 4038 2293 eo
4082 2228 4218 2294 dis-

2278 2313 2485 2378 cimus
2544 2312 2985 2396 arrogantiam
3041 2320 3111 2375 81
3151 2311 3524 2395 superbiam
3569 2332 3654 2377 ex
3697 2313 4033 2378 hominum
4080 2336 4223 2379 me-

2281 2398 2488 2463 moria
2544 2417 2804 2463 omnem
2867 2397 3343 2462 humanitatem
3406 2397 3639 2475 delere,
3694 2409 3760 2462 et
3816 2398 4217 2466 oblivionem

2281 2484 2595 2549 inducere
2653 2481 3174 2559 necessitudinis,
3227 2492 3302 2547 ut
3354 2483 3536 2547 nulla
3587 2484 3753 2548 ratio
3811 2505 4020 2568 neque
4062 2506 4221 2551 con-

2278 2570 2786 2653 sanguineorum
2818 2588 3030 2650 neque
3064 2569 3347 2634 fratrum
3382 2568 3716 2652 habeatur,
3754 2571 3946 2636 sicuti
3984 2575 4222 2638 fratres

2278 2655 2580 2722 videmus
2615 2655 2745 2719 iam
2781 2653 2932 2719 inde
2969 2654 3050 2719 ab
3084 2654 3264 2718 omni
3299 2674 3459 2720 aevo
3495 2653 3619 2720 sibi
3657 2675 3788 2721 non
3833 2659 4221 2740 pepercisse,

2279 2761 2484 2824 quum
2537 2739 2619 2805 de
2662 2738 3098 2805 dominatione
3141 2747 3358 2805 actum
3403 2749 3538 2807 est:
3597 2739 3712 2807 sed
3768 2763 3910 2807 sese
3970 2743 4221 2808 mutuis

2279 2825 2448 2891 odiis
2505 2838 2573 2891 et
2628 2824 2986 2891 inimicitiis
3041 2835 3466 2908 persequutos
3509 2847 3668 2905 8888,
3727 2839 3795 2891 81
3838 2828 4220 2895 vulneribus

2280 2910 2678 2979 confodisse:
2760 2931 2952 2993 saepe
3014 2911 3183 2975 filios
3249 2933 3290 2976 a
3353 2919 3640 2977 matrum
3698 2913 3875 2977 ulnis
3940 2923 4216 2998 ereptos,

2281 3019 2475 3082 saepe
2530 2999 2727 3064 etiam
2784 2997 3023 3062 liberos
3065 2996 3362 3080 patribus
3405 2997 3565 3080 ipsis
3608 3005 3678 3062 et
3720 2999 4041 3065 matribus
4083 3020 4220 3066 11011

2283 3084 2692 3164 abstinuisse,
2736 3091 2920 3147 tanta
2955 3082 3054 3150 vis
3088 3089 3190 3147 est
3218 3082 3585 3149 ambitionis
3621 3084 3813 3148 istius
3846 3083 4220 3164 diabolicae,

2283 3191 2413 3253 qua
2476 3169 2775 3235 homines
2836 3169 2933 3233 ita
2996 3168 3423 3247 fascinantur,
3490 3178 3566 3233 ut
3617 3189 3874 3234 omnem
3934 3170 4015 3236 de
4073 3172 4219 3237 Deo

2282 3257 2443 3338 ipsis
2503 3256 2886 3320 memoriam
2954 3253 3229 3332 adimat,
3298 3265 3365 3319 et
3435 3261 3782 3337 parentum
3840 3257 4038 3321 etiam
4101 3257 4220 3323 ob·

2283 3341 2593 3408 livionem
2641 3339 2910 3405 adferat.

2452 3429 2546 3494 Et
2589 3427 2668 3491 de
2710 3425 2930 3491 Eliabi
2973 3425 3076 3490 ira
3117 3424 3434 3491 adversus
3479 3423 3803 3490 Davidem
3850 3427 4025 3500 satis,
4068 3429 4217 3512 qui-

2283 3513 2405 3580 bus
2461 3522 2877 3580 accesserunt
2933 3521 2999 3576 et
3038 3510 3514 3580 contumeliosa
3557 3511 3773 3577 verba.
3865 3513 4058 3592 Nam,
4103 3516 4219 3598 ait,

2279 3601 2424 3666 novi
2454 3598 2812 3682 superbiam
2845 3602 3036 3674 tuam,
3080 3601 3136 3660 et
3176 3597 3519 3677 nequitiam
3559 3597 3770 3663 cordis
3809 3599 3922 3663 tui.
4008 3600 4219 3681 Quare

2281 3685 2670 3766 dereliquisti
2702 3684 3020 3766 pauculas
3060 3681 3209 3746 illas
3250 3702 3389 3747 oves
3429 3682 3499 3746 in
3535 3683 3824 3748 deserto?
3888 3684 4215 3753 Davidem

2283 3771 2391 3837 hic
2423 3771 2590 3836 falso
2633 3769 2923 3835 accusari
2960 3789 3001 3833 a
3041 3766 3242 3832 fratre
3283 3765 3628 3852 superbiae
3668 3780 3734 3832 81
3777 3769 4062 3836 1118111188
4097 3793 4214 3838 811-

2280 3857 2513 3922 dimus.
2594 3854 2771 3936 Quid
2814 3854 2991 3918 enim
3037 3854 3105 3917 in
3146 3873 3222 3916 eo
3264 3853 3464 3918 frater
3508 3853 4046 3938 deprehenderat,
4089 3879 4213 3925 cur

2279 3963 2433 4008 enm
2478 3953 2611 4006 tam
2655 3961 2803 4006 arro
2892 3949 3039 4005 nter
3081 3938 3473 4021 obiurgaret,
3529 3941 3713 4023 quasi
3757 3939 4045 4024 aliquam
4091 3965 4209 4009 au-

2279 4028 2531 4096 daciam
2568 4027 2638 4092 in
2683 4048 2759 4092 eo
2849 4023 3356 4109 eprehendisset,
3403 4033 3519 4090 aut
3558 4035 3733 4102 artes
3771 4026 4023 4110 aliquas
4066 4030 4206 4111 qui-

2278 4114 2400 4180 bus
2455 4114 2778 4198 appetitae
2835 4113 2905 4177 in
2963 4110 3125 4175 alios
3183 4110 3640 4176 dominationis
3695 4114 3880 4194 argui
3938 4113 4204 4196 posset?

2275 4200 2503 4283 Neque
2559 4199 2736 4264 enim
2781 4197 3000 4263 David
3045 4196 3417 4261 Samuelem
3477 4207 3926 4279 praevenerat,
3989 4208 4060 4262 ut
4120 4197 4207 4265 ab

2275 4288 2414 4369 ipso
2471 4295 2847 4369 ungeretur,
2906 4303 3115 4365 neque
3172 4281 3532 4346 rationibus
3591 4282 3865 4364 obliquis
3923 4304 4205 4366 regnum

2274 4373 2612 4438 affectasse
2649 4368 3091 4452 deprehensus
3125 4368 3355 4443 fuerat,
3399 4368 3512 4449 qui
3550 4368 3630 4432 de
3665 4387 3866 4451 regno
3902 4368 3983 4432 ad
4027 4368 4203 4451 quod

2273 4480 2542 4542 prorsus
2575 4458 2939 4539 incogitans
2974 4462 3243 4518 vocatus
3277 4462 3377 4519 est
3413 4473 3742 4535 nunquam
3778 4453 4204 4536 cogitaverat.

2272 4545 2402 4610 Illa
2457 4565 2614 4628 ergo
2659 4539 2935 4608 Davidis
2984 4539 3302 4621 superbia,
3358 4538 3474 4604 illa
3516 4538 3783 4618 malitia,
3827 4539 4001 4621 quod
4044 4559 4203 4608 oves

2272 4629 2537 4695 sedulus
2578 4626 2904 4711 pascebat,
2965 4625 3145 4690 nulla
3189 4625 3500 4690 vanitatis
3544 4624 3779 4690 ductus
3821 4624 4202 4709 cupiditate,

2273 4715 2386 4782 8811
2432 4735 2571 4792 8118,
2632 4714 2785 4779 licet
2827 4710 3076 4778 abiecta
3119 4720 3185 4776 et
3227 4710 3362 4785 vili,
3421 4708 3792 4775 conditione
3834 4718 4199 4778 contentus.

2271 4799 2407 4867 Sed
2450 4800 2595 4866 Deo
2637 4798 2886 4882 placuit
2926 4800 3142 4880 ipsum
3184 4795 3338 4860 inde
3380 4797 3461 4859 ad
3504 4793 3739 4860 solium
3784 4796 4036 4879 regium
4080 4817 4202 4862 ex·

2273 4887 2517 4952 tollere.
2606 4885 2785 4951 Hinc
2840 4892 3112 4966 apparet
3166 4881 3496 4964 improbos
3537 4900 3794 4962 semper
3836 4882 3904 4945 in
3951 4881 4198 4948 calum-

2271 4974 2416 5039 nias
2470 4987 2536 5037 et
2591 4968 2939 5036 maledicta
2991 4966 3310 5051 proclives
3367 4987 3537 5048 esse,
3597 4972 3665 5029 81
3718 4965 4200 5034 calumniarum

193 5066 267 5128 in
339 5064 560 5130 illum
612 5061 924 5144 producit,
975 5075 1041 5125 et
1084 5060 1212 5125 Dei
1257 5061 1506 5142 gratiae
1548 5080 1810 5126 cursum
1850 5080 1969 5143 pro
2016 5059 2170 5125 viri-
2271 5059 2665 5136 inventores,
2703 5055 2854 5123 licet
2889 5054 3073 5118 nulla
3107 5052 3263 5136 ipsis
3298 5053 3629 5117 occasione
3673 5050 3908 5118 oblata.
3975 5051 4199 5134 Quare

199 5149 329 5218 bus
372 5152 791 5233 abrumpere
827 5147 1092 5212 nititur:
1134 5146 1328 5211 etita
1362 5148 1436 5212 fit
1471 5155 1547 5211 ut
1590 5145 1747 5211 dum
1791 5143 2172 5211 mortalibus
2269 5145 2598 5230 patienter
2652 5143 2938 5208 feramus
2978 5137 3421 5222 improborum
3463 5136 3630 5217 odia,
3687 5157 3853 5219 quae
3897 5140 4201 5220 graviora

187 5240 535 5303 resistere
587 5256 704 5300 1108
746 5245 1054 5317 putamus
1097 5230 1411 5298 adversus
1454 5233 1666 5317 ipsum
1700 5232 1917 5298 Deum
1952 5230 2171 5297 insur-
2272 5229 2586 5299 adversus
2623 5249 2740 5295 nos
2774 5233 3201 5310 consurgunt,
3243 5222 3413 5308 quod
3446 5221 3637 5289 nobis
3668 5221 3968 5291 invident
4008 5224 4201 5305 dona,

425 5337 669 5395 Caluini
692 5351 875 5405 opera.
923 5337 1047 5393 Vol.
1069 5333 1266 5393 XXX.
3714 5322 3783 5377 14
