5059 6059
857 319 948 385 31

860 529 1216 575 conversus
1282 506 1364 572 ab
1428 507 1541 573 illo
1605 509 1937 592 suppetias
2005 514 2287 592 peteret:
2358 506 2463 571 vel
2519 506 2577 570 81
2633 506 2799 571 forte

863 595 1116 678 ingenti
1177 606 1350 659 metu
1411 607 1478 657 et
1536 594 1802 658 horrore
1862 593 2195 676 perculsus
2254 592 2334 657 ad
2381 592 2598 656 Deum
2645 610 2802 657 con·

863 681 1088 765 fugere
1148 700 1275 744 non
1339 680 1804 758 recordaretur,
1873 692 2061 763 parta
2117 679 2350 743 saltem
2412 678 2682 743 victoria
2737 688 2802 741 et

866 765 1203 832 debellatis
1257 764 1576 843 hostibus,
1644 764 1786 830 Deo
1845 765 1962 830 soli
2009 765 2286 849 gloriam
2332 763 2620 828 tribuere
2663 783 2799 826 me-

864 852 1166 917 minisset
1230 853 1433 915 totins
1500 852 1830 928 victoriae,
1920 871 2000 915 ne
2061 872 2256 934 quam
2321 851 2444 915 sibi
2505 849 2801 914 homines

865 950 1119 1022 partem
1198 936 1412 1002 laudis
1496 937 1932 1002 vendicarent.
2021 936 2249 1019 Neque
2318 938 2492 999 enim
2563 936 2803 999 frustra

866 1025 1032 1089 dixit
1073 1023 1407 1106 propheta,
1450 1021 1672 1086 Deum
1716 1044 1843 1087 non
1886 1022 2190 1088 delectari
2235 1023 2382 1104 equi
2421 1020 2802 1085 fortitudine

865 1109 1036 1192 quod
1089 1110 1286 1173 etiam
1345 1108 1715 1173 hominibus
1767 1110 1997 1174 merito
2057 1128 2398 1190 possumus
2455 1107 2801 1189 applicare.

867 1195 1144 1260 Minime
1208 1193 1276 1258 id
1336 1193 1596 1276 quidem
1657 1195 1842 1276 quasi
1904 1194 2084 1258 Deus
2127 1214 2292 1276 opus
2336 1213 2527 1258 suum
2574 1192 2801 1256 oderit.

865 1281 1039 1346 Nam
1107 1280 1163 1345 si
1225 1281 1408 1344 fortis
1466 1300 1671 1362 equus
1728 1294 1795 1344 et
1853 1279 2158 1345 robustus
2202 1279 2393 1344 nobis
2434 1280 2802 1360 contigerit,

868 1387 1027 1431 8888
1084 1386 1427 1449 possumne
1471 1384 1547 1429 eo
1591 1364 1673 1429 ad
1721 1386 1824 1430 res
1868 1366 2262 1430 necessarias
2306 1364 2435 1428 uti:
2497 1373 2564 1429 81
2606 1364 2660 1429 81
2710 1364 2803 1427 vi-

871 1452 1053 1517 ribus
1111 1452 1390 1535 praediti
1446 1464 1603 1517 sunt
1649 1451 1963 1534 homines,
2019 1449 2147 1516 Dei
2193 1450 2432 1515 donum
2477 1470 2620 1515 esse
2663 1468 2800 1513 cer-

865 1550 1011 1603 tum
1099 1548 1215 1615 est‚
1306 1536 1574 1600 minime
1637 1536 2204 1601 contemnendum.
2293 1535 2427 1601 Sed
2495 1536 2799 1617 quoniam

865 1623 1189 1709 proclives
1274 1643 1503 1688 sumus
1578 1621 1658 1685 ad
1741 1620 2159 1687 ambitionem
2228 1635 2293 1686 et
2360 1622 2800 1704 arrogantiam

861 1709 1098 1775 mediis
1140 1707 1502 1775 istiusmodi
1548 1709 1868 1783 exornati,
1917 1724 1988 1771 ut
2035 1708 2219 1773 nobis
2267 1706 2608 1771 videamur
2643 1706 2803 1771 satis

863 1817 952 1861 ex
997 1794 1181 1860 nobis
1219 1794 1377 1877 ipsis
1420 1792 1620 1859 validi
1667 1793 1747 1857 ad
1797 1815 1912 1857 nos
1959 1792 2297 1858 tutandos:
2359 1793 2600 1857 idcirco
2645 1791 2804 1858 dici-

868 1892 980 1946 tur
1022 1880 1210 1945 Deus
1253 1879 1385 1944 illis
1429 1878 1658 1943 mediis
1694 1900 1825 1943 non
1863 1878 2201 1944 delectari:
2245 1900 2328 1943 ne
2364 1879 2431 1942 in
2470 1877 2602 1943 illis
2636 1876 2802 1941 fidu-

866 1969 1036 2035 ciam
1097 1973 1383 2031 nostram
1437 1963 1826 2031 collocemus
1881 1973 1945 2028 et
2004 1965 2518 2046 acquiescamus:
2574 1963 2686 2028 sed
2735 1974 2806 2028 81

867 2052 953 2118 ad
1009 2051 1227 2116 Deum
1285 2051 1735 2150 confugient-es
1796 2050 1877 2115 ab
1931 2049 2046 2114 illo
2090 2049 2226 2115 8010
2271 2048 2548 2115 salutem
2594 2070 2807 2132 spere-

869 2160 1037 2215 mus,
1097 2148 1163 2202 et
1220 2137 1291 2201 in
1335 2157 1513 2201 omni
1558 2135 1924 2200 humilitate
1967 2135 2152 2200 illum
2198 2136 2583 2200 invocantes
2627 2133 2805 2199 debi-

868 2234 1011 2289 tum
1073 2222 1383 2288 honorem
1446 2219 1812 2286 reddamus.
1903 2221 2107 2286 Porro
2163 2222 2379 2286 Deum
2426 2221 2805 2285 ardentibus

870 2322 941 2374 et
981 2310 1249 2374 sinceris
1295 2306 1590 2391 precibus
1635 2308 2052 2390 interpellare
2097 2328 2224 2371 non
2273 2326 2632 2389 possumus,
2679 2305 2804 2370 nisi

871 2397 942 2460 in
1003 2393 1339 2477 angustias
1399 2393 1643 2457 redacti
1702 2393 2019 2459 fuerimus
2072 2402 2138 2458 et
2181 2394 2465 2475 inopiam
2511 2402 2803 2456 nostram

871 2480 1289 2545 senserimus.
1390 2478 1561 2543 Nam
1637 2478 1693 2543 si
1775 2478 1967 2544 rebus
2043 2475 2345 2543 omnibus
2423 2477 2805 2543 necessariis

871 2564 1179 2631 instructi
1245 2563 1429 2629 nobis
1494 2562 1851 2643 videamur,
1923 2574 1989 2629 et
2053 2564 2193 2628 voti
2258 2564 2411 2629 facti
2476 2572 2805 2645 compotes

874 2651 1098 2716 omnia
1156 2672 1238 2715 ex
1297 2649 1501 2714 animi
1559 2651 1887 2715 sententia
1945 2647 2310 2727 succedant,
2379 2648 2597 2714 Deum
2656 2648 2807 2714 licet

867 2757 1230 2821 precemur,
1277 2755 1408 2799 non
1453 2734 1625 2800 serio
1661 2735 1898 2800 affectu
1937 2736 2229 2814 facimus,
2272 2733 2386 2799 sed
2427 2746 2687 2799 tantum
2722 2755 2803 2799 ex

871 2842 1055 2888 more
1098 2831 1166 2886 et
1207 2821 1334 2886 ritu
1380 2819 1658 2903 quodam
1707 2830 1999 2885 externo.
2088 2819 2502 2903 Quapropter
2546 2841 2806 2886 necesse

872 2917 981 2975 881
1021 2927 1142 2972 808
1188 2905 1380 2972 rebus
1424 2905 1728 2971 omnibus
1771 2904 2056 2987 destitui,
2101 2927 2177 2971 eo
2219 2927 2423 2989 usque
2467 2916 2543 2970 ut
2585 2905 2807 2988 inopia

873 3016 992 3060 nos
1050 2991 1136 3058 ad
1190 2992 1408 3057 Deum
1470 2991 1762 3069 deducat,
1829 3002 2012 3057 tanta
2053 2990 2310 3075 quidem
2357 2991 2563 3057 animi
2609 2992 2807 3058 vehe-

871 3080 1140 3159 mentia,
1184 3089 1257 3143 ut
1299 3078 1424 3161 ipsi
1468 3075 1753 3144 debitum
1802 3077 2115 3143 honorem
2149 3076 2526 3143 reddamus:
2572 3085 2640 3142 et
2676 3097 2805 3141 non

872 3174 1135 3233 tantum
1178 3185 1289 3229 ore
1331 3161 1445 3229 sed
1467 3164 1701 3246 reipsa
1743 3173 1812 3228 et
1854 3186 1937 3228 ex
1981 3165 2199 3228 animo
2241 3165 2666 3247 profiteamur
2707 3183 2806 3229 sa-

869 3252 1078 3318 lutem
1135 3258 1423 3316 nostram
1469 3248 1552 3313 ab
1597 3248 1708 3314 illo
1751 3249 1886 3314 solo
1928 3248 2230 3333 pendere,
2295 3250 2435 3315 sine
2476 3248 2664 3316 cuius
2707 3247 2802 3313 fa·

873 3359 1031 3405 vore
1073 3348 1141 3402 et
1183 3334 1638 3403 benevolentia
1683 3341 1906 3400 nostra
1949 3335 2123 3401 salus
2157 3334 2579 3417 periclitetur,
2624 3344 2692 3398 et
2726 3332 2805 3399 de

874 3423 1065 3489 nobis
1118 3423 1212 3488 sic
1255 3430 1471 3488 actum
1516 3421 1624 3504 sit,
1685 3429 1760 3484 ut
1799 3420 1984 3485 nulla
2026 3420 2202 3485 salus
2242 3440 2583 3504 superesse
2624 3419 2806 3483 vide·

877 3519 1045 3575 atur.
1134 3506 1576 3588 Quamobrem
1644 3506 1912 3570 minime
1968 3503 2236 3570 dubium
2281 3515 2381 3571 est
2422 3506 2582 3589 quin
2630 3506 2807 3571 Deus

879 3594 1163 3660 voluerit
1226 3591 1542 3675 populum
1609 3611 1800 3657 suum
1863 3592 2183 3656 inermem
2246 3613 2405 3666 esse,
2484 3601 2550 3655 et
2614 3591 2808 3656 rebus

881 3680 1186 3745 omnibus
1243 3679 1323 3742 ad
1369 3678 1609 3742 iustam
1654 3676 2097 3742 defensionem
2142 3697 2446 3756 vacuum,
2505 3686 2582 3741 ut
2624 3675 2807 3741 dein-

878 3786 1029 3847 ceps
1097 3764 1366 3828 victoria
1424 3761 1505 3827 de
1559 3760 1853 3828 hostibus
1911 3764 2166 3846 insigne
2209 3771 2382 3828 essct
2423 3762 2807 3845 trophaeum

882 3863 951 3916 et
1009 3860 1506 3914 monumentum
1568 3847 1766 3912 oblati
1827 3869 1866 3912 a
1924 3849 2067 3913 Deo
2124 3868 2159 3912 8
2202 3848 2398 3914 008118
2437 3847 2683 3927 auxilii,
2744 3859 2809 3912 et

880 3936 1091 4017 erepti
1146 3933 1364 4018 populi
1425 3933 1564 3999 8018
1607 3934 1732 3998 Ῑ)81
1777 3935 2022 3999 virtute
2065 3943 2131 3999 et
2174 3935 2462 4015 potentia
2503 3956 2540 3998 e
2584 3934 2810 3999 mortis

876 4022 1192 4096 faucibus,
1282 4018 1453 4102 quod
1548 4040 1730 4102 spem
1808 4040 2068 4084 omnem
2148 4019 2375 4084 salutis
2453 4019 2809 4085 abiecisset.

880 4108 1230 4176 Caeterum
1275 4105 1692 4170 observemus
1736 4116 1984 4187 quanta
2026 4106 2097 4169 in
2139 4105 2266 4170 isto
2312 4105 2547 4188 populo
2592 4126 2809 4169 rerum

882 4197 1176 4261 omnium
1219 4204 1388 4257 esset
1430 4190 1738 4267 confusio,
1783 4212 1982 4273 quum
2032 4191 2155 4256 Dei
2201 4191 2420 4257 hostes
2455 4200 2704 4255 tantam
2742 4191 2811 4254 in

887 4279 1199 4366 populum
1261 4293 1288 4341 t
1334 4273 1674 4341 rannidem
1733 4288 2128 4352 exercerent,
2188 4286 2264 4340 ut
2307 4276 2561 4342 miseris
2603 4276 2812 4341 homi-

888 4366 1082 4431 nibus
1147 4385 1233 4428 ne
1316 4363 1515 4429 iceret
1572 4361 1832 4444 quidem
1892 4360 1975 4426 ad
2029 4362 2463 4428 conficiendos
2523 4383 2812 4427 vomeres

889 4463 1008 4517 aut
1044 4451 1299 4534 ligones
1343 4468 1512 4524 8808,
1557 4455 1671 4511 881
1714 4467 1970 4512 secures
2013 4468 2186 4526 snas,
2229 4459 2344 4512 aut
2387 4456 2587 4527 rutra,
2633 4446 2812 4512 deni·

889 4557 1016 4621 que
1061 4535 1429 4602 necessaria
1470 4532 1690 4598 omnia
1731 4533 2169 4598 instrumenta
2211 4533 2291 4598 ad
2331 4541 2573 4598 terram
2607 4534 2814 4599 colen·

892 4624 1066 4701 dam,
1120 4631 1235 4686 aut
1287 4621 1415 4685 alia
1473 4618 1554 4683 ad
1613 4616 1997 4684 domesticos
2041 4639 2198 4683 usus
2238 4619 2675 4684 instrumenta
2716 4618 2815 4683 fa·

893 4708 1047 4774 bros
1092 4707 1351 4786 habere,
1395 4704 1555 4770 adeo
1599 4713 1673 4768 ut
1709 4703 1889 4787 ligna
1924 4703 2218 4769 scindere
2254 4704 2380 4769 nisi
2414 4705 2816 4770 commodato

893 4793 1180 4877 acceptis
1225 4790 1559 4858 securibus
1602 4809 1736 4854 non
1772 4798 2068 4874 possent:
2110 4799 2176 4854 et
2209 4792 2573 4855 necessario
2606 4811 2645 4854 a
2679 4791 2817 4856 suis

892 4880 1190 4946 hostibus
1227 4879 1513 4962 accipere
1548 4885 1955 4959 cogerentur,
1993 4897 2031 4940 a
2066 4874 2300 4958 quibus
2333 4886 2552 4941 tamen
2575 4876 2818 4942 centies

894 4966 1132 5030 millies
1176 4965 1347 5031 caesi
1393 4962 1736 5047 periissent
1779 4962 1835 5026 81
1870 4960 2053 5026 Deus
2089 4960 2505 5045 permisisset.
2595 4960 2819 5042 Quum

893 5051 1096 5136 igitur
1153 5052 1225 5115 in
1267 5058 1485 5115 tantas
1529 5047 1863 5131 angustias
1907 5047 2237 5114 redactum
2280 5046 2574 5112 videmus
2618 5068 2817 5130 popu-

898 5136 1034 5201 lum
1091 5136 1278 5201 illum
1336 5155 1375 5198 a
1416 5134 1562 5199 Deo
1604 5132 1904 5212 electum,
1956 5141 2022 5197 et
2062 5131 2275 5198 solum
2320 5132 2386 5196 in
2433 5142 2567 5197 toto
2611 5144 2817 5197 terra·

898 5242 1046 5288 rum
1093 5222 1248 5287 orbe
1291 5221 1356 5285 in
1402 5240 1528 5302 quo
1572 5218 1697 5283 Dei
1741 5238 1980 5283 nomen
2023 5217 2439 5284 invocabatur
2480 5226 2544 5283 et
2588 5217 2814 5283 adora-

2479 314 2889 383 HOMILIA
2928 315 3221 382 XLVII.
4695 323 4751 388 32

2905 506 3127 572 batur:
3190 504 3518 572 discamus
3582 507 3759 572 111188
3823 507 4120 590 exemplo
4180 506 4451 571 minime
4506 508 4689 573 mirari
4720 513 4759 576 si

2903 612 3371 674 nonnunquam
3416 593 3599 658 Dens
3642 593 3965 676 permittit
4010 614 4132 657 nos
4165 592 4249 656 ab
4282 592 4564 657 hostibus
4592 598 4761 675 premi,

2904 693 2970 743 et
3011 678 3083 741 in
3126 688 3493 742 extremum
3537 680 3763 744 venire
3800 679 4148 743 discrimen
4185 692 4261 743 ut
4294 679 4523 743 millies
4554 682 4764 761 perituri

2904 761 3261 841 videamur,
3318 774 3384 828 et
3437 785 3691 829 summo
3752 764 4065 830 dedecore
4121 774 4189 828 et
4243 766 4589 848 ignominia
4620 766 4764 831 obre·

2903 850 3073 913 endi.
3163 849 3365 926 Haec,
3438 850 3725 932 inquam,
3788 853 4006 915 omnia
4066 851 4119 915 si
4179 851 4365 915 nobis
4423 852 4769 934 contigerint,

2904 955 3332 1019 agnoscamus
3390 937 3519 999 iam
3579 935 3733 1000 olim
3796 935 3963 1000 hanc
4021 936 4219 1001 fuisse
4264 935 4563 1002 ecclesias
4599 936 4769 1002 condi-

2906 1023 3166 1095 tionem,
3226 1020 3369 1085 Deo
3432 1022 3672 1105 partim
3733 1023 3826 1086 ita
3886 1023 4195 1104 puniente
4254 1032 4515 1102 peccata
4566 1021 4771 1088 illorum

2904 1108 3019 1189 qui
3064 1107 3302 1190 ingrati
3351 1107 3419 1171 in
3466 1107 3679 1189 ipsum
3728 1108 4001 1184 fuerant,
4048 1119 4111 1171 et
4147 1109 4555 1171 immemores
4588 1107 4772 1173 benefi-

2903 1193 3149 1257 ciorum
3215 1192 3295 1257 ab
3352 1194 3493 1274 ipso
3550 1205 3996 1276 acceptorum:
4105 1194 4299 1257 artim
4358 1196 4551 1258 etiam
4603 1214 4775 1258 eorum

2905 1279 3289 1361 patientiam
3330 1277 3734 1360 explorante,
3777 1280 3889 1361 qui
3932 1277 4059 1343 fide
4091 1282 4212 1343 'ter
4245 1280 4458 1362 ipsum
4501 1280 4779 1344 coluerunt

2905 1377 2971 1430 et
3050 1363 3471 1428 honorarunt.
3560 1364 3688 1431 Hic
3762 1365 3981 1448 itaque
4046 1375 4352 1448 tanquam
4422 1366 4493 1429 in
4556 1366 4778 1444 imagine

2904 1450 3061 1514 viva
3097 1449 3248 1515 licet
3282 1449 3588 1515 ecclesiae
3621 1449 4058 1516 conditionem
4094 1451 4541 1534 contemplari,
4584 1450 4780 1532 quoties

2904 1535 3085 1600 illam
3145 1534 3312 1600 serio
3367 1536 3711 1620 explorare
3764 1535 3909 1600 Deo
3972 1536 4178 1601 visum
4241 1548 4359 1600 est.
4447 1535 4619 1616 Quid
4668 1557 4780 1600 vero

2905 1621 2986 1686 de
3050 1619 3253 1687 Saule
3318 1619 3629 1698 dicemus,
3697 1623 3808 1703 qni
3873 1643 4001 1686 non
4052 1622 4139 1686 ita
4185 1621 4436 1704 pridem
4484 1624 4783 1687 exercitum

2903 1707 3255 1787 collegerat
3299 1715 3660 1772 tercentum
3711 1707 3888 1772 mille
3927 1707 4284 1787 hominum,
4329 1708 4456 1771 iam
4498 1729 4645 1772 vere
4672 1707 4785 1771 solis

2905 1794 3232 1858 sexcentis
3311 1791 3687 1857 hominibus
3766 1793 4064 1876 stipatur.
4155 1792 4450 1857 Profecto
4535 1793 4786 1857 historiae

2905 1877 3097 1943 fidem
3135 1878 3385 1942 faciunt
3421 1891 3567 1960 post
3602 1879 3931 1963 ingentem
3968 1892 4254 1962 stragem
4278 1878 4583 1957 militum,
4616 1894 4783 1942 tamen

2904 1966 3329 2046 imperatores
3406 1964 3681 2046 receptis
3756 1963 4077 2030 militibus
4154 1964 4571 2028 autoritatem
4644 1984 4788 2028 susm

2905 2049 3286 2114 retinuisse:
3329 2060 3399 2114 et
3442 2049 3593 2114 licet
3637 2066 3845 2114 morte
3889 2063 4043 2115 ante
4084 2049 4307 2115 oculos
4351 2062 4665 2125 versante,
4702 2050 4788 2113 mi·

2906 2135 3053 2200 lites
3117 2156 3307 2200 suum
3354 2136 3809 2218 imperatorem
3856 2156 4191 2218 uunquam
4240 2132 4622 2201 deseruisse.
4695 2134 4789 2199 ffio

2907 2240 3061 2287 vero
3129 2220 3278 2285 licet
3346 2219 3636 2286 nondum
3700 2221 4005 2287 fecissent
4071 2221 4291 2286 hostes
4353 2223 4684 2305 impetum,
4748 2234 4791 2285 st

2907 2306 3067 2372 Saul
3136 2304 3291 2371 tuba
3357 2306 3595 2372 milites
3661 2308 4032 2384 excivisset,
4094 2307 4203 2389 qui
4273 2328 4515 2389 magno
4572 2325 4790 2370 numero

2908 2392 3190 2477 primum
3235 2391 3658 2471 advenerant,
3703 2406 3922 2458 tamen
3966 2395 4206 2458 sensim
4253 2391 4494 2475 dilapsi
4538 2405 4698 2463 sunt.
4742 2404 4793 2455 ut

2907 2478 3192 2560 reliquos
3256 2486 3515 2542 tantum
3576 2479 3873 2544 homines
3927 2490 4266 2546 sexcentos
4310 2478 4475 2544 Saul
4526 2478 4791 2542 habnt-nt

2912 2562 3061 2642 Sed,
3122 2563 3403 2641 obsecro,
3463 2583 3660 2645 quam
3720 2573 3981 2648 paratos
4022 2576 4091 2630 et
4132 2565 4493 2630 instructos
4534 2563 4615 2628 ad
4655 2583 4797 2647 prae·

2909 2647 3118 2714 lium?
3208 2648 3307 2713 Ne
3368 2670 3538 2714 unus
3591 2649 3849 2731 quidem
3907 2648 4216 2732 gladium,
4271 2661 4386 2714 ant
4430 2649 4677 2714 hastam
4712 2647 4796 2712 hs·

2909 2735 3052 2800 buit
3115 2756 3245 2817 qua
3303 2755 3375 2799 88
3433 2746 3757 2800 tueretur:
3825 2735 3995 2800 solas
4052 2754 4311 2801 secures
4370 2747 4491 2800 ant
4544 2734 4795 2801 stimulos

2909 2820 3145 2904 quibus
3203 2819 3534 2885 fodiantur
3590 2820 3784 2886 boves
3843 2820 4126 2902 reliquos
4183 2821 4534 2886 habebant.
4622 2820 4796 2901 Quare

2909 2910 3269 2972 maximum
3329 2905 3436 2971 hic
3496 2903 3714 2972 Saulis
3764 2918 4094 2991 stuporem
4134 2906 4557 2990 inspicimus:
4616 2903 4797 2970 deiude

2908 2994 3106 3058 etiam
3165 3001 3426 3074 turpem
3483 2992 3706 3075 populi
3764 2993 3983 3076 fugam
4028 3002 4094 3057 et
4136 2991 4635 3074 dissipationem
4672 3012 4798 3058 sum·

2909 3100 3210 3161 mamque
3253 3098 3476 3142 rerum
3518 3078 3993 3144 confusionem:
4038 3077 4572 3162 quandoquidem
4607 3078 4680 3143 de
4708 3075 4797 3140 Dei

2908 3164 3152 3229 auxilio
3217 3182 3347 3227 non
3413 3164 3795 3247 cogitantes,
3862 3164 3976 3229 alii
4037 3164 4105 3229 in
4172 3185 4207 3230 s
4290 3165 4549 3243 luncas,
4614 3164 4712 3230 alii
4754 3163 4800 3225 is

2908 3250 3245 3329 cisternas,
3310 3248 3422 3314 alii
3486 3250 3555 3314 in
3622 3250 3843 3335 sylvas
3906 3271 4048 3315 sese
4104 3250 4184 3315 ab
4236 3248 4527 3330 derunt,
4592 3264 4654 3315 et
4690 3266 4800 3330 qus·

2906 3355 3165 3418 cunque
3210 3335 3460 3400 ratione
3501 3335 3627 3401 sibi
3670 3336 4176 3402 consuluerunt:
4237 3357 4363 3419 080
4409 3337 4588 3403 facto
4629 3331 4801 3400 testati

2907 3431 3064 3487 sunt
3134 3443 3204 3487 se
3269 3418 3464 3485 fidem
3532 3441 3792 3486 omnem
3858 3432 3925 3486 et
3986 3442 4171 3505 spem
4237 3422 4472 3487 salutis
4539 3434 4800 3504 tanquan

2910 3508 3102 3573 rebus
3158 3505 3516 3589 desperatis
3559 3508 3920 3590 proiecisse.
4007 3507 4199 3588 Quae
4242 3528 4445 3590 quum
4494 3510 4801 3577 intuemur.

2909 3593 3251 3668 discamus,
3318 3600 3392 3656 ut
3458 3603 3612 3656 ante
3674 3593 3917 3669 monui,
3983 3595 4078 3657 sic
4143 3593 4212 3657 in
4272 3594 4494 3658 Deum
4544 3592 4800 3658 fiduciam

2911 3688 3199 3743 nostram
3259 3677 3594 3757 collocare,
3655 3689 3729 3741 nt
3771 3698 3973 3760 quum
4019 3699 4123 3742 res
4168 3689 4429 3743 nostrae
4478 3678 4801 3762 deploratae

2912 3762 3322 3842 videbuntur,
3386 3773 3450 3828 et
3512 3762 3730 3828 hostes
3787 3761 4039 3829 viribus
4099 3784 4217 3828 808
4277 3763 4478 3848 longe
4523 3781 4802 3847 superare.

2911 3861 3132 3914 tamen
3190 3870 3319 3913 non
3378 3847 3753 3915 desinamus
3808 3869 4070 3933 sperare
4124 3848 4252 3914 Dei
4298 3849 4622 3914 virtutem
4664 3844 4801 3912 {aess-

2911 3936 3067 3999 lime
3109 3932 3420 4017 quidquid
3466 3936 3864 3999 contrarium
3901 3934 4087 3999 nobis
4122 3935 4318 4000 fuerit
4352 3946 4803 4019 superaturam:

2911 4020 3432 4103 quandoquidem
3478 4021 3709 4086 mortis
3753 4020 3969 4086 exitus
4013 4019 4212 4085 habet
4251 4020 4323 4084 in
4369 4028 4718 4104 potestate:
4753 4034 4801 4078 ne

2911 4105 3182 4188 proinde
3270 4106 3421 4172 licet
3503 4107 3683 4171 mille
3759 4107 3989 4172 mortis
4065 4105 4445 4170 discrimina
4522 4107 4804 4190 ingruant

2916 4193 3131 4257 Deum
3178 4201 3399 4257 tamen
3445 4192 3634 4259 facile
3677 4192 3980 4257 omnibus
4013 4213 4433 4258 occursurum
4473 4206 4545 4258 et
4579 4214 4661 4257 ex
4688 4186 4805 4271 ipsiu

2913 4277 3198 4360 sepulcri
3241 4277 3532 4343 faucibus
3582 4297 3735 4343 suos
3800 4279 4208 4343 educturum.
4280 4278 4453 4344 Nam
4494 4298 4665 4362 0888
4694 4274 4805 4341 clim

2914 4363 3236 4428 Israelitis
3301 4363 3383 4428 de
3450 4364 3571 4429 hac
3635 4385 3707 4428 re
3771 4363 3981 4429 factae
4043 4373 4201 4429 sunt
4258 4365 4717 4447 promissiones
4748 4354 4803 4422 ad

2914 4470 3035 4514 808
3092 4450 3289 4514 811818
3351 4449 3703 4533 pertinent.
3792 4448 3973 4515 Sane
4030 4448 4393 4515 Zachariae
4451 4446 4803 4532 temporibus

2916 4535 3123 4599 tristis
3167 4555 3386 4600 rerum
3436 4535 3503 4598 in
3545 4534 3788 4601 Israele
3827 4535 4024 4601 facies
4058 4544 4217 4619 erat,
4282 4556 4674 4620 summaque
4702 4550 4805 4616 pc*

2916 4621 3220 4686 turbatio.
3305 4620 3477 4685 Nam
3536 4620 3709 4687 facta
3763 4620 4026 4703 quidem
4064 4631 4210 4685 erat
4251 4623 4496 4705 populo
4542 4612 4805 4686 redeundi

2914 4716 3221 4789 potestas,
3282 4716 3350 4770 et
3406 4705 3635 4771 urbem
3692 4707 3901 4790 ipsam
3947 4707 4393 4790 templumque
4436 4706 4568 4773 Dei
4610 4716 4805 4771 resm-

2916 4791 3138 4857 randi:
3207 4792 3319 4857 sed
3366 4802 3585 4856 tamen
3630 4790 3915 4875 undique
3957 4803 4369 4874 premuntur.
4460 4793 4551 4857 Et
4594 4788 4799 4874 quidem

2917 4898 3141 4942 eorum
3223 4887 3525 4961 respectu
3607 4878 3719 4961 qui
3782 4878 3850 4942 in
3920 4876 4355 4963 Babyloniam
4427 4870 4801 4959 mnspomti

2919 4963 3177 5028 fuerant
3219 4973 3284 5028 et
3319 4964 3389 5027 in
3426 4963 3828 5029 Chaldaeam
3864 4972 3930 5029 et
3962 4963 4124 5029 alias
4162 4965 4466 5049 regiones
4498 4958 4801 5028 oriental-

2920 5049 3195 5132 dispersi
3237 5049 3513 5114 minima
3559 5069 3709 5131 pars
3752 5059 3896 5115 erat
3937 5071 4218 5116 reversa.
4304 5050 4400 5116 Et
4442 5049 4693 5133 quidem
4723 5062 4803 5139 ¹¹¹3·

2921 5143 3060 5199 tum
3124 5144 3226 5200 est
3280 5136 3486 5200 factas
3528 5135 3662 5200 illis
3703 5136 4166 5218 promissiones
4210 5136 4429 5202 Deum
4470 5156 4683 5201 semen
4719 5130 4803 5195 ah·

2919 5220 3092 5303 quod
3136 5221 3298 5305 ipsis
3341 5230 3854 5301 reservatumm,
3899 5229 3967 5286 et
4006 5222 4331 5307 reliquam
4376 5221 4654 5304 aliquam
4688 5234 4800 5301 ptr·
