5059 6059
247 316 359 385 245
1518 317 1616 382 IN
1660 317 1713 383 I.
1760 315 1935 383 LIB.
1984 314 2385 386 SAMUEL.
2433 317 2634 385 CAP.
2677 316 2908 384 XVII.
4071 316 4201 392 246

235 505 588 593 praesertim
634 526 840 589 quum
887 518 1076 592 urget
1118 506 1518 574 conscientia
1539 557 1554 580 ‚
1615 514 1683 570 et
1723 514 1887 589 quot
1924 526 2149 589 pecca-

233 607 428 659 torum
469 610 686 657 coram
732 594 874 658 Deo
917 595 1013 658 rei
1057 593 1280 671 simus,
1327 613 1617 676 quasque
1650 612 1891 675 poenas
1935 592 2150 657 meriti

238 680 422 746 simus
462 677 888 756 attendimus,
934 691 1000 744 et
1041 690 1200 763 quot
1244 680 1532 744 rationes
1577 676 1815 742 habeat
1859 700 1987 742 non
2035 699 2149 761 pn-

233 763 467 841 niendi,
524 784 686 845 quas
731 777 1044 846 tanquam
1087 767 1362 848 sagittas
1407 763 1612 830 thecis
1655 764 1791 828 suis
1834 764 2147 847 continet,

233 869 489 934 quarum
546 850 844 914 infinitus
887 864 986 916 est
1027 871 1358 926 numerus,
1417 870 1635 914 nonne
1692 848 1851 914 satis
1909 869 2148 933 magna

229 937 399 1001 nobis
452 933 724 1000 offertur
781 956 975 1002 curae
1032 944 1099 1001 et
1155 934 1611 1002 sollicitudinis
1681 937 1950 1018 occasio,
2013 955 2147 999 non

228 1018 468 1105 quidem
513 1041 642 1103 qua
677 1021 1051 1102 obruamur,
1095 1022 1205 1087 sed
1246 1043 1372 1105 qua
1410 1021 1732 1088 cautiores
1773 1020 2028 1100 fiamus,
2075 1028 2148 1085 ut

226 1108 292 1172 in
314 1107 541 1171 timore
562 1105 689 1170 Dei
710 1107 981 1173 sollicite
1016 1109 1442 1181 ambulemus,
1488 1126 1769 1189 eumque
1803 1127 2146 1189 precemur

225 1205 293 1258 ut
334 1192 532 1256 nostri
580 1193 984 1271 misereatur,
1028 1205 1096 1258 et
1141 1214 1257 1259 nos
1291 1192 1374 1257 ab
1408 1192 1684 1258 infinitis
1721 1191 1948 1256 mortis
1982 1194 2149 1275 peri-

225 1278 381 1342 culis
420 1278 660 1360 quibus
701 1279 1184 1345 circumdamur
1237 1276 1587 1362 protegat?
1676 1276 1899 1359 Quare
1942 1298 2144 1360 quum

220 1363 483 1448 improbi
530 1364 624 1429 sic
667 1364 1035 1448 gloriantur
1076 1377 1144 1431 et
1184 1384 1409 1431 secure
1453 1365 1690 1429 vivunt
1733 1385 1808 1428 ac
1853 1364 1922 1427 in
1967 1364 2144 1428 vitiis

220 1449 619 1527 indurantur,
686 1451 873 1532 quasi
931 1451 1155 1515 foedus
1208 1471 1356 1515 cum
1432 1461 1642 1514 morte
1713 1456 1782 1514 et
1846 1449 2144 1531 sepulcro

218 1534 629 1619 pepigissent,
685 1546 761 1601 ut
807 1536 1092 1619 loquitur
1133 1536 1342 1602 Isaias
1400 1535 1739 1619 propheta,
1794 1546 1862 1599 et
1920 1533 2145 1599 viden-

220 1633 321 1684 tur
381 1621 602 1704 ipsum
669 1619 889 1687 Deum
953 1622 1273 1688 lacessere
1339 1623 1522 1703 quasi
1600 1621 1949 1686 inermem:
2030 1629 2148 1685 aut

214 1706 387 1790 quasi
450 1707 708 1788 possint
762 1709 967 1791 ipsius
1019 1728 1254 1773 manus
1297 1707 1616 1790 effugere:
1673 1707 1820 1789 quis
1877 1706 2147 1771 miretur

214 1812 318 1857 eos
379 1792 684 1858 incautos
751 1813 791 1858 a
858 1794 997 1859 Deo
1062 1792 1493 1878 deprehendi;
1560 1805 1627 1857 et
1692 1812 1894 1874 quum
1960 1800 2148 1856 extra

214 1898 467 1941 omnem
543 1878 752 1943 aleam
813 1899 954 1944 esse
1021 1878 1143 1945 sibi
1202 1878 1616 1954 videbuntur,
1685 1877 1767 1942 ad
1826 1878 2146 1942 rationem

211 1963 378 2027 vitae
416 1962 818 2029 reddendam
864 1963 1059 2049 adigi,
1121 1975 1190 2030 et
1233 1977 1545 2047 tanquam
1590 1964 1860 2028 fulmine
1904 1963 2147 2047 incogi-

212 2057 418 2112 tantes
505 2048 742 2115 obrui?
866 2050 1045 2115 'Palis
1110 2049 1237 2114 fuit
1296 2052 1483 2115 istius
1549 2049 1843 2116 Goliathi
1908 2048 2149 2113 exitus.

206 2131 393 2214 Quod
459 2147 689 2199 autem
744 2134 1046 2202 adiicitur
1091 2135 1412 2202 Davidem
1472 2156 1673 2218 quum
1727 2132 1928 2199 funda
1971 2140 2146 2204 iacu-

204 2219 370 2284 latus
406 2221 754 2305 gigantem
800 2220 1137 2287 deiecisset
1184 2221 1440 2286 nullum
1488 2222 1792 2287 habuisse
1837 2219 2148 2303 gladium,

203 2305 410 2390 magis
479 2328 560 2372 ao
630 2307 838 2390 magis
903 2307 1087 2373 nobis
1153 2306 1601 2372 admirandam
1650 2306 1773 2372 Dei
1835 2309 2149 2370 virtutem

204 2390 782 2475 contemplandam
839 2402 1151 2476 tanquam
1206 2392 1278 2456 in
1338 2392 1599 2476 speculo
1655 2392 1955 2468 exhibet,
2023 2410 2151 2474 qua

197 2477 523 2559 populum
589 2499 783 2543 suum
841 2478 911 2542 in
953 2498 1243 2543 summas
1287 2479 1626 2562 angustias
1671 2478 2023 2553 redactum,
2083 2486 2150 2539 et

199 2564 382 2645 quasi
468 2563 932 2645 desperantem
1013 2564 1094 2630 de
1171 2564 1415 2641 salute,
1505 2563 1826 2629 liberavit.
1952 2560 2148 2643 Quod

199 2648 371 2713 enim
420 2650 824 2713 nominatim
867 2670 995 2725 non
1041 2650 1456 2733 exprimitur,
1501 2650 1687 2715 facile
1720 2660 1940 2714 tamen
1971 2646 2149 2713 colli-

196 2735 395 2816 gitur.
490 2734 674 2799 Nam
732 2735 790 2800 si
846 2734 1088 2800 dicam:
1150 2735 1468 2801 Immanis
1527 2735 1713 2820 gigas
1771 2735 1852 2799 ab
1896 2733 2147 2797 adoles·

195 2833 382 2884 conte
426 2830 788 2904 superatus
832 2831 963 2885 est:
1028 2831 1258 2903 potens
1314 2820 1428 2886 ille
1486 2830 1552 2885 et
1610 2821 1916 2886 robustus
1960 2818 2148 2884 miles

196 2926 234 2969 a
260 2906 518 2971 rustico
568 2906 993 2972 inexercitato
1037 2919 1104 2972 et
1147 2908 1343 2990 longe
1380 2906 1636 2989 impari,
1684 2905 2149 2987 cataphractus

191 2991 401 3066 miles,
450 2993 572 3075 qui
620 2992 746 3055 fuit
789 3014 960 3058 unus
1001 2993 1214 3059 instar
1255 2991 1747 3077 propugnaculi,
1793 2991 1873 3056 ab
1908 2990 2148 3054 inermi

190 3076 482 3159 opilione
533 3077 825 3143 deiectus
868 3088 1001 3142 est:
1043 3081 1156 3161 qui
1200 3079 1336 3143 solo
1372 3077 1683 3160 adspectu
1722 3097 1846 3141 non
1889 3085 2146 3140 tantum

190 3162 482 3245 aliquem
549 3163 897 3228 robustum
956 3165 1174 3228 virum
1236 3164 1540 3242 terrebat,
1606 3161 1721 3228 sed
1763 3162 2147 3227 universum

187 3248 592 3328 exercitum,
655 3250 789 3314 ictu
854 3247 1058 3315 funda
1113 3250 1377 3315 iaculati
1437 3247 1673 3332 lapidis
1727 3248 1808 3313 ab
1867 3247 2149 3329 opilione

186 3331 490 3400 deiectus
552 3342 623 3397 et
668 3346 1030 3415 prostratus
1072 3344 1192 3415 est,
1249 3356 1409 3400 sane
1463 3334 1592 3399 nisi
1651 3333 1824 3399 ultro
1867 3332 2150 3399 caecuti-

184 3439 350 3498 mus,
414 3419 755 3485 fateamur
813 3441 1076 3485 necesse
1119 3430 1221 3486 est
1263 3419 1486 3486 divina
1527 3418 1689 3485 illud
1736 3420 1978 3485 virtute
2022 3419 2151 3484 fac·

187 3515 326 3570 tum
369 3527 551 3572 esse.
636 3504 776 3571 Nae
825 3506 1030 3571 fateor
1083 3508 1388 3590 profanos
1425 3506 1722 3571 homines
1758 3513 1828 3570 et
1867 3504 2148 3580 hebetes,

187 3590 546 3656 fortunam
597 3590 705 3656 hic
750 3592 1246 3657 vociferaturos:
1308 3592 1420 3658 sed
1479 3592 1789 3675 quoniam
1847 3592 1917 3654 in
1963 3590 2152 3654 bruta

183 3676 715 3761 degenerarunt.
820 3675 1118 3743 Sciamus
1174 3679 1391 3761 itaque
1448 3677 1575 3742 Dei
1634 3677 1934 3759 spiritum
1993 3676 2150 3739 sim·

179 3763 450 3845 pliciter
528 3783 803 3827 narrare
864 3783 1122 3828 caesum
1190 3773 1258 3827 et
1322 3773 1720 3845 prostratum
1786 3782 1825 3825 8
1893 3760 2150 3825 Davide

176 3849 596 3914 Goliathum
665 3848 876 3931 primo
942 3851 1074 3914 ictu
1140 3848 1372 3932 lapidis
1439 3848 1640 3914 funda
1704 3847 1943 3927 emissi,
2006 3847 2150 3912 sine

178 3935 427 4017 gladio,
479 3935 640 3999 sine
683 3935 829 3998 aliis
872 3934 1024 3999 ullis
1067 3936 1284 4011 armis,
1331 3945 1406 3999 ut
1448 3933 1598 4000 inde
1632 3935 1749 3998 fiat
1773 3932 1903 3997 Dei
1935 3933 2148 3998 virtus

175 4019 543 4086 illustrior.
640 4020 828 4085 Tunc
873 4041 1026 4085 vero
1070 4019 1399 4085 Dominus
1443 4019 1770 4085 Davidem
1826 4018 2147 4082 inermem

176 4107 257 4170 ad
307 4105 664 4190 praelium
709 4106 805 4169 ire
854 4105 1083 4182 voluit,
1141 4106 1284 4170 sine
1341 4105 1577 4188 gladio,
1634 4124 1828 4187 quem
1884 4102 2148 4185 quidem

173 4191 504 4277 deinceps
555 4192 633 4255 in
678 4190 825 4255 aliis
869 4191 1131 4274 praeliis
1175 4190 1487 4256 adversus
1542 4189 1758 4256 hostes
1814 4187 2145 4269 adhibuit;

171 4280 286 4343 sed
359 4281 464 4344 ita
529 4287 763 4341 tamen
823 4286 900 4341 ut
955 4277 1114 4343 satis
1157 4276 1458 4344 ostendat
1501 4296 1572 4341 se
1612 4275 1893 4340 multum
1935 4275 2145 4356 profe·

172 4366 345 4432 cisse
402 4366 486 4429 in
556 4361 928 4429 admirabili
972 4363 1101 4428 Dei
1161 4364 1405 4428 auxilio
1461 4361 1629 4444 quod
1689 4361 1812 4426 hoc
1856 4371 2145 4443 tempore

169 4461 509 4519 senserat.
615 4448 786 4513 Nam
847 4450 1062 4531 palam
1127 4450 1351 4514 multis
1414 4448 1572 4513 locis
1636 4447 2007 4531 profitetur,
2074 4466 2145 4511 se

171 4558 396 4621 neque
447 4536 529 4600 in
585 4534 818 4615 gladio,
875 4555 1084 4617 neque
1133 4536 1200 4599 in
1248 4534 1436 4600 hasta
1477 4533 1754 4599 salutem
1799 4552 1985 4597 suam
2030 4551 2141 4615 po·

166 4643 367 4689 nere:
418 4632 497 4687 et
549 4619 851 4685 fallacem
878 4641 1116 4703 equum
1140 4641 1283 4686 esse
1317 4620 1421 4685 die
1459 4618 1709 4702 praelii.
1757 4617 1898 4683 Nae
1920 4616 2142 4683 David

169 4708 514 4774 adversus
569 4705 797 4772 hostes
839 4708 1039 4771 armis
1082 4706 1406 4778 utebatur,
1452 4714 1608 4770 etse
1630 4705 1711 4769 ab
1735 4703 1995 4769 illorum
2020 4705 2141 4767 im·

163 4809 328 4879 petu
354 4791 751 4872 tutabatur,
786 4790 899 4857 sed
924 4791 1209 4858 vicissim
1245 4801 1564 4870 testatur„
1585 4811 1655 4856 se
1678 4810 1889 4873 neque
1911 4788 1981 4853 in
2003 4789 2141 4855 suis

163 4881 458 4954 viribus,
510 4878 842 4958 usquein
871 4878 1088 4958 armis,
1133 4898 1345 4961 neque
1374 4878 1442 4941 in
1486 4886 1625 4941 toto
1669 4874 1898 4941 bellico
1945 4894 2142 4957 appa-

159 4977 316 5031 ratu
381 4983 600 5048 spem
660 4983 844 5027 suam
903 4984 1235 5046 reponere,
1293 4982 1459 5046 quae
1516 4962 1735 5027 omnia
1777 4960 1942 5025 nihil
1987 4969 2146 5024 sunt

157 5052 350 5116 aliud
401 5068 632 5133 quam
691 5049 964 5126 vanitas,
1022 5049 1136 5114 sed
1180 5048 1263 5113 ab
1306 5069 1436 5113 uno
1481 5048 1623 5112 Deo
1667 5046 1985 5112 auxilium
2028 5065 2144 5111 ex·

157 5153 504 5224 spectare.
613 5131 786 5198 Hinc
843 5132 1166 5200 discamus
1210 5133 1426 5200 Deum
1481 5154 1673 5216 saepe
1729 5133 1872 5199 sine
1913 5132 2147 5198 mediis

156 5221 502 5290 humanis
553 5238 715 5285 suos
756 5241 842 5285 ex
884 5219 1190 5304 periculis
1243 5240 1533 5287 servare:
1594 5238 1760 5302 qnae
1813 5220 1868 5283 si
1921 5227 2145 5284 tamen

2252 516 2450 590 prout
2507 507 2633 589 ipsi
2685 505 3006 589 placuerit
3061 505 3385 586 adhibeat,
3451 514 3519 570 et
3576 504 3711 571 suis
3754 506 4069 572 creaturis
4110 505 4199 570 ad

2250 612 2416 676 opus
2460 612 2655 658 suum
2699 600 2943 676 utatur,
2988 590 3153 656 nihil
3199 604 3421 656 tamen
3465 590 3581 656 illa
3624 591 3704 657 de
3728 592 3856 657 Dei
3898 593 4201 673 potentia

2251 676 2633 743 detrahere:
2670 699 2886 761 neque
2924 679 2996 742 in
3030 677 3162 743 illis
3196 677 3486 743 externis
3523 676 3752 743 mediis
3788 675 4197 744 haerendum

2250 784 2412 845 6886,
2456 764 2582 830 nisi
2628 763 2822 845 plane
2866 764 3189 830 caecutire
3248 762 3567 828 volumus.
3654 763 3754 831 Ac
3806 761 4079 845 proinde
4136 764 4197 829 si

2252 851 2435 915 Deus
2499 848 2689 914 nobis
2752 848 3047 932 gladium
3112 869 3317 914 manu
3382 849 3791 931 gestantibus
3849 848 4192 915 victoriam

2249 933 2329 1000 de
2374 934 2563 1000 hoste
2608 935 2880 1012 dederit,
2923 954 3009 999 ne
3050 933 3212 999 illud
3254 933 3614 1000 industriae
3656 941 3916 1000 nostrae
3953 932 4193 1000 adscri-

2248 1019 2503 1101 bamus,
2540 1019 2654 1086 sed
2699 1019 2917 1086 Deum
2961 1020 3242 1086 sciamus
3287 1020 3561 1084 eandem
3609 1020 3796 1084 nobis
3827 1019 4196 1085 inermibus

2248 1115 2316 1171 et
2358 1107 2540 1171 omui
2586 1105 2828 1171 auxilio
2872 1104 3248 1171 carentibus
3292 1105 3571 1172 salutem
3617 1106 3852 1170 afferre
3888 1106 4193 1189 potuisse.

2421 1191 2738 1272 Sequitur
2799 1189 3035 1257 deinde
3088 1191 3445 1258 cucurrisse
3498 1190 3814 1257 Davidem
3853 1196 3913 1256 et
3951 1192 4199 1257 stetisse

2245 1297 2437 1358 super
2500 1276 2927 1343 Philistaeum
2941 1327 2958 1357 ,
3023 1282 3079 1342 et
3132 1278 3424 1360 qladium
3489 1278 3697 1357 ipsius
3760 1277 4055 1342 eduxisse
4116 1277 4196 1343 de

2248 1363 2497 1447 vaqina,
2541 1382 2798 1445 eumque
2840 1363 3225 1444 interfecisse
3265 1367 3323 1427 et
3361 1367 3548 1443 eaput
3581 1363 3777 1428 eidem
3812 1368 4193 1443 amputasse.

2249 1449 2369 1514 Bis
2410 1448 2486 1514 fit
2529 1450 2760 1513 mortis
2796 1448 3140 1513 Philistaei
3185 1448 3456 1512 mentio.
3526 1448 3695 1513 Nam
3739 1468 3944 1531 quum
3971 1446 4196 1513 David

2249 1534 2450 1599 funda
2507 1532 2790 1617 lapidem
2849 1533 3167 1599 iaculatus
3225 1545 3413 1610 esset,
3482 1532 3720 1599 dicitur
3775 1546 3918 1598 tum
3982 1533 4195 1598 inter·

2250 1620 2491 1685 fectus:
2538 1618 2772 1685 deinde
2814 1620 3055 1685 iterum
3099 1616 3337 1684 dicitur
3380 1618 3614 1687 educto
3671 1617 3888 1703 gladio
3946 1640 4194 1686 caesus.

2251 1705 2477 1771 Primo
2564 1705 2770 1789 igitur
2851 1704 2991 1771 loco
3086 1725 3263 1770 mors
3356 1705 3674 1788 accipitur
3768 1725 3885 1788 pro
3966 1703 4198 1770 lethali

2249 1790 2552 1856 vulnere:
2655 1788 3175 1874 quandoquidem
3279 1790 3410 1856 ictu
3516 1789 3770 1873 lapidis*
3848 1791 3944 1854 ita
4048 1810 4197 1874 pro·

2253 1886 2504 1943 stratus
2577 1885 2699 1955 est,
2785 1885 2861 1941 ut
2935 1896 3006 1940 se
3084 1896 3217 1941 non
3279 1876 3572 1958 potuerit
3636 1878 3919 1959 erigere,
3986 1896 4199 1959 neque

2252 1980 2552 2028 movere:
2618 1982 2820 2046 quare
2862 1960 3080 2026 David
3136 1960 3475 2027 confestim
3531 1961 3603 2025 in
3659 1982 3810 2026 eum
3855 1961 4072 2035 irruit,
4128 1969 4200 2027 et

2251 2048 2542 2132 gladium
2602 2048 2808 2130 ipsius
2863 2048 3137 2130 invasit,
3230 2058 3296 2111 et
3363 2048 3862 2112 semimortuum
3935 2044 4201 2112 cecidit:

2252 2154 2461 2217 neque
2518 2134 2694 2199 enim
2756 2131 2989 2215 lapidis
3044 2132 3220 2198 ictus
3273 2152 3424 2196 eum
3490 2133 3685 2215 plane
3752 2132 4196 2213 interfecerat,

2250 2218 2365 2285 sed
2408 2219 2502 2284 ita
2546 2231 2762 2284 tamen
2796 2218 2922 2282 Dei
2968 2238 3171 2283 manu
3218 2216 3504 2283 deiectus
3546 2220 3775 2296 fuerat,
3821 2226 3899 2283 ut
3932 2237 4196 2283 movere

2251 2325 2321 2370 se
2366 2325 2493 2370 non
2541 2313 2780 2387 posset,
2841 2302 3046 2370 donec
3103 2303 3229 2386 ipsi
3274 2301 3495 2368 David
3556 2303 3773 2388 gladio
3811 2312 4009 2386 caput
4052 2323 4194 2367 am·

2252 2398 2528 2474 putaret.
2618 2389 2796 2454 Hinc
2839 2388 3266 2455 admonemur
3309 2387 3527 2453 Deum
3575 2389 3760 2455 nobis
3804 2386 4064 2472 quidem
4114 2387 4198 2454 de

2257 2476 2552 2541 hostibus
2595 2475 2934 2541 victoriam
2979 2473 3334 2558 aliquando
3377 2474 3752 2551 concedere,
3809 2473 3923 2539 sed
3982 2473 4077 2539 ita
4118 2481 4196 2539 ut

2253 2560 2544 2628 nondum
2592 2560 2785 2644 plane
2828 2559 3071 2625 mortui
3115 2561 3277 2628 sint:
3337 2573 3403 2623 at
3449 2572 3665 2626 tamen
3714 2559 3932 2626 Deum
3976 2561 4199 2644 incep-

2253 2657 2393 2714 tum
2424 2666 2590 2729 opus
2618 2668 2744 2711 non
2790 2644 3105 2723 deserere,
3130 2646 3239 2711 sed
3267 2653 3636 2728 opportuno
3670 2655 3966 2730 tempore
4002 2646 4198 2728 perfl-

2250 2750 2432 2799 cere:
2457 2754 2532 2797 ac
2552 2731 2823 2815 proinde
2845 2731 3170 2813 patienter
3192 2730 3695 2815 exspectandam
3712 2730 4158 2815 impletionem
4178 2751 4201 2796 ε

2252 2828 2319 2884 et
2379 2819 2632 2883 animos
2678 2816 3128 2892 assumendos,
3174 2815 3491 2900 siquidem
3554 2839 3625 2882 re
3669 2819 3810 2901 ipsa
3864 2817 3996 2881 iam
4043 2835 4114 2880 86
4158 2836 4201 2882 8

2256 2905 2498 2969 nostris
2541 2914 2718 2968 stare
2762 2903 3054 2986 partibus
3096 2904 3311 2985 palam
3356 2902 3659 2968 ostendit.
3751 2902 3880 2968 Hic
3925 2921 4082 2967 vero
4125 2901 4199 2967 in

2253 2989 2481 3072 primis
2524 2985 3022 3068 observandum,
3068 2987 3390 3070 quomodo
3437 2987 3623 3052 Deus
3669 3009 3870 3052 manu
3915 3006 4035 3052 888
4079 2985 4198 3052 ho·

2253 3075 2507 3140 minum
2566 3072 2762 3140 corda
2820 3082 3057 3139 teneat.
3147 3073 3319 3138 Nam
3377 3091 3528 3138 ecce
3585 3083 3793 3138 morte
3850 3071 4198 3138 Philistaei

2251 3160 2430 3226 illius
2490 3160 2887 3243 reliquorum
2947 3159 3152 3224 animi
3210 3168 3612 3225 corruerunt.
3704 3161 3798 3223 At
3855 3179 3988 3222 non
4030 3156 4197 3222 Phi-

2253 3246 2524 3312 listaeus
2568 3246 2680 3314 ille
2718 3246 2904 3329 gigas
2938 3265 3049 3310 608
3083 3243 3397 3310 adversus
3419 3242 3755 3309 Israe‘litas
3790 3253 4194 3309 armaverat:

2252 3331 2366 3398 sed
2425 3332 2637 3414 patria
2693 3331 2941 3415 egressi
2999 3341 3157 3395 sunt
3200 3328 3517 3395 adversus
3561 3329 3899 3395 Israelitas
3949 3349 4019 3393 86
4064 3328 4198 3394 illis

2249 3416 2503 3483 viribus
2550 3418 2740 3500 longe
2784 3416 3152 3498 superiores
3197 3436 3337 3480 esse
3382 3415 3627 3493 confisi,
3671 3425 3739 3479 et
3780 3436 3850 3479 se
3894 3414 4196 3478 multitu·

2254 3503 2404 3568 dine
2444 3523 2519 3568 ac
2566 3501 2814 3566 viribus
2859 3502 3158 3566 meliores
3203 3501 3388 3565 facile
3432 3521 3858 3584 oppressuros
3902 3499 4048 3563 illos
4093 3509 4197 3564 at-

2253 3589 2494 3653 tonitos
2516 3597 2585 3654 et
2606 3589 2834 3653 saltem
2859 3587 3240 3652 tributarios
3275 3608 3383 3650 eos
3425 3586 3792 3651 reddituros
3828 3593 4195 3668 sperantes.

2252 3674 2516 3757 Ergone
2562 3673 2847 3739 hominis
2890 3672 3120 3737 caedes
3166 3682 3423 3736 tantum
3470 3671 3601 3736 illis
3646 3691 3959 3755 pavorem
4018 3680 4193 3736 attu-

2250 3759 2345 3840 lit,
2389 3772 2465 3824 ut
2509 3767 2689 3825 metu
2733 3779 2960 3824 omnes
3006 3767 3305 3840 oporteat
3348 3756 3712 3840 diffugere?
3784 3756 3960 3824 Saue
4004 3756 4193 3822 Deus

2252 3855 2507 3912 tantum
2552 3845 2681 3910 illis
2727 3864 3035 3928 pavorem
3082 3843 3323 3922 iniecit,
3385 3851 3459 3907 ut
3505 3844 3764 3908 nemine
3808 3844 4195 3926 insequente

2250 3931 2553 3997 debellati
2598 3932 2748 4000 sint.
2805 3943 2872 3993 et
2929 3929 3188 4012 quidem
3248 3931 3362 3992 vix
3423 3927 3813 3996 audentibus
3869 3928 4191 3994 Israelitis

2249 4037 2391 4082 sese
2434 4017 2575 4082 loco
2619 4037 2903 4081 movere.
2993 4014 3218 4096 Neque
3271 4015 3446 4079 enim
3498 4013 3803 4079 dicuntur
3847 4014 4189 4079 Israelitae

2247 4103 2390 4166 visa
2460 4101 2801 4168 Philistaei
2880 4111 3099 4183 strage
3180 4100 3589 4165 concurrisse
3684 4100 3764 4164 ad
3848 4098 4190 4181 praelium,

2247 4186 2359 4253 sed
2418 4186 2802 4271 simpliciter
2865 4185 3175 4251 dicuntur
3221 4186 3565 4250 Philistaei
3618 4185 3972 4269 diffugisse,
4026 4203 4189 4264 quos

2247 4272 2479 4339 deinde
2522 4272 2862 4340 Israelitae
2912 4272 3232 4355 fugientes
3277 4271 3649 4353 persequuti
3693 4282 3865 4335 sunt.
3955 4268 4186 4335 Conti-

2246 4358 2489 4423 nebant
2554 4379 2710 4442 ergo
2776 4379 2846 4422 se
2898 4358 3130 4422 castris
3188 4356 3545 4435 Israelita,
3612 4356 3766 4438 quid
3828 4355 4037 4420 acturi
4082 4374 4185 4417 08-

2246 4454 2391 4508 sent
2467 4445 2710 4527 ignari:
2779 4455 2847 4508 et
2911 4442 3092 4508 Deus
3159 4442 3304 4506 illos
3369 4455 3674 4524 tanquam
3745 4441 3947 4505 victos
4009 4440 4187 4504 intra

2244 4541 2458 4595 castra
2513 4530 2850 4605 continuit,
2906 4549 2989 4594 ne
3043 4549 3165 4593 sua
3213 4527 3680 4599 ingratitudine
3738 4536 3993 4590 tantum
4056 4523 4182 4589 Dei

2244 4616 2630 4682 beneficium
2707 4614 3152 4679 obliterarent.
3265 4614 3431 4677 Nam
3512 4613 3565 4676 si
3662 4622 3931 4694 repente
4036 4632 4183 4693 pro-

2239 4711 2445 4768 strato
2489 4701 2757 4785 gigante
2812 4701 3093 4764 fuissent
3154 4701 3368 4764 hostes
3411 4696 3618 4762 adorti
3664 4696 3922 4778 praelio,
3980 4696 4186 4763 victo·

2243 4787 2378 4852 riae
2440 4799 2693 4869 partem
2740 4787 2862 4850 sibi
2922 4786 3405 4865 attribuissent,
3465 4782 3669 4866 deque
3729 4783 3861 4847 suis
3934 4781 4184 4848 viribus

2243 4872 2502 4957 gloriati
2557 4873 2854 4938 fuissent.
2961 4871 3176 4936 David
3238 4871 3496 4953 quidem
3564 4869 3695 4932 ictu
3763 4868 3872 4932 illo
3932 4868 4182 4951 aliquid

2242 4958 2477 5036 effecit,
2537 4957 2652 5022 sed
2708 4957 2862 5039 quid
2922 4956 3033 5022 ille
3090 4959 3257 5021 ictus
3301 4953 3616 5018 adversus
3663 4960 3757 5017 tot
3799 4953 4016 5018 hostes
4064 4975 4181 5036 po-

2244 5042 2416 5109 tuit?
2504 5043 2642 5110 Nos
2698 5064 2854 5108 sane
2896 5041 3115 5108 hostes
3160 5040 3402 5123 praelio
3448 5039 3656 5104 adorti
3703 5040 4180 5123 superavimus.

2246 5131 2429 5196 Deus
2492 5131 2692 5213 igitur
2751 5129 2879 5193 illis
2925 5127 3093 5194 hanc
3138 5126 3540 5210 gloriationis
3597 5127 3997 5191 occasionem
4040 5123 4181 5190 adi-

2246 5215 2386 5296 mit,
2451 5212 2972 5299 quandoquidem
3041 5213 3272 5279 castris
3328 5211 3653 5286 continet,
3732 5223 3802 5275 et
3865 5225 4183 5294 tanquam

3670 5311 3771 5366 16⁹
