5059 6059
257 370 369 437 293

257 578 448 625 tamen
496 557 619 622 fuit
660 555 1038 621 ridiculum:
1097 556 1638 640 quemadmodum
1688 558 1927 622 multos
1971 556 2163 621 hodie

253 647 456 711 videas
497 664 578 708 ex
624 663 742 708 suo
785 663 983 707 sensu
1028 642 1233 707 multa
1276 644 1500 726 inepta
1542 655 1609 707 et
1650 642 1930 709 ridicula
1962 642 2164 708 stulte

253 731 602 815 excogitare
656 728 894 811 quibus
948 728 1300 812 papisticas
1365 728 1858 812 superstitiones
1915 727 2165 793 deride-

250 832 371 884 ant.
413 812 662 881 Eadem
705 813 832 879 fuit
871 814 1128 879 illorum
1167 826 1533 897 temporum
1570 814 1758 881 ratio.
1806 814 2163 897 Praeputia

249 925 409 985 ergo,
472 899 539 965 id
596 912 697 965 est
750 898 1057 984 pudenda
1122 899 1381 966 illorum
1442 899 1606 966 Saul
1667 900 1926 966 volebat
1983 920 2165 983 prae-

246 987 458 1067 scindi,
517 996 593 1051 ut
648 987 739 1051 ita
795 1006 866 1050 se
922 986 1289 1052 incredulos
1347 985 1493 1052 illos
1549 986 1857 1052 detestari
1900 986 2161 1070 profite-

245 1090 429 1140 retur.
475 1071 1050 1138 Circumcisionem
1086 1072 1263 1137 enim
1287 1071 1522 1155 populo
1544 1092 1662 1137 suo
1685 1071 1866 1138 Dens
1900 1072 2163 1154 signum

242 1158 504 1225 foederis
548 1156 833 1234 dederat,
878 1157 1072 1241 quale
1117 1157 1310 1222 hodie
1347 1158 1532 1222 nobis
1573 1159 1832 1241 signum
1870 1169 1972 1223 est
2005 1156 2162 1241 bap-

243 1248 483 1311 tismus.
530 1241 708 1310 Sane
754 1243 1096 1308 hominum
1141 1243 1401 1325 quidem
1444 1242 1685 1309 iudicio
1728 1264 1833 1310 res
1878 1242 2162 1309 absurda

241 1346 300 1396 et
349 1329 652 1414 pudenda
694 1328 1060 1409 videbatur,
1120 1329 1352 1396 salutis
1395 1329 1890 1411 promissionem
1935 1331 2002 1394 in
2048 1328 2162 1393 illa

237 1433 412 1501 parte
435 1414 709 1480 humani
731 1415 1016 1499 corporis
1037 1414 1388 1498 obsignari,
1425 1428 1490 1478 et
1527 1414 1909 1497 particulam
1944 1414 2161 1480 carnis

237 1500 517 1568 abscindi
554 1501 622 1565 in
663 1502 926 1584 signum
961 1498 1241 1566 foederis
1274 1522 1421 1566 cum
1448 1501 1824 1566 Abrahamo
1854 1514 1922 1565 et
1953 1502 2161 1584 ipsius

235 1587 503 1671 posteris
567 1586 736 1665 initi,
802 1586 1179 1669 receptique
1240 1587 1313 1650 in
1379 1585 1659 1671 gratiam
1720 1586 1972 1671 populi:
2042 1585 2158 1652 sed

235 1690 441 1738 tamen
502 1672 600 1737 ita
645 1672 856 1736 visum
901 1669 1043 1736 Deo
1102 1672 1344 1737 fuerat:
1406 1693 1611 1755 neque
1654 1673 1805 1739 licet
1846 1671 2158 1738 adversus

230 1760 440 1842 ipsum
487 1758 809 1837 altercari,
853 1757 1302 1840 rationemque
1347 1758 1635 1822 mandati
1680 1759 1962 1841 exigere.
2028 1758 2154 1822 Ve-

233 1858 597 1909 rumtamen
635 1864 765 1909 non
797 1841 911 1907 abs
949 1865 1020 1907 re
1055 1842 1279 1908 datum
1325 1843 1840 1910 circumcisionis
1874 1844 2156 1927 signum,

229 1944 292 1994 et
326 1933 394 1995 in
432 1941 620 2013 parte
655 1929 768 1994 illa
800 1929 1087 2011 corporis
1123 1928 1425 2012 pudenda
1460 1929 1735 1995 foederis
1768 1950 1916 1996 cum
1957 1926 2160 1993 Abra-

229 2018 419 2081 hamo
454 2015 607 2080 initi
641 2024 709 2081 et
743 2016 992 2099 gratiae
1017 2013 1142 2079 Dei
1179 2013 1545 2099 obsignatio
1582 2028 1941 2100 praecepta.
1989 2015 2161 2080 Nam

225 2124 300 2166 ea
363 2102 624 2167 ratione
682 2101 1173 2185 significabatur
1230 2112 1365 2165 tota
1406 2102 1665 2185 generis
1708 2101 1978 2166 humani
2022 2122 2159 2167 cor·

225 2189 441 2270 ruptio
512 2200 583 2253 et
645 2184 1044 2253 maledictio:
1120 2207 1271 2269 pars
1334 2187 1511 2252 enim
1577 2187 1690 2251 illa
1753 2186 2160 2271 generationi

221 2274 529 2338 ordinata
586 2272 994 2356 significabat
1042 2273 1393 2338 humanam
1440 2272 1888 2354 pollutionem.
1977 2272 2161 2338 Deus

221 2360 444 2442 itaque
507 2368 757 2424 resecta
799 2358 1084 2424 cuticula
1125 2357 1239 2422 illa
1285 2357 1540 2423 volebat
1586 2359 1881 2424 homines
1925 2378 2157 2441 agnos·

221 2465 367 2509 cere
430 2445 727 2509 nativam
784 2464 971 2508 suam
1006 2445 1508 2527 corruptionem,
1566 2459 1641 2508 ut
1684 2444 1807 2509 sibi
1855 2443 2013 2526 ipsis
2059 2464 2158 2509 re-

221 2532 534 2596 nuntiare
589 2530 930 2609 discerent,
987 2540 1064 2593 ut
1120 2551 1330 2594 novae
1385 2541 1721 2594 creaturae
1774 2531 2024 2607 fierent,
2085 2542 2160 2593 ut

220 2618 435 2697 prima
497 2616 614 2680 illa
670 2636 862 2698 quam
929 2615 1010 2680 ab
1071 2616 1325 2680 Adamo
1385 2630 1764 2698 acceperant
1823 2615 2158 2699 generatio

217 2702 707 2784 quodammodo
753 2701 1141 2781 aboleretur,
1186 2700 1441 2784 Deique
1486 2702 1603 2765 filii
1644 2701 1892 2766 fierent.
1941 2703 2157 2783 Atque

218 2789 320 2852 hic
383 2788 518 2853 fuit
574 2786 1082 2853 circumcisionis
1127 2809 1304 2863 usus,
1365 2787 1446 2853 ad
1491 2808 1684 2869 quem
1728 2800 1797 2852 et
1839 2786 2007 2851 alius
2049 2806 2153 2850 ac-

214 2874 517 2957 cedebat,
603 2894 836 2955 nempe
910 2873 1171 2954 signum
1252 2872 1718 2939 benedictionis
1791 2885 1860 2938 et
1923 2871 2157 2937 salutis

209 2980 413 3042 quam
485 2972 866 3040 exspectare
922 2959 1004 3023 ab
1055 2958 1408 3024 Abrahami
1451 2958 1700 3023 semine
1757 2970 1825 3023 et
1881 2957 2153 3041 posteri·

213 3062 346 3110 tate
383 3045 820 3110 iubebantur:
856 3044 1025 3127 quod
1065 3044 1135 3109 in
1161 3044 1445 3108 Domino
1472 3056 1695 3109 nostro
1719 3043 1870 3109 Iesu
1895 3043 2158 3109 Christo

207 3132 532 3214 deinceps
576 3129 921 3213 impletum
962 3129 1282 3196 videmus.
1358 3131 1500 3196 Etsi
1544 3131 1748 3214 igitur
1790 3133 1999 3214 primo
2043 3127 2158 3193 ad-

207 3230 444 3299 spectu
495 3216 843 3282 ridiculum
886 3215 1242 3293 videbatur,
1288 3217 1701 3299 adoptionem
1741 3217 1808 3281 in
1847 3215 2157 3301 populum

203 3302 334 3367 Dei
397 3316 474 3368 et
532 3303 739 3384 ipsius
790 3302 1301 3369 misericordiam
1357 3303 1428 3367 in
1476 3314 1656 3384 parte
1698 3303 1816 3368 illa
1860 3299 2159 3385 pudenda

203 3389 511 3472 corporis
556 3387 888 3465 declarari,
934 3403 1153 3453 tamen
1196 3388 1365 3454 bona
1408 3390 1660 3454 ratione
1696 3389 1819 3454 niti
1856 3406 2159 3470 praecep·

205 3488 350 3540 tum
419 3474 777 3547 videbitur,
831 3475 887 3539 si
933 3474 1060 3539 Dei
1117 3474 1462 3538 consilium
1522 3473 1818 3539 homines
1863 3475 2161 3555 inspexe-

203 3565 363 3637 rint,
415 3581 640 3644 neque
664 3560 859 3624 altius
896 3571 1113 3624 tamen
1151 3561 1433 3624 scrutari
1471 3561 1821 3640 voluerint,
1863 3557 1977 3625 sed
2012 3579 2159 3623 cum

200 3647 545 3713 modestia
588 3658 655 3709 et
700 3645 1067 3710 humilitate
1116 3644 1256 3710 Deo
1302 3667 1373 3711 se
1417 3667 1732 3728 suamque
1777 3645 2161 3729 sapientiam

193 3734 662 3798 submiserint.
755 3730 923 3795 Nam
979 3733 1032 3798 si
1096 3728 1226 3796 Dei
1286 3746 1625 3815 praecepto
1691 3730 2160 3812 acquieverint,

194 3817 480 3883 abunde
528 3817 688 3899 ipsis
733 3818 1135 3881 satisfactum
1184 3818 1328 3880 erit.
1400 3817 1834 3898 Quamobrem
1884 3816 2159 3881 circum·

191 3905 364 3970 cisio
409 3904 578 3970 licet
621 3902 961 3968 hominum
1008 3902 1312 3985 opinione
1349 3903 1621 3968 ridicula
1655 3923 1760 3966 res
1795 3913 1985 3974 esset,
2032 3899 2160 3964 Dei

193 4002 435 4055 tamen
479 3990 734 4072 gratiae
768 4000 835 4051 et
867 3988 1111 4053 favoris
1147 3988 1583 4053 indubitatum
1621 4003 1690 4052 et
1723 3988 2159 4053 certissimum

192 4086 350 4141 erat
402 4076 893 4141 testimonium:
954 4076 1021 4137 in
1069 4084 1250 4157 parte
1294 4073 1407 4139 illa
1449 4076 1731 4157 corporis
1775 4072 2157 4137 nominatim

191 4164 642 4244 impressum,
703 4159 785 4224 ob
845 4181 953 4224 eas
1012 4160 1420 4242 potissimum
1477 4181 1637 4242 quas
1681 4174 1833 4224 ante
1877 4162 2159 4223 rationes

190 4248 600 4325 attulimus:
662 4246 969 4327 primum,
1038 4260 1110 4309 ut
1166 4268 1392 4310 omnes
1449 4246 1518 4312 in
1582 4245 1831 4310 Adamo
1893 4256 2160 4327 propter

189 4335 420 4415 ipsius
477 4347 819 4415 peccatum
854 4353 997 4396 esse
1045 4332 1416 4396 maledictos
1461 4332 1880 4396 docerentur:
1924 4329 2160 4394 deinde

196 4431 272 4483 ut
317 4434 546 4485 exuta
588 4415 941 4482 miserabili
985 4417 1373 4497 conditione,
1416 4418 1537 4483 sibi
1583 4417 1742 4500 ipsis
1785 4416 2161 4480 renuntiare

193 4505 574 4581 discerent,
617 4524 930 4584 suamque
953 4523 1212 4567 omnem
1253 4502 1716 4568 beatitudinem
1742 4514 1809 4567 et
1829 4522 2157 4566 summum

187 4591 468 4654 bonum
543 4592 607 4652 in
689 4610 818 4653 uno
884 4588 1033 4653 Iesu
1102 4587 1368 4653 Christo
1441 4588 1721 4652 Domino
1793 4600 2013 4652 nostro
2077 4608 2159 4650 ex

187 4675 595 4742 Abrahami
669 4686 733 4737 et
797 4674 1068 4738 Davidis
1125 4674 1329 4755 stirpe
1380 4674 1658 4740 oriundo
1722 4694 2034 4755 quaerere
2094 4688 2161 4737 et

175 4774 632 4846 exspectare.
723 4759 1162 4840 Quamobrem
1207 4759 1435 4824 Iudaei
1496 4760 1980 4824 circumcisione
2023 4758 2156 4841 glo·

187 4850 504 4927 riantcs,
575 4861 642 4911 et
703 4843 1076 4911 incredulos
1141 4860 1518 4911 aversantes
1575 4858 1644 4909 et
1715 4844 2159 4928 dedignantes,

189 4931 649 5018 praeputium
712 4933 869 5013 ipsis
932 4930 1340 5006 obiiciebant,
1404 4929 1575 5014 quod
1638 4931 1761 5014 ipsi
1815 4951 1900 4994 ex
1957 4930 2160 4994 Abra·

187 5022 416 5087 hamo
467 5028 694 5084 meent
735 5015 995 5083 oriundi
1039 5028 1105 5082 et
1161 5017 1622 5101 promissiones
1664 5015 1785 5081 sibi
1830 5016 2035 5081 factas
2090 5027 2161 5081 et

182 5103 721 5173 circumcisione
764 5104 1138 5187 obsignatas
1173 5103 1508 5168 haberent.
1554 5103 1774 5168 Huius
1817 5101 1910 5165 rei
1943 5122 2161 5167 exem-

185 5194 394 5277 plum
451 5210 662 5273 supra
704 5189 774 5254 in
819 5188 1080 5254 Davide
1126 5189 1423 5266 vidimus,
1466 5189 1776 5255 Goliatho
1817 5187 1913 5252 sic
1956 5187 2160 5253 insul-

181 5290 398 5345 tante
418 5298 439 5340 :
499 5274 702 5343 Istone
741 5275 1214 5340 incircumcisus
1234 5276 1488 5358 impunc
1522 5274 1648 5340 Dei
1688 5274 1948 5339 viventis
1980 5293 2156 5340 exer-

1508 367 1602 433 IN
1653 369 1705 436 1.
1754 370 1932 435 LIB.
1974 367 2376 436 SAMUEL.
2424 369 2625 437 CAP.
2668 368 2938 434 XVIII.

4081 373 4213 437 294

2263 558 2416 624 citui
2471 556 2914 640 exprobraret?
3003 556 3210 640 Quasi
3268 557 3548 625 diceret:
3614 559 3839 628 Istene
3898 560 4203 647 infidelis,

2263 643 2626 717 idololatra,
2686 643 2766 708 ab
2810 642 3082 709 ecclesia
3125 641 3251 709 Dei
3297 658 3653 711 extraneus
3697 662 3765 712 et
3820 648 4205 725 reiectitius,

2266 730 2450 796 nobis
2485 729 2824 808 Israelitis,
2868 727 2993 793 Dei
3039 730 3297 813 populo,
3343 750 3419 796 ac
3454 731 3580 814 ipsi
3615 731 3757 798 Deo
3801 732 4206 800 insultaret?

2263 836 2463 897 quare
2508 816 2598 880 ita
2633 813 2966 899 loquitur?
3013 816 3283 898 Nempe,
3327 817 3636 900 quoniam
3678 819 4199 887 incircumcisus.

2263 901 2416 967 Huc
2458 922 2615 986 ergo
2658 900 2827 967 Saul
2870 901 3224 983 respiciens
3268 922 3641 986 quanquam
3685 904 3890 971 stulte
3932 917 3998 971 et
4042 904 4203 971 ridi-

2262 987 2409 1054 cule
2451 988 2626 1066 facit,
2686 988 3026 1069 praeputia
3068 987 3575 1054 Philistinornm
3619 990 3825 1072 petiit,
3886 1002 4199 1076 tanquam

2262 1073 2550 1158 insignia
2607 1072 2894 1138 hostium
2956 1073 3179 1155 populi
3237 1071 3400 1152 Dei,
3460 1086 3529 1140 et
3582 1074 3714 1140 illis
3771 1076 4204 1159 ignominiose

2262 1159 2638 1225 insultaret:
2684 1159 2811 1237 En,
2859 1158 3242 1224 miserorum
3289 1160 3604 1225 adversus
3650 1162 3866 1227 Deum
3902 1183 4206 1247 pugnan-

2262 1244 2428 1309 tium
2471 1244 2779 1327 insignia,
2823 1265 2907 1308 en
2952 1243 3213 1309 illorum
3257 1245 3527 1311 exitum.
3573 1246 3754 1331 Ergo
3790 1246 3954 1314 Saul
3997 1250 4201 1313 simu·

2262 1330 2441 1396 labat
2482 1352 2553 1395 se
2589 1330 3087 1395 Philistinorum
3132 1339 3441 1414 tanquam
3480 1331 3609 1395 Dei
3647 1332 3933 1399 hostium
3971 1355 4199 1400 necem

2262 1426 2329 1481 et
2385 1416 2723 1482 interitum
2783 1435 3116 1497 quaerere,
3171 1436 3548 1499 quanquam
3593 1438 3824 1484 revera
3867 1418 3938 1484 in
3984 1421 4200 1485 animo

2265 1501 2500 1567 Davidi
2560 1501 2924 1586 periculum
2968 1512 3275 1582 strueret,
3335 1515 3409 1566 ut
3452 1503 3521 1566 in
3578 1504 3868 1586 ipsorum
3915 1505 4203 1572 hostium

2260 1608 2498 1652 manus
2560 1587 2826 1652 veniens
2869 1586 3370 1652 interficeretur.
3462 1589 3552 1653 Et
3607 1587 3868 1671 quidem
3913 1591 4039 1656 ait:
4121 1591 4202 1659 Ut

2254 1674 2367 1754 fiat
2408 1674 2566 1739 uuio
2608 1673 2684 1738 dc
2724 1672 3004 1738 immicis
3047 1673 3255 1755 reyis:
3297 1674 3408 1738 sed
3456 1694 3618 1756 quos
3654 1689 3874 1740 tamen
3922 1677 4200 1744 victores

2260 1757 2612 1835 maluisset,
2673 1758 2891 1823 hostes
2947 1757 3209 1823 divinae
3270 1758 3434 1842 legis
3493 1770 3559 1825 et
3601 1780 3800 1826 verae
3846 1760 4202 1846 religionis,

2259 1864 2454 1927 quam
2492 1843 2821 1909 Davidem
2856 1863 3050 1927 quem
3087 1845 3484 1910 exstinctum
3522 1846 3839 1930 cupiebat,
3884 1848 3977 1914 sic
4012 1848 4201 1914 illum

2260 1929 2343 1994 ad
2388 1931 2700 1995 ultionem
2743 1927 3123 2011 impellente
3167 1929 3436 2005 malitia,
3496 1946 3568 1996 ut
3613 1932 3910 1997 hostibus
3968 1934 4202 2000 cedere

2263 2016 2485 2081 mallet
2545 2016 2901 2090 victoriam,
2958 2035 3154 2098 quam
3205 2015 3524 2083 Davidem
3586 2016 3667 2081 ad
3726 2038 3873 2083 eam
3918 2018 4202 2103 dignita-

2261 2116 2390 2166 tem
2482 2123 2824 2167 removeri.

2486 2187 2567 2252 ed
2625 2184 2937 2271 quidquid
2995 2185 3264 2251 molitur
3320 2188 3446 2270 ipsi
3502 2189 3570 2253 in
3615 2187 3892 2255 dedecus
3935 2201 4004 2254 et
4044 2211 4199 2257 con-

2258 2272 2580 2339 fusionem
2626 2273 2823 2340 cedit:
2883 2285 2950 2336 et
2991 2271 3162 2354 quod
3211 2271 3453 2336 Davidi
3498 2275 3698 2339 struit
3741 2273 4072 2351 damnum,
4128 2278 4198 2342 in

2259 2358 2467 2441 ipsius
2510 2370 2707 2442 caput
2750 2356 3012 2424 recidit:
3058 2356 3606 2440 quemadmodum
3651 2361 3948 2442 sequitur
3993 2361 4202 2427 Davi-

2261 2443 2407 2508 dem
2474 2445 2669 2528 paulo
2737 2457 2901 2526 post,
2971 2443 3071 2508 vel
3142 2465 3266 2509 non
3326 2464 3570 2528 magno
3635 2456 3784 2528 post
3847 2446 4201 2512 intervallo

2261 2529 2488 2596 fecisse
2546 2531 2615 2595 in
2662 2529 3048 2595 Philistaeos
3106 2530 3426 2614 impetum
3471 2551 3616 2595 cum
3662 2529 3803 2597 suis
3848 2532 4199 2598 militibus:

2263 2637 2415 2680 nam
2474 2628 2629 2681 ante
2674 2614 3048 2681 audivimus
3090 2613 3276 2679 illum
3334 2615 3514 2680 mille
3555 2618 3953 2699 praefectum
3998 2617 4201 2685 fuisse

2261 2701 2596 2767 militibus.
2669 2700 3038 2779 Caeterum,
3083 2700 3348 2765 millene
3391 2722 3611 2768 secum
3656 2722 3743 2766 an
3788 2718 4039 2786 partem
4088 2704 4202 2770 ali-

2259 2807 2455 2868 quam
2499 2786 2929 2870 assumpserit
2984 2787 3384 2868 superfluum
3429 2797 3605 2852 esset
3648 2787 4004 2871 disputare,
4065 2791 4201 2855 suf-

2259 2874 2442 2938 ficiat
2507 2872 2695 2938 illum
2777 2894 2925 2938 cum
2985 2871 3237 2955 aliquot
3296 2871 3614 2938 militibus
3681 2874 3746 2937 in
3806 2873 4198 2941 Philistaeos

2264 2960 2567 3042 irruisse;
2623 2972 2689 3023 et
2732 2958 2936 3024 caesis
2979 2957 3274 3023 ducentis
3311 2978 3538 3022 eorum
3582 2957 3881 3025 attulisse
3925 2979 4201 3043 praepu-

2265 3045 2371 3122 tia,
2414 3065 2578 3128 quae
2621 3064 2842 3109 coram
2890 3042 3089 3110 Saule
3134 3054 3478 3108 numerata
3520 3043 3671 3109 sint.
3742 3042 3917 3110 Sane
3964 3046 4197 3111 verisi-

2262 3130 2416 3195 mile
2457 3141 2561 3196 est
2603 3129 2958 3195 attonitum
2998 3127 3288 3207 Saulem,
3348 3141 3416 3193 et
3458 3129 3766 3213 opinione
3808 3151 3931 3194 sua
3974 3130 4199 3215 decep·

2263 3231 2420 3293 tum,
2469 3215 2746 3281 libenter
2779 3236 2996 3281 moras
3040 3217 3096 3280 si
3142 3215 3463 3297 potuisset
3498 3235 3844 3290 nexurum,
3890 3232 3957 3279 et
3994 3217 4199 3282 cavil-

2263 3302 2344 3366 lis
2387 3323 2665 3367 usurum
2708 3323 2792 3367 ne
2840 3301 3177 3384 promissis
3210 3310 3445 3365 staret:
3491 3299 3605 3365 sed
3643 3322 3725 3365 ne
3758 3301 3830 3364 in
3866 3323 4197 3369 summum

2262 3387 2541 3453 dedecus
2595 3387 2770 3471 apud
2828 3388 3083 3470 plebem
3145 3386 3417 3465 veniret,
3486 3406 3750 3452 necesse
3814 3385 3942 3451 fuit
4008 3387 4197 3453 illum

2261 3474 2531 3556 implere
2576 3474 2916 3556 promissa.
2962 3473 3235 3556 Cogitur
3280 3473 3498 3555 itaque
3534 3470 3784 3555 pudore
3828 3472 4000 3556 quod
4040 3473 4197 3540 alio-

2260 3561 2371 3642 qui
2416 3558 2737 3624 noluisset
2777 3559 3106 3642 perficere,
3154 3570 3229 3621 ut
3273 3557 3492 3622 nullus
3536 3557 3818 3640 amplius
3852 3558 3976 3639 ipsi
4014 3560 4196 3625 locus

2261 3645 2503 3728 effugio
2560 3645 2864 3728 supersit,
2923 3644 3079 3726 quin
3140 3640 3386 3708 Davidi
3442 3642 3646 3708 filiam
3703 3664 3888 3708 suam
3952 3645 4194 3711 Michol

2261 3732 2327 3794 in
2387 3751 2658 3797 uxorem
2706 3730 2939 3795 tradat.
3029 3730 3134 3795 Ex
3180 3729 3418 3813 quibus
3474 3740 3750 3811 apparet
3793 3729 3918 3794 Dei
3965 3743 4195 3813 poten-

2263 3817 2352 3881 tia
2406 3817 2470 3880 in
2534 3816 2910 3882 coercendis
2961 3814 3274 3897 improbis
3332 3826 3398 3878 et
3450 3814 3744 3896 ipsorum
3802 3814 4023 3881 furore
4081 3815 4194 3882 do·

2263 3900 2517 3978 mando,
2563 3902 2748 3984 quasi
2792 3901 3080 3966 crinibus
3125 3913 3422 3981 arreptos
3464 3914 3918 3982 compesceret.
3965 3901 4194 3987 Neque

2259 3988 2437 4052 enim
2499 3986 2659 4053 Saul
2725 3989 3151 4054 constituerat
3214 4005 3503 4068 unquam
3575 3985 3929 4051 Micholam
3986 3988 4195 4053 filiam

2263 4072 2506 4139 Davidi
2554 4073 2800 4156 nuptiis
2836 4073 3065 4151 locare,
3109 4071 3265 4137 licet
3307 4071 3388 4137 ab
3432 4071 3575 4154 ipsa
3619 4071 3941 4138 redamari
3989 4074 4193 4138 Davi-

2262 4158 2408 4225 dem
2456 4160 2732 4242 probare
2777 4160 3141 4225 videretur:
3186 4156 3302 4223 sed
3337 4158 3739 4222 occasionem
3772 4157 3985 4224 fidelis
4019 4159 4192 4224 servi

2259 4244 2426 4311 clam
2467 4244 2899 4310 interficiendi
2937 4255 3005 4310 et
3038 4243 3404 4308 innocentis
3438 4244 3778 4325 sanguinis
3812 4243 4190 4308 effundendi

2261 4352 2581 4414 quaerens
2626 4333 2887 4414 nuptias
2928 4328 3365 4413 praetexebat.
3455 4328 3674 4411 Atque
3719 4330 3879 4393 istae
3922 4329 4191 4394 fuerunt

2259 4419 2400 4482 eius
2442 4430 2637 4497 artes,
2679 4416 2913 4500 quibus
2952 4428 3170 4481 tamen
3227 4414 3394 4479 nihil
3439 4414 3794 4496 promovit:
3854 4434 4004 4478 nam
4051 4413 4188 4479 Da-

2262 4502 2478 4567 videm
2520 4502 2808 4585 oportuit
2850 4501 2932 4568 ad
2974 4522 3263 4568 summos
3307 4500 3587 4565 honores
3629 4497 3838 4575 evehi,
3884 4500 4190 4583 regisque

2261 4609 2573 4673 generum
2622 4589 2763 4653 fieri
2807 4598 2874 4652 et
2914 4587 3116 4654 filiam
3160 4587 3368 4671 ipsius
3413 4581 3824 4666 desponsare.
3899 4582 4035 4649 Sed
4078 4587 4188 4669 qni

2261 4675 2339 4738 fit
2381 4686 2458 4737 ut
2492 4671 2655 4740 Saul
2696 4674 3075 4753 consentiat,
3116 4692 3319 4755 quum
3366 4669 3469 4736 vel
3508 4690 3722 4735 moras
3761 4682 4037 4749 nectere,
4084 4669 4192 4737 vel

2260 4759 2506 4842 aliquid
2573 4770 2786 4843 posset
2854 4759 3067 4824 adhuc
3134 4754 3557 4841 praetexere?
3637 4754 3872 4819 Nonne
3935 4767 4190 4839 poterat

2260 4847 2454 4911 etiam
2514 4846 2697 4928 regia
2739 4844 2844 4910 vel
2906 4845 3250 4929 tyrannica
3296 4840 3509 4924 potius
3554 4840 3903 4906 autoritate
3961 4854 4027 4906 et
4070 4863 4184 4925 po·

2260 4943 2495 4997 testate
2535 4952 2720 4995 suam
2780 4932 3170 4997 sententiam
3215 4946 3539 5009 revocare,
3596 4938 3666 4991 et
3716 4946 3943 4991 causas
3985 4927 4184 4993 etiam

2256 5016 2531 5095 adferre,
2577 5016 2812 5101 quibus
2854 5038 2923 5083 se
2968 5029 3161 5080 antea
3201 5012 3585 5097 quibusdam
3628 5010 3711 5076 de
3752 5013 3964 5078 causis
4006 5032 4187 5080 coac·

2258 5118 2396 5168 tum
2462 5103 2594 5166 iam
2661 5103 2814 5168 facti
2879 5101 3209 5185 poenitere
3287 5099 3559 5163 diceret:
3636 5098 4184 5181 quemadmodum

2258 5189 2603 5272 principes,
2647 5190 2752 5255 ius
2787 5208 2981 5254 omne
3016 5198 3083 5251 et
3118 5204 3394 5268 aequum
3430 5198 3804 5267 pervertere
3834 5194 4183 5267 praetextu

2259 5273 2601 5360 potestatis
2654 5288 2723 5341 et
2764 5273 3130 5341 autoritatis
3173 5270 3414 5336 solent:
3476 5269 3581 5336 vel
3633 5269 3832 5334 etiam
3874 5270 4191 5338 simulare

3686 5372 3787 5426 19*
