5059 6059
836 331 970 407 375

848 533 1192 620 praeeunti
1234 532 1538 600 alacriter
1579 531 1973 617 obsequutus
2010 532 2115 609 sit,
2153 530 2423 597 minime
2464 532 2774 598 refracta·

847 619 991 686 rius
1046 627 1162 686 ant
1215 619 1544 705 pervicax,
1603 627 1718 683 aut
1774 618 2150 703 arrogantia
2204 616 2510 696 tumidus,
2576 617 2688 684 sed
2734 638 2774 684 a

849 703 1128 772 doctoris
1197 705 1411 771 verbis
1475 715 1541 770 et
1606 704 1942 771 voluntate
2005 703 2314 786 pendens.
2403 703 2510 768 En
2573 704 2775 787 igitur

846 790 1166 874 quomodo
1209 791 1421 857 officio
1466 789 1740 874 pulchre
1801 810 2015 855 coram
2061 788 2343 854 Domino
2401 786 2771 854 defuncturi

848 897 1116 953 sumus,
1180 878 1237 942 si
1303 878 1386 941 ab
1451 897 1675 942 eorum
1734 876 2080 942 autoritate
2148 874 2382 959 quibus
2445 875 2772 940 commissi

846 982 1075 1028 sumus
1128 961 1221 1027 ita
1276 961 1702 1045 pendeamus,
1761 972 1834 1027 ut
1888 961 1971 1026 de
2022 959 2206 1025 nobis
2262 961 2421 1044 ipsis
2483 959 2774 1026 modeste

846 1050 1205 1114 sentientes
1250 1059 1420 1114 totos
1467 1068 1585 1113 nos
1639 1046 1769 1112 illis
1812 1048 2297 1131 permittamus:
2357 1067 2432 1112 ao
2485 1046 2770 1111 vicissim

846 1154 968 1219 pro
1012 1154 1169 1199 suae
1209 1133 1567 1200 vocationis
1610 1134 1840 1217 gradu,
1876 1133 1991 1215 qui
2031 1132 2175 1198 aliis
2219 1143 2535 1216 praesunt
2568 1142 2772 1198 certa·

846 1219 971 1285 tim
1016 1231 1083 1285 et
1132 1220 1529 1285 unanimiter
1562 1218 1690 1284 Dei
1734 1219 2006 1303 gloriam
2052 1230 2116 1284 et
2159 1217 2469 1284 honorem
2515 1237 2592 1283 ac
2632 1217 2770 1284 cul-

848 1313 992 1371 tum
1054 1320 1389 1388 quaerant,
1452 1315 1527 1371 ut
1589 1325 1787 1388 quum
1854 1305 2195 1369 autoritate
2259 1304 2560 1388 polleant,
2637 1324 2769 1368 non

850 1401 1166 1475 usurpent
1207 1392 1274 1456 in
1320 1392 1654 1457 inferiores
1698 1391 1899 1455 ullam
1947 1389 2382 1474 tyrannidem,
2434 1389 2547 1454 sed
2605 1388 2772 1454 bono

847 1477 1148 1560 exemplo
1188 1489 1531 1560 praeeant:
1577 1476 1807 1558 reliqui
1851 1495 2004 1541 vero
2046 1485 2276 1558 sponte
2309 1477 2770 1557 obsequantur,

853 1572 922 1630 et
964 1563 1044 1629 ad
1091 1584 1316 1628 eorum
1354 1563 1711 1629 doctrinam
1752 1582 1895 1627 sese
1937 1572 2347 1645 componant,
2390 1561 2459 1626 in
2497 1561 2772 1627 summis

858 1647 984 1715 Dei
1045 1648 1376 1716 benefieiis
1434 1651 1553 1714 boc
1607 1658 2018 1729 reponentes,
2082 1646 2253 1731 qnod
2297 1667 2337 1712 a
2377 1644 2616 1731 quibus
2658 1645 2770 1712 do-

854 1745 1131 1802 ceantur
1173 1735 1428 1817 abipso
1471 1745 1973 1815 consequuntur.

1026 1820 1351 1903 Deinceps
1415 1821 1725 1902 sequitur,
1790 1818 1917 1884 Dei
1972 1816 2222 1883 verbum
2280 1822 2426 1883 tunc
2480 1816 2773 1902 tennporis

851 1906 924 1972 in
957 1907 1161 1988 pretio
1199 1905 1422 1988 fuisse,
1480 1905 1748 1969 minime
1802 1903 2058 1987 quidem
2116 1903 2355 1988 populo
2399 1907 2566 1968 tanti
2610 1902 2770 1968 illud

858 1992 1086 2076 quanti
1130 1991 1394 2056 decebat
1437 1989 1729 2070 faciente,
1795 1989 1910 2055 sed
1954 2009 2100 2054 raro
2145 1988 2502 2055 visionibus
2545 2009 2621 2055 ac
2663 2010 2766 2054 re-

853 2076 1289 2144 velationibus
1335 2087 1492 2141 tunc
1535 2075 2018 2158 apparentibus,
2063 2086 2129 2140 et
2171 2076 2393 2161 paucis
2437 2074 2772 2158 prophetis

852 2161 1355 2245 emergentibus,
1415 2172 1609 2243 atque
1650 2161 1810 2226 adeo
1854 2160 2165 2244 religione
2210 2159 2402 2226 valde
2444 2171 2768 2241 corrupta.

849 2248 1098 2314 Notum
1121 2248 1295 2312 enim
1320 2258 1418 2312 est
1453 2267 1621 2330 quae
1643 2248 2008 2311 communia
2046 2255 2201 2311 sunt
2235 2266 2363 2311 non
2389 2244 2770 2330 plerumque

846 2333 1074 2417 magni
1117 2332 1468 2398 aestimari.
1558 2331 1723 2397 Nam
1770 2332 1880 2416 qui
1924 2333 2018 2415 fit,
2076 2331 2357 2415 exempli
2400 2332 2634 2415 gratia,
2694 2339 2771 2396 ιιι

849 2419 1033 2485 nobis
1092 2438 1290 2501 opera
1348 2418 1473 2482 Dei
1530 2417 1598 2483 in
1660 2417 1880 2483 oculos
1933 2416 2224 2501 quotidie
2282 2417 2658 2501 ingruentia
2700 2428 2769 2482 et

849 2502 1135 2570 eiusdem
1194 2502 1482 2586 quotidie
1540 2503 1852 2586 repetitae
1904 2504 2377 2569 admonitiones
2428 2502 2766 2583 vilescant,

848 2589 974 2655 nisi
1018 2586 1188 2671 quod
1236 2588 1497 2654 illarum
1543 2588 1958 2654 assuetudine
1992 2589 2377 2654 induremur
2410 2597 2477 2654 et
2518 2589 2587 2652 in
2627 2587 2765 2654 dies

846 2672 1403 2758 obstupescimus?
1446 2675 1689 2758 Ecquis
1734 2694 1866 2740 non
1910 2675 1977 2739 in
2022 2694 2342 2739 summam
2390 2674 2764 2739 admiratio-

843 2781 993 2826 nem
1041 2771 1402 2842 raperetur,
1448 2761 1504 2826 si
1548 2759 1750 2825 semel
1793 2762 1859 2826 in
1896 2779 2071 2825 anno
2107 2760 2260 2826 solis
2295 2759 2520 2825 iubare
2556 2771 2765 2824 terras

841 2844 1161 2911 illustrari
1205 2844 1549 2911 cerneret?
1604 2845 1841 2911 Verum
1890 2844 2287 2910 ordinarium
2334 2855 2400 2909 et
2441 2842 2762 2928 quotidia-

845 2952 1004 2996 num
1071 2930 1226 2998 solis
1291 2944 1587 2996 exortum
1654 2945 1722 2996 et
1783 2931 2147 2998 occubitum
2214 2930 2400 3016 parvi
2466 2930 2761 2996 facimus.

848 3014 1041 3098 Quod
1098 3016 1297 3101 igitur
1354 3037 1523 3099 quae
1569 3037 1718 3082 rara
1761 3030 1933 3094 sunt,
1979 3026 2044 3080 et
2087 3037 2253 3098 quae
2295 3017 2360 3080 in
2407 3016 2510 3081 sui
2554 3016 2760 3080 admi·

843 3102 1166 3168 rationem
1214 3103 1508 3169 homines
1551 3103 1856 3179 excitant,
1902 3123 2019 3185 pro
2051 3101 2382 3168 miraculis
2418 3100 2762 3180 habentur,

845 3188 1085 3254 idcirco
1143 3198 1280 3253 tum
1342 3189 1654 3272 temporis
1709 3187 1907 3252 fnisse
1951 3186 2075 3252 Dei
2120 3188 2392 3254 verbum
2436 3189 2505 3251 in
2553 3186 2762 3269 pretio

851 3273 1108 3351 dicitur,
1161 3273 1348 3340 cuius
1408 3275 1572 3337 ratio
1631 3272 1926 3351 additur,
1992 3272 2164 3356 quod
2216 3286 2347 3337 tam
2415 3272 2762 3338 manifesta

848 3359 1017 3427 visio
1061 3361 1306 3425 fuisset.
1374 3356 1870 3425 Observandum
1909 3378 2105 3441 porro
2138 3358 2311 3441 qnod
2351 3378 2551 3441 quum
2580 3359 2762 3423 Deus

848 3444 1324 3529 quodammodo
1368 3465 1509 3511 sese
1550 3444 1658 3509 isti
1704 3443 1940 3527 populo
1985 3443 2369 3509 subduxerit
2412 3455 2480 3509 et
2520 3443 2603 3507 ab
2645 3444 2761 3509 illo

848 3530 929 3596 ad
976 3540 1232 3613 tempus
1278 3530 1638 3610 occultarit,
1695 3531 1866 3594 iusto
1909 3531 2051 3594 eius
2092 3531 2158 3596 id
2217 3529 2462 3595 factum
2506 3527 2761 3604 iudicio.

842 3615 1385 3763 ingratitudinem
1432 3614 1650 3700 populi
1694 3614 2084 3681 ulciscentis.
2170 3613 2472 3697 Namque
2513 3615 2756 3681 irrevo-

849 3722 926 3767 ca
972 3702 1090 3766 iles
1154 3714 1219 3766 et
1284 3716 1465 3766 ratae
1526 3702 1984 3786 promissiones
2049 3711 2234 3765 erant
2306 3701 2461 3767 huic
2524 3700 2761 3785 populo

850 3786 1075 3866 factae,
1119 3788 1174 3852 si
1221 3786 1501 3852 debitam
1550 3787 1747 3852 verbo
1791 3784 1916 3851 Dei
1971 3797 2036 3850 et
2079 3784 2365 3851 eiusdem
2411 3787 2616 3851 cultui
2660 3808 2762 3850 re-

852 3871 1212 3938 verentiam
1260 3871 1680 3952 exhibuisset,
1715 3893 1878 3955 quae
1902 3871 2072 3956 apud
2097 3873 2329 3938 Mosen
2352 3872 2421 3937 in
2450 3872 2759 3936 Deutero-

852 3957 1074 4021 nomio
1116 3957 1536 4022 continentur
1580 3956 1684 4022 bis
1729 3958 1977 4023 verbis:
2022 3955 2364 4025 Suscitabo
2401 3956 2586 4022 vobis
2621 3978 2763 4041 pro-

849 4042 1081 4128 phetas
1124 4053 1191 4107 et
1237 4042 1399 4125 legis
1437 4062 1616 4108 meae
1652 4045 2038 4127 interpretes
2074 4065 2157 4109 ne
2191 4045 2491 4126 pereatis.
2557 4041 2762 4109 Prae-

846 4138 1197 4195 monuerat
1249 4149 1403 4194 vero
1460 4127 1770 4213 populum
1828 4151 1904 4194 ac
1962 4130 2128 4195 serio
2169 4129 2617 4207 interdixerat,
2678 4150 2760 4195 ne

847 4235 919 4282 se
964 4213 1424 4296 pollutionibus
1467 4235 1541 4280 ac
1586 4214 2149 4294 superstitionibus
2191 4216 2603 4280 ethnicorum
2647 4235 2757 4297 pa·

845 4309 1094 4365 teretur
1138 4298 1366 4364 abduci
1403 4311 1465 4364 et
1503 4301 1848 4382 inquinari,
1891 4322 2165 4383 quorum
2202 4301 2314 4365 alii
2349 4299 2758 4366 helluationi-

844 4386 964 4453 bus
1007 4396 1073 4450 et
1117 4386 1409 4450 ebrietati
1454 4385 1731 4464 obnoxii,
1800 4386 1909 4451 alii
1969 4385 2362 4470 blasphemis
2417 4394 2483 4451 et
2525 4396 2753 4451 contu-

844 4469 1128 4537 meliosis
1186 4471 1466 4540 vocibus.
1524 4470 1631 4534 alii
1689 4471 2188 4538 scortationibus
2244 4479 2434 4538 erant
2477 4471 2754 4537 addicti:

843 4578 919 4624 ao
984 4555 1263 4639 denique
1325 4577 1410 4621 ex
1475 4556 1678 4620 animi
1744 4556 2011 4621 libidine
2075 4568 2141 4622 et
2205 4569 2355 4624 voto
2420 4557 2749 4624 vivebant.

841 4643 1063 4725 Quare
1109 4665 1189 4707 ne
1232 4664 1415 4707 suam
1452 4643 1884 4707 conditionem
1924 4641 2303 4709 deteriorem
2341 4643 2751 4709 ethnicorum

841 4728 1121 4813 populus
1186 4728 1308 4793 iste
1366 4740 1774 4811 quereretur,
1835 4726 2157 4793 Dominus
2200 4750 2270 4793 se
2312 4729 2451 4793 fore
2493 4728 2748 4794 facilem

839 4813 921 4879 ad
966 4835 1188 4878 eorum
1236 4835 1459 4897 preces
1503 4813 1861 4897 pollicetur,
1905 4815 1959 4877 si
2006 4824 2235 4897 sponte
2276 4835 2346 4879 se
2382 4814 2506 4898 ipsi
2543 4814 2753 4881 subie-

839 4901 1065 4975 cerint,
1110 4920 1185 4964 ac
1231 4901 1432 4964 vitam
1476 4920 1556 4964 ex
1602 4919 1760 4965 suae
1805 4899 1967 4982 legis
2009 4901 2407 4983 praescripto
2452 4901 2748 4965 institue-

836 4985 993 5069 rint,
1069 4988 1254 5051 cuius
1334 5006 1664 5068 nunquam
1743 4985 1903 5066 ipsis
1966 4983 2350 5068 interpretes
2415 4982 2750 5052 defuturos

837 5069 1129 5153 spondet,
1174 5083 1240 5135 et
1284 5073 1658 5154 prophetiae
1702 5070 1944 5134 donum
1989 5091 2324 5153 nunquam
2361 5070 2536 5135 inter
2575 5073 2750 5154 ipsos

842 5156 1274 5220 desideratum
1336 5158 1449 5221 iri:
1509 5177 1585 5221 ac
1651 5154 1921 5238 proinde
1974 5153 2188 5221 Deum
2253 5177 2509 5240 semper
2574 5158 2748 5240 ipsos

838 5260 955 5325 per
989 5242 1340 5324 propbetas
1374 5261 1528 5307 suos
1564 5240 2063 5323 alloquuturnm.
2132 5240 2323 5323 Quod
2358 5263 2515 5309 sane
2549 5244 2747 5325 privi-

2479 341 2890 410 HOMILIA
2931 343 3131 413 xm.

4627 344 4731 413 376

2874 534 3122 619 legium
3188 540 3290 602 est
3349 532 3456 599 lon
3507 553 3542 598 e
3605 528 4026 598 excellentius
4091 526 4327 595 diaboli
4387 529 4734 612 quibuslibet

2874 619 3244 706 praestigiis
3301 628 3370 685 et
3421 553 3850 684 iffusionibus.
3940 613 4181 696 Quare,
4240 615 4297 681 si
4339 615 4600 698 populus
4635 619 4734 687 iste

2876 707 2999 772 Dei
3046 705 3246 772 verbo
3288 717 3518 789 sponte
3559 723 3701 768 sese
3742 699 4141 778 subiecisset,
4185 710 4252 764 et
4284 699 4348 765 id
4372 720 4495 784 qua
4513 703 4737 770 decebat

2873 792 3244 858 reverentia
3307 789 3700 873 excepisset,
3779 806 4118 868 nunquam
4185 785 4511 852 defuturos
4570 789 4736 856 fuisse

2873 878 3224 962 prophetas
3267 877 3584 955 videmus,
3628 874 3862 957 quibus
3895 892 3935 935 a
3958 872 4101 936 Deo
4142 872 4356 937 vocati
4399 883 4463 936 et
4502 874 4566 938 in
4602 876 4737 940 filios

2872 963 3158 1047 adoptati
3218 964 3285 1029 in
3352 962 3558 1044 ipsius
3621 960 3927 1042 obsequio
3994 957 4496 1024 continerentur.
4595 959 4739 1025 Hinc

2872 1049 3223 1133 prophetae
3268 1046 3396 1113 Dei
3440 1045 3680 1113 vexilla
3723 1058 3790 1110 et
3827 1044 4015 1125 signa
4055 1044 4428 1127 frequenter
4467 1045 4533 1109 in
4573 1046 4741 1111 sacris

2873 1136 3000 1202 dici
3057 1144 3217 1203 sunt
3271 1133 3473 1200 soliti:
3530 1131 3625 1198 sic
3669 1128 3964 1196 videmus
4007 1132 4320 1214 populum
4363 1128 4741 1196 israeliticum

2873 1242 3074 1305 quum
3119 1242 3159 1286 a
3201 1219 3584 1305 babylonica
3641 1215 4016 1301 captivitate
4076 1215 4284 1280 redux
4346 1215 4546 1281 factus
4584 1227 4740 1294 esset,

2873 1309 3056 1392 queri
3112 1307 3217 1373 bis
3273 1303 3442 1389 apud
3505 1303 3862 1369 Dominum
3918 1301 4171 1367 verbis:
4237 1298 4538 1382 Domine,
4588 1303 4742 1385 signs

2874 1405 3100 1460 nostra
3143 1413 3274 1459 non
3320 1390 3637 1468 videmus,
3694 1407 3825 1453 non
3877 1396 3977 1452 est
4019 1385 4297 1469 amplius
4339 1386 4656 1471 propheta,
4692 1397 4744 1453 et

2876 1501 3004 1546 non
3050 1490 3150 1546 est
3189 1476 3527 1543 nobiscum
3574 1473 3687 1558 qui
3730 1482 4092 1558 cognoscat,
4139 1491 4344 1555 usqne
4385 1471 4556 1556 quo?
4594 1471 4742 1554 Quo-

2876 1586 3020 1630 rum
3077 1565 3422 1632 verborum
3485 1560 3591 1626 hic
3649 1579 3879 1625 sensus
3939 1571 4072 1623 est:
4140 1557 4294 1623 Vah
4352 1558 4635 1634 Domine,
4684 1567 4743 1622 tu

2873 1651 3126 1716 solebas
3179 1648 3569 1716 familiarem
3628 1654 3693 1711 te
3744 1643 3982 1729 populo
4041 1651 4158 1708 tuo
4201 1643 4527 1727 praebere,
4569 1645 4747 1710 missis

2877 1736 2958 1801 ad
3005 1757 3154 1803 eum
3199 1732 3460 1801 famulis
3503 1731 3637 1797 tuis
3677 1729 4029 1815 prophetis,
4079 1740 4145 1793 et
4187 1728 4353 1814 legis
4398 1738 4547 1795 tuae
4586 1750 4747 1813 expo·

2874 1822 3181 1888 sitoribus
3216 1818 3562 1896 suscitatis,
3607 1825 3919 1899 tanquam
3955 1813 4320 1880 voluntatis
4356 1827 4506 1882 tuae
4530 1817 4745 1881 nunciis

2873 1916 2942 1973 et
2981 1904 3462 1991 interpretibus.
3532 1906 3624 1968 At
3660 1902 3821 1967 nulli
3854 1902 3986 1965 iam
4032 1902 4204 1966 inter
4238 1921 4356 1967 nos
4399 1903 4748 1967 exoriuntur

2876 1993 3260 2078 prophetae:
3307 1990 3463 2075 quid
3509 2008 3665 2073 ergo
3707 1985 3895 2052 nobis
3937 1986 4257 2068 reliquum
4301 1997 4422 2063 est,
4465 1987 4589 2052 nisi
4625 1995 4689 2051 ut
4716 2005 4748 2051 a

2876 2089 2943 2145 te
3001 2093 3309 2162 tanquam
3366 2097 3519 2141 oves
3575 2081 3835 2159 pastore
3878 2071 4225 2138 destitutae
4266 2072 4334 2137 in
4379 2072 4526 2140 avia
4564 2083 4622 2136 et
4661 2071 4750 2136 ds·

2874 2176 3050 2232 serta
3113 2163 3496 2249 praecipites
3559 2158 3966 2225 aberremus:
4044 2156 4201 2241 quid
4263 2159 4453 2225 nobis
4515 2156 4749 2237 miseris,

2870 2250 3158 2335 inquam,
3201 2249 3493 2315 futurum
3539 2243 3687 2311 est?
3729 2244 3978 2327 Itaque,
4023 2252 4100 2307 ut
4142 2243 4303 2322 dixi,
4350 2243 4581 2309 borum
4624 2263 4748 2307 ver-

2870 2336 3118 2415 borum,
3180 2334 3311 2403 Dei
3373 2351 3607 2414 nempe
3669 2329 3917 2396 verbum
3978 2334 4123 2395 tum
4179 2329 4255 2394 in
4304 2331 4513 2412 pretio
4562 2328 4749 2413 fuisse,

2871 2442 3100 2489 sensus
3143 2422 3200 2488 is
3242 2426 3361 2497 est,
3420 2428 3493 2483 ut
3536 2415 3864 2482 Samuelis
3919 2413 4321 2498 temporibus
4366 2416 4638 2481 sciamus
4669 2415 4751 2478 in-

2873 2508 3142 2593 dignum
3184 2506 3388 2572 fuisse
3432 2502 3741 2587 populum
3786 2499 4212 2566 israeliticum
4256 2500 4481 2566 divino
4524 2500 4631 2565 illo
4650 2499 4750 2565 Dei

2867 2593 3106 2671 favore,
3152 2591 3635 2679 prophetarum,
3676 2587 3964 2670 inquam,
3999 2586 4497 2652 continuatione
4531 2605 4603 2653 ac
4633 2607 4752 2652 snc-

2868 2679 3176 2757 cessione,
3221 2675 3394 2762 quod
3428 2672 3949 2756 corruptionibus
3983 2680 4050 2736 et
4083 2672 4662 2756 superstitionibus,
4691 2691 4751 2737 ac

2869 2765 2996 2831 Dei
3036 2776 3369 2832 contemtu
3414 2771 3590 2826 terra
3632 2758 3826 2844 plena
3868 2766 4073 2823 esset:
4117 2756 4286 2841 quod
4329 2757 4498 2843 legis
4531 2773 4754 2823 summa

2868 2860 3039 2917 esset
3081 2848 3471 2936 ignorantia,
3529 2853 3600 2911 et
3640 2843 3723 2909 ad
3779 2863 3966 2909 suam
4012 2843 4286 2927 quisque
4330 2842 4665 2909 libidinem
4701 2853 4754 2907 et

2866 2937 3208 3004 arbitrium
3252 2933 3524 3001 viveret.
3589 2929 3782 2997 Unde
3825 2939 4068 3012 postea,
4114 2941 4439 3010 regnante
4460 2927 4756 3007 Samuele,

2863 3022 3107 3089 sactum
3164 3028 3265 3086 est
3320 3027 3395 3084 ut
3451 3025 3589 3082 tota
3631 3025 3811 3081 terra
3852 3014 4022 3080 idola
4065 3015 4248 3099 prins
4289 3027 4514 3081 erecta
4553 3015 4755 3080 deiice-

2865 3117 3124 3187 rentur,
3187 3113 3254 3170 et
3309 3102 3536 3168 iisdem
3594 3110 3770 3168 terra
3829 3110 4240 3184 purgaretur.
4341 3099 4752 3167 Recedentcm

2863 3193 3081 3276 itaque
3124 3213 3164 3258 a
3204 3191 3485 3256 Domino
3545 3186 3875 3271 populum,
3934 3196 4002 3251 et
4060 3187 4371 3252 nuncium
4436 3187 4531 3251 illi
4579 3184 4754 3252 veluti

2863 3279 3321 3359 remittentem,
3367 3296 3408 3342 a
3449 3272 3593 3339 Deo
3639 3272 3926 3338 vicissim
3968 3273 4276 3355 oportuit,
4300 3271 4750 3355 quodammodo

2861 3363 3071 3431 deseri
3124 3374 3190 3429 et
3247 3360 3603 3444 repudiari:
3662 3359 4064 3440 verbumque
4120 3358 4349 3441 ipsius,
4395 3358 4567 3442 quod
4621 3356 4753 3423 facis

2860 3451 3069 3515 instar
3121 3447 3276 3532 ipsis
3334 3444 3707 3530 praelucere
3762 3443 4051 3522 debebat,
4111 3444 4472 3528 exstingui.
4555 3442 4754 3527 Neque

2861 3556 3019 3601 vero
3062 3533 3261 3602 semel
3308 3531 3429 3598 hoc
3473 3529 3546 3595 in
3589 3531 3713 3595 isto
3755 3529 3995 3614 populo
4032 3537 4288 3594 tantum
4323 3529 4451 3595 hoc
4495 3537 4751 3613 tempore

2860 3621 3152 3704 contigit,
3195 3616 3308 3685 sed
3351 3616 3513 3682 alias
3555 3635 3779 3698 saepe:
3843 3614 4066 3698 quales
4110 3624 4375 3679 exstant
4418 3614 4589 3698 apud
4631 3634 4753 3698 pro-

2862 3709 3129 3790 phetam
3173 3703 3741 3771 comminationes:
3783 3699 3942 3766 Ecce
3981 3700 4119 3767 dies
4159 3700 4436 3782 veniunt,
4482 3698 4756 3768 dioitDo·

2861 3793 3091 3874 minus,
3155 3796 3213 3856 et
3277 3791 3551 3855 mittam
3609 3785 3842 3868 famem
3905 3786 3978 3852 in
4038 3790 4303 3852 terram:
4365 3805 4493 3851 non
4550 3788 4755 3871 famem

2850 3880 3068 3962 panis,
3122 3895 3318 3959 neque
3372 3874 3543 3940 sitim
3597 3892 3817 3955 aquae,
3859 3872 3970 3938 sed
4003 3871 4303 3938 audiendi
4342 3873 4598 3939 verbum
4638 3869 4752 3938 Do-

2861 3965 3055 4029 mini:
3117 3963 3231 4046 qui
3317 3961 3499 4027 cibus
3557 3962 3918 4023 animarum
3978 3978 4172 4023 verus
4231 3967 4351 4023 est.
4454 3955 4754 4040 Quemad-

2862 4049 3124 4115 modum
3161 4046 3364 4132 igitur
3390 4044 3713 4111 Dominus
3747 4043 4086 4108 hominum
4124 4042 4467 4110 ulciscitur
4501 4053 4751 4129 peccata,

2861 4135 3054 4201 terris
3111 4133 3405 4199 immissa
3465 4129 3657 4213 panis
3700 4137 3767 4194 et
3809 4130 3945 4195 vini
3990 4130 4178 4208 fame,
4230 4148 4585 4214 rerumque
4618 4128 4752 4195 alia·

2861 4241 3029 4304 rum,
3086 4219 3319 4302 quibus
3373 4236 3643 4299 corpora
3696 4224 4182 4280 sustentantur:
4237 4215 4332 4281 sic
4391 4237 4621 4283 severa
4657 4212 4753 4279 illa

2857 4304 3048 4383 fame,
3115 4299 3438 4388 stupenda
3497 4322 3657 4367 sane
3722 4299 4032 4376 vindicta,
4098 4301 4408 4367 mortales
4475 4301 4747 4386 castigat,

2857 4389 3200 4456 animabus
3256 4388 3399 4455 cibo
3469 4386 3831 4453 necessario
3887 4386 4227 4453 deficiente
4292 4387 4749 4473 languentibus,

2857 4498 2932 4543 ac
2976 4474 3168 4559 plane
3229 4471 3693 4539 deficientibus.
3782 4472 3986 4537 Porro
4040 4473 4200 4539 satis
4255 4474 4494 4556 cuique
4547 4483 4747 4539 notum

2853 4562 3029 4627 istud
3095 4568 3216 4639 est,
3283 4579 3403 4625 nos
3467 4558 3537 4624 in
3602 4560 3780 4623 vitae
3846 4577 4026 4641 spem
4093 4569 4395 4625 aeternae
4458 4580 4589 4625 non
4640 4555 4749 4624 alio

2853 4667 3048 4730 quam
3092 4645 3220 4712 Dei
3262 4645 3523 4711 coelesti
3568 4644 3768 4709 verbo
3809 4664 3998 4727 posse
4042 4644 4246 4709 foveri
4282 4665 4357 4710 ac
4393 4641 4745 4711 sustentari.

2854 4731 3077 4814 Quare
3132 4752 3296 4815 quae
3354 4729 3619 4815 gravior
3674 4728 4036 4795 maledictio
4079 4731 4328 4796 accidat
4372 4729 4740 4803 bominibus,

2852 4838 3043 4901 quam
3089 4819 3143 4882 si
3190 4817 3312 4881 Dei
3358 4816 3573 4894 verbo,
3618 4817 3809 4882 unico
3849 4816 4159 4881 thesauro
4200 4816 4569 4882 animarum
4612 4833 4741 4881 nos·

2853 4915 3124 4984 trarum,
3161 4903 3335 4967 iusto
3360 4902 3567 4984 ipsius
3586 4901 3825 4966 iudicio
3848 4900 4254 4986 spolientur?
4299 4903 4473 4968 Nam
4497 4901 4744 4967 miseros

2848 4988 3174 5054 horrenda
3215 4987 3586 5053 confusione
3629 4995 3696 5052 et
3736 4985 4152 5072 dissipatione
4196 5009 4457 5054 necesse
4500 4997 4601 5054 est
4636 4987 4743 5050 iao-

2850 5076 2978 5140 tari
3021 5075 3254 5158 quibus
3300 5074 3473 5138 vitae
3517 5091 3747 5137 norma
3782 5083 3848 5139 et
3890 5073 4117 5158 regula
4151 5073 4405 5140 sublata
4441 5087 4558 5141 est.
4622 5070 4743 5137 Nos

2850 5161 3073 5244 itaque
3117 5160 3173 5225 si
3210 5159 3426 5223 Deum
3469 5159 3672 5223 nostri
3716 5177 3939 5224 curam
3986 5157 4225 5225 habere
4265 5160 4578 5227 certiores
4617 5153 4742 5224 fleri

2849 5249 3166 5333 cupimus,
3212 5245 3481 5313 verbum
3515 5243 3657 5310 eius
3690 5244 3898 5329 pluris
3931 5265 4125 5328 quam
4167 5246 4297 5328 isti,
4339 5267 4619 5330 quornm
4651 5242 4748 5309 hic
