5059 6059
868 326 998 412 159

1419 510 1916 596 HOMILIA
1964 513 2268 596 LVIII.

1047 651 1107 716 3.
1156 647 1246 714 Et
1284 647 1532 713 vocabis
1565 647 1707 716 Isai
1749 649 1837 714 ad
1876 650 2210 728 victunam,
2253 654 2309 714 et
2350 669 2450 733 eqo
2495 648 2813 714 ostendam

869 737 985 804 a‘bi
1006 736 1164 817 quid
1192 735 1435 817 facias:
1477 739 1533 798 et
1557 755 1751 819 unyes
1785 755 2199 818 quemcunque
2232 739 2650 800 monstravero
2686 731 2814 799 tibi.

864 824 930 889 4.
977 820 1154 887 Fecit
1209 840 1352 905 erqo
1401 817 1654 886 Samuel
1707 823 1869 886 siout
1909 821 2201 904 loquutus
2240 825 2327 887 est
2368 821 2427 886 ei
2471 819 2818 884 Dominus.-

727 947 732 952 -
865 909 1145 989 venitque
1187 907 1258 971 in
1296 905 1668 987 Bethlehem,
1713 914 1770 972 et
1813 908 2118 972 admirati
2157 910 2304 971 sunt
2345 907 2622 970 seniores
2662 905 2813 970 eivi-

866 996 1036 1073 tatis,
1090 998 1468 1059 occurrentes
1521 994 1598 1073 ei,
1654 993 2103 1074 dixeruntque.-
2163 991 2550 1073 Pacifieusne
2591 996 2677 1056 est
2720 992 2811 1056 in·

864 1099 1122 1166 gressus
1165 1077 1367 1144 tuus?
1432 1076 1493 1143 5.
1537 1078 1629 1143 Et
1669 1080 1795 1144 ait.-
1838 1077 2186 1159 Pacificus:
2232 1079 2319 1143 ad
2359 1077 2814 1143 immolandum

869 1165 1145 1233 Domino
1201 1165 1375 1228 veni:
1430 1164 1932 1248 sanctificamini,
1978 1169 2034 1228 et
2075 1163 2270 1230 venite
2308 1183 2543 1228 mecum
2584 1168 2652 1226 ut
2694 1164 2811 1228 im-

867 1252 1106 1317 molem,
1190 1249 1615 1331 Sanctifieavit
1656 1269 1796 1334 erqo
1840 1250 1983 1316 lsai
2024 1254 2082 1314 et
2115 1249 2290 1332 filios
2332 1250 2504 1313 eius.-
2546 1255 2603 1313 et
2641 1269 2814 1314 voca-

868 1338 961 1403 vit
1017 1356 1122 1402 eos
1173 1336 1259 1401 ad
1314 1334 1717 1416 sacrificium.
1807 1335 1869 1400 6.
1921 1335 2243 1418 Quumque
2288 1335 2560 1420 inyressi
2600 1339 2811 1417 essent,

864 1422 1029 1489 vidit
1070 1420 1283 1500 E'liab,
1329 1425 1387 1485 et
1428 1423 1552 1487 ait.-
1600 1420 1775 1485 Num
1817 1441 2026 1488 coram
2070 1419 2348 1487 Domino
2391 1425 2481 1485 est
2527 1418 2815 1486 Christus

855 1508 1063 1575 eius?
1152 1507 1209 1571 7.
1266 1505 1355 1571 Et
1401 1505 1570 1572 dimit
1624 1505 1939 1572 Dominus
1981 1506 2069 1573 ad
2116 1505 2500 1571 Samuelem.-
2559 1505 2659 1570 Ne
2713 1525 2812 1570 re-

862 1595 1106 1678 spicias
1160 1592 1401 1658 vultum
1458 1593 1613 1670 eius,
1671 1613 1863 1675 neque
1900 1591 2296 1658 altitudinem
2335 1596 2617 1657 staturae
2659 1593 2812 1671 eius,

862 1680 1162 1763 quoniam
1203 1678 1401 1744 abieci
1443 1697 1617 1743 eum:
1675 1697 1785 1743 neo
1825 1679 2010 1744 iuxta
2051 1679 2349 1743 intuitum
2388 1676 2660 1742 hominis
2700 1697 2812 1760 eqo

865 1767 1113 1832 iudico:
1166 1764 1344 1829 homo
1393 1765 1558 1829 enim
1613 1763 1778 1830 videt
1834 1785 1910 1830 ea
1968 1784 2128 1846 quae
2173 1767 2436 1845 parent,
2495 1761 2815 1828 Dominus

868 1856 1074 1918 autem
1128 1851 1408 1915 intuetur
1449 1870 1570 1915 eor.
1660 1850 1719 1916 8.
1766 1848 1855 1914 Et
1890 1851 2129 1915 vocavit
2170 1848 2313 1913 Isai
2352 1848 2714 1924 Abinadab,
2761 1853 2816 1913 et

866 1937 1141 2004 adduoeit
1199 1955 1339 2000 eum
1403 1955 1612 2001 eoram
1672 1934 1975 2012 Samuele,
2044 1935 2155 2017 qui
2208 1935 2373 1999 dixit
2386 1959 2405 1998 .·
2466 1934 2598 1998 Neo
2652 1933 2815 2000 hunc

867 2022 1045 2107 eleqit
1101 2020 1434 2088 Dominus.
1521 2020 1583 2086 9.
1627 2021 1921 2087 Adduxit
1972 2025 2177 2086 autem
2221 2020 2363 2086 Isai
2405 2017 2699 2084 Samma:
2740 2021 2816 2085 de

866 2129 990 2191 quo
1044 2108 1168 2173 ait:
1226 2105 1445 2172 Etiam
1503 2105 1668 2173 huno
1720 2128 1844 2173 non
1886 2105 2065 2190 eleqit
2107 2104 2445 2172 Dominus.
2539 2105 2640 2170 10.
2684 2105 2817 2171 Aa·

868 2194 1057 2262 duxit
1113 2194 1322 2275 itaque
1366 2191 1510 2257 Isa'i
1560 2197 1786 2275 septem
1840 2192 2008 2274 filios
2065 2212 2211 2256 suos
2253 2211 2464 2257 eoram
2508 2188 2815 2271 Samuele,

867 2287 928 2347 et
968 2281 1065 2344 ait
1105 2277 1362 2343 Samuel
1401 2278 1486 2342 ad
1531 2277 1676 2344 Isa'i
1691 2304 1710 2343 .·
1769 2278 1910 2344 Non
1954 2277 2131 2361 eleyit
2172 2276 2489 2343 Dominus
2530 2296 2610 2341 etc
2653 2278 2813 2342 istis.

875 2366 979 2430 11.
1040 2363 1349 2446 Dixitque
1406 2361 1661 2430 Samuel
1719 2365 1804 2429 ad
1859 2361 2029 2429 Isai:
2090 2362 2419 2444 Numquid
2476 2363 2606 2427 iam
2663 2383 2815 2428 com-

860 2449 1026 2533 pleti
1078 2454 1224 2514 sunt
1276 2449 1450 2531 filii?
1553 2450 1679 2531 Qui
1733 2449 2068 2532 respondit,
2128 2447 2333 2514 adhuc
2383 2447 2668 2530 reliquus
2726 2453 2816 2514 est

862 2534 1198 2619 parvulus,
1251 2540 1309 2601 et
1352 2535 1569 2616 pascit
1622 2554 1781 2601 oves.
1885 2533 1976 2599 Et
2035 2533 2129 2600 ait
2185 2534 2441 2599 Samuel
2494 2534 2584 2600 ad
2640 2532 2815 2599 lsai.-

873 2620 1084 2701 Mtte,
1141 2627 1198 2685 et
1254 2619 1459 2687 adduc
1516 2639 1689 2686 eum.-
1742 2640 1850 2686 nec
1904 2621 2071 2686 enim
2111 2620 2561 2686 discumbemus
2591 2622 2813 2702 prius·

870 2726 1062 2790 quam
1112 2704 1231 2773 huc
1287 2705 1395 2772 ille
1452 2705 1680 2771 veniat.
1785 2707 1885 2772 12.
1943 2706 2134 2772 Misit
2190 2726 2364 2791 erqo,
2436 2711 2492 2770 et
2548 2706 2816 2771 adduxit

868 2811 1047 2859 eum:
1091 2796 1228 2858 erat
1258 2797 1465 2858 autem
1498 2792 1689 2874 rufus
1731 2797 1788 2858 et
1816 2792 2082 2875 pulcher
2122 2792 2433 2873 adspectu,
2474 2791 2816 2873 decoraque

863 2879 1051 2963 facie.
1150 2875 1240 2943 Et
1289 2878 1381 2943 ait
1437 2876 1788 2944 Dominus.-
1847 2877 2081 2963 Surqe,
2129 2882 2186 2944 et
2240 2897 2398 2961 unqe
2454 2896 2628 2942 eum.-
2679 2879 2814 2958 ipse

865 2969 959 3031 est
999 2963 1181 3031 enim.

1041 3083 1375 3149 Hesterna
1417 3083 1725 3149 concione
1769 3083 1985 3147 dicere
2027 3083 2384 3167 ecepimus,
2438 3080 2812 3148 Samuelem

868 3172 1145 3236 missum
1207 3189 1246 3233 a
1299 3168 1588 3235 Domino
1646 3168 1731 3234 ad
1772 3168 2101 3234 Davidem
2158 3166 2540 3252 ungendum
2602 3177 2674 3232 et
2713 3169 2812 3232 in-

865 3254 1345 3341 augurandum,
1402 3264 1741 3320 causatum
1797 3274 1940 3321 esse
1997 3265 2244 3319 metum
2290 3253 2537 3333 Saulis,
2596 3274 2637 3318 a
2687 3273 2814 3335 quo

867 3343 923 3409 si
980 3339 1104 3406 hoc
1163 3340 1557 3419 rescisceret,
1625 3360 1801 3405 mors
1854 3340 1986 3422 ipsi
2042 3341 2416 3405 inferretur.
2519 3338 2628 3404 Ex
2686 3357 2812 3422 quo

867 3449 912 3494 a
956 3441 1141 3510 paret
1184 3424 1568 3510 prophetam
1614 3424 1857 3508 aliquid
1902 3425 2177 3490 humani
2223 3446 2513 3508 passum,
2557 3437 2624 3488 et
2664 3424 2815 3489 licet

975 3511 1102 3577 Dei
1140 3511 1523 3595 obsequium
1558 3522 1731 3577 esset
1765 3512 2230 3594 paratissimus,
2279 3532 2406 3575 non
2453 3511 2549 3575 ita
2590 3518 2810 3574 tamen

878 3597 1204 3670 humanas
1260 3597 1594 3681 passiones
1652 3596 1912 3663 exuisse
1952 3597 2108 3680 quin
2153 3607 2432 3665 mortem
2475 3605 2811 3661 metueret.

877 3682 981 3752 Ac
1038 3703 1195 3749 sane
1248 3704 1451 3765 quum
1510 3682 1739 3749 fideles
1782 3683 1910 3747 Dei
1967 3683 2141 3748 servi
2193 3691 2470 3747 mortem
2506 3690 2815 3765 oppetere

875 3789 1012 3838 non
1074 3767 1455 3834 dubitarunt
1512 3769 1581 3833 in
1625 3770 1730 3835 sui
1772 3769 2064 3833 muneris
2107 3769 2460 3847 functione,
2500 3789 2633 3832 non
2675 3787 2811 3832 om-

868 3854 1028 3921 nino
1091 3864 1270 3919 metu
1333 3854 1549 3937 aliquo
1614 3855 1886 3920 mortuis
1948 3863 2324 3921 caruerunt.
2407 3854 2596 3919 Passi
2655 3860 2812 3917 sunt

872 3940 974 4006 illi
1008 3958 1200 4004 sane:
1237 3937 1349 4003 sed
1387 3960 1521 4004 non
1565 3940 1704 4004 sine
1745 3937 1946 4006 lucta.
2013 3939 2283 4004 Poterat
2326 3937 2587 4022 quidem
2612 3938 2811 4015 Deus,

873 4026 932 4092 si
978 4024 1312 4101 voluisset,
1348 4024 1675 4091 Samuelis
1717 4028 2008 4090 animum
2053 4025 2147 4089 ita
2189 4024 2508 4100 roborare,
2555 4044 2637 4088 ne
2680 4022 2815 4088 ullo

870 4109 1107 4178 mortis
1146 4123 1323 4174 metu
1361 4119 1773 4194 tangeretur:
1818 4110 1931 4175 sed
1977 4111 2120 4175 eius
2161 4111 2606 4176 infirmitatem
2653 4107 2813 4173 tole-

873 4210 1000 4280 rat,
1034 4195 1502 4280 polliceturque
1539 4216 1669 4260 non
1704 4197 2118 4274 moriturum,
2157 4210 2225 4262 et
2259 4195 2602 4279 fugiendae
2638 4215 2811 4259 mor-

877 4283 962 4351 tis
1021 4283 1344 4346 rationem
1409 4282 1639 4364 aperit.
1745 4280 1930 4346 Deus
1994 4284 2166 4346 enim
2224 4302 2344 4346 nos
2396 4291 2473 4346 ut
2525 4281 2814 4346 infantes

875 4369 1065 4453 regit,
1112 4377 1178 4431 et
1221 4366 1530 4448 quamdiu
1577 4366 1823 4431 infirmi
1866 4388 2109 4446 sumus,
2156 4389 2288 4431 non
2333 4367 2653 4448 permittit
2695 4387 2811 4431 nos

873 4451 1049 4520 ultra
1109 4471 1486 4517 mensuram
1557 4467 1622 4517 et
1694 4453 1865 4517 vires
1934 4455 2190 4518 tentari.
2314 4451 2449 4518 Sed
2520 4452 2810 4517 vicissim

874 4559 1078 4623 quum
1139 4536 1340 4602 vitam
1399 4557 1438 4601 a
1497 4540 1680 4603 nobis
1734 4540 1963 4619 poscit,
2020 4549 2086 4603 et
2143 4538 2280 4602 vult
2336 4558 2482 4602 eam
2537 4558 2579 4602 a
2621 4537 2809 4602 nobis

878 4636 1193 4708 tanquam
1273 4632 1536 4708 gratum
1620 4625 1747 4706 ipsi
1826 4623 2211 4690 sacrificium
2290 4623 2554 4700 offerri,
2637 4624 2811 4689 vires

874 4710 1075 4776 etiam
1126 4720 1194 4773 et
1236 4710 1671 4775 constantiam
1713 4709 2028 4774 invictam
2072 4710 2466 4793 suppeditat,
2525 4721 2599 4773 ut
2657 4730 2808 4791 quo-

871 4816 1004 4863 cun
1050 4815 1132 4859 ue
1209 4796 1547 4861 vocaverit
1574 4847 1588 4871 ,
1669 4795 2094 4878 imperterriti
2173 4816 2540 4877 sequamur.
2666 4795 2809 4861 Hoc

875 4816 1130 4945 diceliat
1217 4880 1413 4947 Petro
1497 4881 1823 4946 Dominus
1924 4893 2143 4945 noster
2228 4880 2416 4946 Iesus
2499 4880 2811 4946 Christus

875 4965 981 5029 his
1054 4964 1302 5031 verbis:
1375 4965 1591 5031 Amen
1661 4965 1805 5031 dico
1862 4966 2009 5042 tibi,
2084 4987 2280 5046 quum
2341 4987 2517 5031 esses
2571 4966 2808 5045 iunior,

873 5048 1186 5134 cingebas
1258 5061 1322 5116 te
1391 5063 1457 5115 et
1526 5051 1667 5116 ibas
1735 5072 1862 5133 quo
1935 5051 2223 5117 volebas:
2313 5072 2510 5133 quum
2588 5062 2807 5116 autem

2489 319 2901 390 HOMILIA
2948 318 3205 386 LVIII.
4670 326 4750 390 160

2918 506 3131 574 cordis
3166 506 3607 590 penetralibus
3642 507 4027 574 babeamus:
4073 527 4151 572 ac
4183 507 4454 592 proinde
4487 510 4655 577 donec
4676 534 4757 580 ιω

2918 607 3195 658 mortem
3257 593 3415 658 velit
3468 604 3789 676 oppetere,
3848 615 3980 659 non
4037 596 4307 660 instruit
4362 616 4443 661 ea
4495 597 4691 662 virtute
4717 613 4760 665 et

2917 678 3297 744 fortitudine
3338 698 3466 762 qua
3507 678 3839 761 praeditos
3882 679 4178 746 videmus
4220 683 4332 764 qui
4375 681 4609 747 fortiter
4640 705 4758 749 noi·-

2917 775 3049 828 tem
3083 776 3390 848 oppetere
3425 783 3557 829 non
3603 763 4070 830 reformidant:
4114 787 4190 831 ac
4234 767 4504 849 proinde
4539 768 4601 832 in
4632 769 4761 837 illu

2914 851 3125 915 omnis
3159 869 3316 914 cura
3352 863 3574 915 nostra
3608 848 3961 915 reiicienda
4002 863 4120 928 est,
4168 864 4233 917 et
4275 852 4640 935 sperandum
4672 857 4763 921 iun

2917 947 2993 1001 ut
3049 955 3248 1019 quum
3308 957 3427 1000 nos
3482 935 3552 999 in
3612 936 3742 1001 ista
3794 938 4151 1000 certamina
4193 939 4511 1004 eoniicoee
4547 940 4766 1020 volun-ig

2917 1023 3158 1087 virtute
3194 1022 3442 1087 invicta
3476 1022 3673 1085 etiam
3711 1019 3960 1086 induat.
4017 1022 4291 1088 Interim
4329 1035 4543 1089 tamen
4573 1028 4767 1093 nativ-

2913 1107 3025 1172 ille
3079 1109 3146 1171 in
3206 1108 3389 1173 nobis
3439 1118 3653 1171 metus
3694 1121 3762 1171 et
3805 1108 4204 1174 infirmitatis
4245 1131 4473 1175 sensus
4513 1131 4580 1175 ee
4615 1113 4767 1177 wri-

2913 1193 3249 1260 stimulare
3293 1214 3411 1257 nos
3452 1192 3644 1258 debet
3683 1193 3766 1257 ad
3809 1212 4036 1276 preces
4081 1195 4316 1277 quibus
4354 1195 4565 1260 Deum
4603 1197 4771 1264 selliti·

2914 1290 3147 1344 temus.
3235 1278 3407 1344 Nam
3464 1280 3573 1362 qui
3627 1298 3699 1342 se
3754 1279 3877 1343 boc
3928 1291 4107 1344 metu
4156 1294 4224 1344 et
4265 1281 4599 1347 formidine
4632 1285 4773 1347 sea&

2914 1365 3207 1430 laborare
3266 1365 3538 1430 moleste
3589 1364 3656 1428 id
3715 1364 3888 1429 serre
3945 1366 4175 1431 vitium
4220 1366 4430 1445 debet,
4504 1368 4775 1451 Deumque

2916 1464 2991 1516 ut
3013 1450 3352 1515 medeatur
3374 1450 3646 1533 precari.
3712 1447 4125 1532 Sperandum
4166 1465 4386 1517 tamen
4424 1454 4775 1520 nibilominus

2914 1536 3151 1614 Deum,
3186 1556 3392 1619 quum
3417 1535 3767 1601 necessitas
3790 1536 4153 1617 postularit.
4187 1539 4505 1604 auxilinm
4541 1539 4777 1618 lateran,

2914 1639 2980 1687 et
3045 1623 3139 1686 ita
3188 1634 3521 1686 momento
3580 1622 3954 1688 voluntates
4011 1624 4531 1704 immutat-urum,
4582 1637 4651 1689 ut
4689 1647 4778 1690 ιιοι

2915 1707 3107 1772 modo
3176 1727 3309 1771 non
3362 1706 3778 1772 formidolosa
3834 1717 3903 1772 et
3953 1727 4177 1773 amara
4228 1731 4423 1780 mors.
4489 1710 4591 1776 sed
4638 1713 4778 1775 eun

2915 1794 3123 1859 dulcis
3157 1806 3222 1857 et
3257 1805 3446 1875 grata
3486 1793 3713 1857 futura
3754 1794 3860 1857 sit.
3925 1791 4427 1861 Observandum
4475 1797 4654 1860 etiarn
4690 1818 4781 1861 ιιι

2914 1900 3141 1945 omnes
3184 1878 3299 1961 qui
3343 1877 3488 1942 Deo
3527 1897 3733 1960 usque
3775 1878 3859 1942 ad
3904 1889 4179 1945 mortem
4225 1884 4611 1957 servierunt,
4656 1895 4781 1946 metu

2915 1977 2983 2030 et
3042 1966 3271 2029 timore
3331 1963 3544 2046 aliquo
3601 1982 3843 2030 vacuos
3896 1964 4130 2031 fuisse:
4186 1987 4402 2050 neque
4461 1969 4631 2032 enim
4664 1968 4785 2051 qued

2917 2052 3282 2116 humanum
3326 2062 3426 2114 est
3468 2061 3807 2115 exuerant.
3869 2047 4118 2117 Verum
4163 2061 4401 2134 tamen,
4444 2074 4637 2138 quum
4672 2074 4787 2135 opu

2916 2136 3045 2201 fuit
3067 2185 3084 2218 ,
3156 2134 3340 2200 Deus
3405 2135 3873 2218 impedimenta
3936 2136 4201 2203 sustulit
4262 2158 4430 2222 quae
4503 2138 4583 2204 ab
4633 2140 4790 2205 offici·

2916 2222 3063 2287 illos
3106 2223 3274 2287 forte
3318 2220 3820 2286 deterruissent:
3874 2232 3990 2286 aut
4032 2222 4227 2288 etiam
4273 2225 4433 2307 ipsis
4478 2246 4560 2290 ne
4599 2226 4662 2289 in
4695 2246 4788 2290 osr-

2917 2318 3137 2373 tamen
3199 2309 3496 2371 venirent
3550 2306 3870 2390 pepercit:
3930 2307 4296 2374 cuiusmodi
4336 2309 4693 2393 exemplum
4720 2310 4791 2375 hit

2916 2392 3235 2458 habemus
3278 2395 3346 2459 in
3393 2390 3717 2458 Samuele.
3805 2390 4024 2476 Atque
4084 2394 4213 2461 bec
4265 2397 4485 2479 ipsum
4529 2416 4642 2461 nos
4675 2395 4791 2460 bem

2917 2477 3164 2543 Paulus
3221 2477 3429 2556 docet,
3486 2498 3688 2560 quum
3745 2479 3873 2543 ait:
3929 2477 4143 2562 Deum
4202 2501 4337 2545 non
4378 2484 4791 2564 permissuru-

2916 2586 3037 2630 nos
3059 2564 3240 2628 ultra
3260 2566 3435 2628 vires
3471 2575 3727 2629 nostras
3760 2565 4036 2629 tentari:
4068 2564 4197 2632 aed
4227 2567 4583 2633 tentationi
4611 2568 4793 2632 bonu-

2916 2652 3168 2717 exitum
3222 2649 3545 2714 daturum.
3634 2649 3889 2733 Nempe
3944 2652 4039 2716 ita
4081 2653 4302 2716 emnia
4343 2652 4667 2736 sapienter
4698 2671 4792 2717 ιιι»

2917 2736 3206 2813 deretur,
3265 2747 3340 2801 ut
3397 2755 3596 2817 quum
3641 2746 3904 2801 noemae
3944 2737 4351 2803 obedientiae
4395 2738 4614 2806 sm
4650 2760 4795 2823 expe

2918 2823 3271 2887 timentum
3335 2821 3634 2899 voluerit,
3691 2823 3886 2886 etiam
3946 2824 4127 2888 vires
4166 2823 4565 2909 suppeditet,
4619 2825 4795 2908 quibu

2961 2928 3108 2973 ares
3162 2906 3522 2973 efficiamur
3574 2907 3921 2972 tentationi
3974 2909 4297 2976 ferendae.
4390 2909 4510 2977 Sic
4553 2911 4668 2979 boc
4700 2910 4798 2976 loa

2986 3016 3103 3060 eus
3160 2992 3456 3059 Samueli
3521 2993 3693 3058 viam
3749 2991 4059 3073 ostendit,
4116 3016 4245 3079 qua
4291 2993 4515 3064 Saulis
4572 2999 4796 3063 furem

2918 3080 3221 3163 effugiat:
3278 3099 3405 3161 qua
3459 3077 3531 3142 in
3590 3098 3665 3142 re
3703 3077 3924 3143 Deum
3967 3083 4165 3146 etiam
4210 3081 4521 3151 videmus
4561 3082 4798 3149 velutin

2917 3164 3302 3230 infirmitate
3335 3163 3639 3246 progredi
3681 3164 3981 3230 voluisse.
4047 3168 4317 3232 Poterat
4355 3172 4536 3235 enim
4579 3170 4698 3235 alia
4727 3187 4798 3232 ra·

2919 3251 3097 3315 tione
3161 3247 3534 3315 Samuelem
3604 3251 3993 3316 confirmare
4008 3303 4025 3331 ,
4103 3251 4212 3319 vel
4275 3254 4707 3336 promittendo
4750 3272 4799 3318 a

2917 3335 3141 3402 Saulis
3175 3356 3441 3401 manum
3476 3345 3906 3414 retenturum,
3952 3337 4059 3404 vel
4101 3339 4301 3405 etiam
4344 3340 4717 3408 effecturum
4745 3359 4799 3403 ue

2916 3420 2999 3486 ad
3054 3422 3200 3486 eius
3242 3441 3435 3487 aures
3475 3421 3605 3486 ista
3644 3423 4087 3505 pervenirent,
4142 3425 4246 3491 vel
4293 3423 4579 3510 denique
4617 3447 4681 3491 se
4710 3425 4798 3489 iter

2916 3519 2985 3573 et
3038 3527 3203 3589 opus
3260 3507 3466 3590 ipsius
3504 3508 4021 3574 fortunatarum:
4065 3531 4233 3593 qnae
4270 3514 4502 3579 cannia
4542 3514 4613 3577 in
4653 3530 4801 3576 mu

2916 3592 3190 3658 Domini
3252 3602 3461 3659 erant.
3550 3593 3801 3659 Verum
3860 3595 4077 3660 noluit
4114 3599 4435 3663 miramlo
4480 3620 4623 3663 rem
4658 3599 4799 3661 im

2914 3679 3241 3745 Dominus
3277 3679 3606 3760 perficere,
3652 3679 3764 3744 sed
3800 3679 4088 3747 humana
4122 3685 4389 3764 ratione,
4435 3682 4803 3768 quamobm

2915 3766 3043 3830 ait:
3088 3764 3122 3827 1
3160 3777 3226 3829 et
3269 3765 3542 3829 vitulam
3588 3765 3668 3830 de
3711 3781 4009 3832 armento
4051 3767 4210 3834 tolle
4248 3769 4319 3833 in
4363 3791 4573 3836 mann
4619 3781 4733 3845 tua,
4761 3777 4802 3829 d

2915 3849 3142 3915 dicito:
3188 3848 3294 3915 Ad
3337 3849 3807 3916 immolandum
3852 3851 4137 3918 Domino
4181 3856 4350 3920 veni.
4442 3856 4621 3922 Hine
4657 3873 4803 3939 appt-

2916 3946 3019 4001 ret
3073 3956 3273 4018 quam
3330 3938 3529 4001 variis
3569 3936 3779 4002 modis
3822 3936 4006 4003 Deus
4049 3959 4201 4004 suos
4244 3952 4582 4027 protegat:
4624 3955 4692 4006 ut
4723 3938 4801 4002 ali·

2914 4023 3170 4105 quando
3238 4022 3371 4086 vim
3436 4042 3622 4087 suam
3686 4023 4114 4090 excellentem
4154 4041 4445 4105 exserat,
4504 4023 4803 4111 aliqffl

2917 4107 3117 4172 veluti
3150 4108 3445 4187 occultet,
3481 4108 3643 4173 adeo
3680 4120 3753 4174 ut
3786 4111 3993 4175 nostri
4026 4132 4253 4177 euram
4288 4112 4607 4180 abiecisse
4636 4111 4803 4177 vido·

2916 4206 3041 4272 tur,
3095 4205 3161 4257 et
3206 4193 3635 4259 nihilominus
3690 4209 3906 4261 tamen
3950 4217 4073 4262 nos
4116 4209 4419 4282 protegat
4464 4210 4539 4264 et
4577 4209 4801 4270 tueatur,

2914 4280 3066 4346 licet
3125 4279 3326 4344 modis
3382 4280 3661 4346 infirmis
3716 4293 3783 4345 et
3834 4282 4211 4348 hominibus
4262 4284 4639 4370 incognitis.
4708 4281 4803 4347 Hi·

2914 4386 3067 4431 vero
3132 4385 3263 4428 non
3331 4365 3595 4431 dubium
3655 4377 3757 4432 est
3809 4368 3968 4451 quin
4028 4369 4357 4436 Samuelis
4415 4368 4799 4438 obedientia-

2913 4451 3253 4532 explorare
3278 4450 3592 4517 voluerit:
3630 4474 3830 4535 quum
3866 4454 4080 4537 speeie
4116 4456 4416 4521 sacrificii
4449 4457 4633 4522 misit
4658 4455 4798 4520 inn-

2911 4536 2993 4602 ad
3017 4535 3342 4600 Davidem
3389 4538 3938 4622 inaugurandum.
3994 4540 4162 4605 Nam
4204 4551 4271 4607 et
4313 4553 4575 4625 poterat
4612 4544 4796 4606 itsrm

2912 4623 3234 4704 excipere,
3270 4620 3492 4689 Saulis
3536 4623 3618 4689 ad
3663 4646 3854 4691 aures
3896 4626 4093 4690 etiam
4134 4626 4311 4691 istud
4357 4641 4795 4711 peremturum
4904 4661 4905 4670 ¹

2910 4719 2980 4773 et
3036 4710 3277 4772 famam
3334 4730 3413 4774 ea
3465 4709 3549 4774 de
3604 4732 3676 4776 re
3719 4712 3940 4776 statim
3982 4723 4441 4778 numeram:
4490 4734 4617 4778 non
4656 4727 4795 4795 pom

2911 4807 3043 4859 tam
3102 4796 3354 4860 occulte
3411 4796 3553 4861 fieri
3606 4796 3981 4862 unctionem
4033 4798 4194 4880 quin
4254 4799 4495 4898 aliquis
4554 4796 4797 4866 coud-

2911 4878 3183 4944 adesset.
3294 4880 3540 4945 Verum
3559 4928 3578 4964 ,
3657 4883 3803 4948 istis
3865 4881 4168 4949 omnibus
4232 4885 4515 4964 omissas,
4578 4879 4791 4951 smel
4902 4887 4905 4940 ἱ

2910 4986 3128 5031 moras
3172 4985 3401 5032 omnes
3445 4966 3851 5050 abrumpens
3887 4973 4151 5052 accepto
4192 4969 4515 5036 mandato
4552 4989 4681 5035 ren
4711 4985 4792 5050 ιε*

2908 5050 3223 5136 greditur.
3309 5050 3533 5132 Quare
3576 5056 3699 5119 etei
3743 5054 3987 5119 multae
4022 5076 4146 5119 nos
4190 5055 4607 5122 difficultates
4644 5071 4790 5146 urge:

874 5135 1190 5216 senueris,
1249 5137 1560 5202 extendes
1614 5156 1846 5201 manus
1903 5149 2070 5212 tuas,
2132 5147 2198 5201 et
2253 5136 2422 5202 alius
2463 5148 2527 5202 te
2570 5139 2808 5222 cinget,
2911 5147 3043 5214 ant,
3104 5147 3172 5201 et
3229 5138 3418 5202 initio
3478 5138 3840 5223 retrogradi
3882 5139 4088 5206 aimus
4129 5161 4331 5224 quum
4372 5162 4499 5208 uos
4540 5133 4791 5227 pregre&

872 5230 946 5287 et
986 5221 1336 5287 transferet
1377 5242 1504 5305 quo
1547 5221 1750 5287 noles.
1825 5223 2007 5287 Deus
2050 5223 2267 5306 itaque
2313 5225 2497 5288 novit
2541 5223 2694 5306 quid
2739 5224 2808 5289 in
2911 5221 3237 5289 Dominus
3271 5222 3487 5290 iubet:
3530 5235 3755 5291 tamen
3791 5224 3877 5292 de
3904 5225 4108 5309 ipsine
4143 5226 4491 5294 voluntate
4518 5228 4663 5295 faofi
4689 5242 4789 5289 su-
