5059 6059
825 385 954 450 479

823 576 906 642 ad
938 572 1261 641 Davidem
1301 571 1693 638 servandum
1735 573 2047 655 abutitur,
2092 582 2161 640 et
2182 580 2390 639 totum
2437 573 2609 652 istud
2657 597 2770 640 ne·

868 663 1070 729 otium
1105 659 1491 725 miraculose
1535 660 1806 742 perficit.
1872 660 2008 726 Nos
2053 663 2259 745 igitur
2303 661 2427 727 hoe
2466 659 2771 743 exemplo

821 686 1146 815 diseamus
1204 747 1275 810 in
1319 745 1446 811 Dei
1512 745 1801 810 bonitate
1841 748 2331 829 conquiescere,
2383 768 2630 829 noeque
2675 746 2770 811 illi

820 845 988 900 totos
1045 833 1458 917 permittere,
1543 831 1811 913 eiusque
1877 832 2334 914 providentiae
2400 844 2467 898 et
2530 853 2770 913 arcano

819 917 1088 988 consilio
1142 918 1421 983 salutem
1481 926 1773 983 nostram
1820 918 2176 985 ascribere:
2236 928 2305 984 et
2347 939 2431 983 ne
2475 939 2770 1001 unquam

822 1005 1194 1072 dubitemus
1237 1005 1397 1087 quin
1439 1011 1802 1085 opportuno
1848 1015 2136 1090 tempore
2203 1004 2370 1069 ferat
2425 1004 2771 1085 auxilium,

821 1112 1024 1176 quum
1061 1092 1130 1154 in
1155 1109 1443 1156 summas
1466 1089 1802 1167 angustias
1823 1089 2284 1157 devenerimus
2310 1112 2326 1153 ι
2377 1111 2452 1156 ac
2475 1090 2630 1155 licet
2652 1110 2772 1172 per

820 1177 999 1244 mille
1036 1177 1268 1241 mortis
1312 1174 1687 1240 discrimina
1721 1177 1907 1241 nobis
1941 1178 2026 1241 sit
2061 1174 2555 1254 ambulandum,
2601 1197 2769 1240 nun-

819 1283 1016 1347 quam
1075 1269 1297 1328 tamen
1355 1261 1826 1344 permissurum
1873 1270 1946 1326 ut
1988 1264 2246 1345 penitus
2288 1260 2771 1340 absorbeamur,

820 1349 935 1415 sed
958 1368 1161 1413 manu
1190 1369 1308 1414 sua
1344 1358 1409 1412 et
1431 1346 1757 1431 praesidio
1783 1357 2106 1412 tecturam
2133 1347 2338 1414 donec
2361 1346 2443 1411 ad
2468 1356 2773 1413 aeternae

821 1435 1054 1502 salutis
1097 1434 1471 1500 fruitionem
1521 1431 1885 1497 deduxerit.

992 1520 1134 1586 Iam
1181 1541 1335 1587 vero
1380 1520 1572 1603 agite,
1618 1523 1723 1584 etc.

1310 1786 1812 1869 HOMILIA
1849 1785 2268 1868 LXXXV.

1532 1897 1737 1965 OAP.
1781 1895 2047 1964 XXIV.

992 2039 1049 2102 1.
1095 2033 1399 2102 Ascendit
1439 2055 1580 2118 erqo
1616 2033 1835 2100 David
1875 2034 2037 2111 inde,
2084 2039 2144 2099 et
2176 2033 2478 2099 habitavit
2510 2036 2581 2099 in
2619 2036 2770 2100 locis

818 2124 1154 2191 tutissimis
1199 2119 1546 2203 Ewyaddi.
1635 2121 1696 2185 2.
1748 2119 2019 2202 Gwmqtoe
2059 2140 2346 2186 reversus
2385 2126 2543 2186 esset
2586 2119 2766 2199 Saul,

806 2215 1144 2294 postquam
1188 2211 1556 2287 persecutus
1612 2211 1700 2272 est
1743 2205 2120 2271 Philistaeos
2137 2256 2152 2286 ,
2210 2208 2654 2272 nuntiaverunt
2711 2208 2771 2272 ei

816 2297 1120 2363 dicentes:
1166 2294 1327 2359 Ecce
1362 2293 1581 2359 David
1614 2293 1686 2358 in
1721 2293 1957 2358 deserto
2000 2298 2087 2356 est
2129 2291 2480 2375 En-yaclcli.
2544 2292 2605 2359 3.
2643 2291 2767 2358 As-

812 2402 1069 2449 sumens
1125 2401 1263 2464 erqo
1314 2378 1471 2444 Saul
1527 2379 1657 2444 tria
1700 2377 1907 2443 millia
1964 2379 2289 2443 electorum
2347 2379 2636 2443 virorum
2692 2398 2769 2443 ex

816 2467 987 2534 omni
1030 2466 1240 2532 Israel
1284 2464 1569 2546 perreoeit
1624 2464 1710 2529 ad
1763 2465 2200 2546 vcstiyandum
2241 2462 2462 2529 David
2504 2469 2562 2529 et
2602 2465 2771 2529 viros

822 2554 962 2619 eius
1005 2554 1193 2618 etiam
1234 2570 1423 2633 super
1464 2550 1947 2632 abruptissimas
1978 2555 2202 2630 petras
2253 2569 2412 2632 quae
2452 2550 2606 2616 solis
2647 2550 2769 2615 ibi-

821 2639 996 2707 cibus
1046 2638 1308 2721 perviae
1371 2641 1534 2701 sunt.
1634 2637 1695 2700 4.
1757 2634 1844 2700 Et
1904 2637 2072 2701 venit
2128 2636 2214 2700 ad
2276 2636 2494 2701 caulas
2561 2637 2770 2702 ovium

821 2745 982 2808 quae
1039 2744 1107 2789 sc
1150 2722 1478 2805 offerebant
1519 2723 1750 2800 vianti,
1803 2726 2053 2804 eratque
2105 2721 2196 2786 ibi
2237 2721 2535 2803 spelunca
2579 2743 2770 2803 quam

816 2814 1141 2894 inyressus
1183 2814 1274 2874 est
1318 2806 1484 2873 Saul
1524 2812 1591 2873 ut
1622 2812 1929 2891 puryaret
1968 2812 2256 2887 ventrem
2303 2827 2505 2889 porro
2552 2807 2770 2873 David

820 2903 878 2963 et
910 2896 1038 2961 viri
1073 2897 1211 2961 eius
1246 2896 1318 2960 in
1351 2894 1644 2960 interiore
1665 2898 1851 2977 parte
1888 2893 2213 2975 speluncae
2241 2893 2523 2959 latebant.
2593 2894 2651 2959 5.
2685 2893 2771 2959 Et

820 2983 1114 3048 dixserunt
1163 2981 1330 3045 servi
1370 2979 1593 3045 David
1647 2982 1732 3046 ad
1789 3000 1958 3044 eum.-
2021 2979 2180 3044 Ecce
2232 2979 2369 3045 dies
2409 2980 2486 3045 de
2519 3001 2645 3062 qua
2687 2981 2769 3046 lo-

819 3073 1001 3135 cutus
1049 3071 1138 3132 est
1179 3066 1501 3131 Dominus
1545 3068 1630 3132 ad
1672 3071 1756 3143 te,
1819 3064 1958 3149 qu
1999 3065 2252 3131 tradam
2293 3065 2408 3130 tibi
2444 3067 2772 3134 inimicum

735 3217 752 3230 ,
819 3161 995 3220 tuum
1037 3157 1109 3218 ut
1143 3153 1351 3235 facias
1402 3152 1461 3216 ei
1501 3153 1660 3217 sicut
1690 3152 2011 3232 placuerit
2051 3153 2121 3217 in
2155 3152 2351 3217 oculis
2390 3153 2539 3218 tuis.
2616 3152 2771 3218 Sur-

819 3241 985 3307 rexit
1036 3260 1175 3322 erqo
1217 3237 1470 3321 David,
1528 3243 1586 3303 et
1615 3237 1966 3319 praescidit
2007 3257 2182 3302 oram
2225 3237 2571 3322 chlamydis
2610 3238 2775 3305 Saul

823 3327 1093 3392 silenter.
1195 3325 1256 3389 6.
1309 3322 1460 3389 Post
1515 3323 1663 3389 haec
1711 3325 2024 3406 percussit
2064 3344 2166 3388 cor
2206 3343 2395 3388 suum
2435 3325 2654 3391 David
2707 3346 2774 3391 eo

825 3412 987 3495 quod
1044 3410 1408 3476 abscidisset
1463 3430 1643 3475 oram
1698 3409 2047 3492 chlamydis
2092 3409 2271 3475 Saul.
2361 3410 2419 3475 7.
2465 3410 2776 3494 Dixitque

823 3499 910 3563 ad
951 3497 1123 3564 viros
1157 3515 1336 3561 suos.-
1385 3493 1718 3576 Propitius
1750 3495 1835 3560 sit
1873 3494 2037 3560 mihi
2070 3495 2389 3562 Dominus
2419 3517 2496 3560 ne
2537 3498 2776 3580 faciam

822 3583 983 3647 hanc
1045 3603 1178 3648 rem
1236 3581 1485 3646 domino
1541 3602 1674 3645 meo
1735 3579 1980 3648 clu-isto
2037 3580 2332 3660 Domini,
2405 3587 2473 3647 ut
2529 3584 2775 3648 mittam

820 3688 1080 3732 manum
1145 3687 1347 3733 meam
1411 3669 1483 3732 in
1541 3686 1715 3733 eum:
1788 3667 1942 3748 quia
2004 3666 2292 3733 Christus
2348 3668 2614 3734 Domini
2667 3675 2772 3735 est.

822 3751 1037 3838 (Vivit
1055 3753 1118 3840 ⁴⁶)
1147 3753 1485 3834 Dominus,
1527 3754 1679 3836 quia
1722 3753 1854 3817 nisi
1891 3752 2205 3819 Dominus
2224 3756 2609 3835 percusserit
2635 3775 2774 3820 eum

824 3845 940 3904 aut
996 3839 1133 3904 dies
1185 3840 1322 3903 eius
1374 3841 1609 3904 venerit
1663 3845 1733 3904 ut
1789 3840 2101 3904 moriatur
2143 3845 2254 3904 aut
2294 3842 2663 3907 descendens
2706 3844 2777 3907 in

815 3924 1136 4008 praelium
1168 3925 1452 4007 perierit,
1488 3926 1815 4008 propitius
1856 3924 2020 3989 mihi
2060 3928 2148 3991 sit
2182 3926 2500 3992 Dominus
2544 3934 2613 3993 ut
2653 3948 2778 3993 non

822 4012 1070 4076 mittam
1123 4029 1380 4075 manum
1438 4031 1640 4076 meam
1695 4012 1768 4076 in
1824 4009 2143 4076 Christum
2187 4012 2496 4096 Domini.)
2586 4014 2644 4079 8.
2691 4013 2781 4078 Et

824 4097 1123 4181 confreyit
1156 4095 1374 4163 David
1405 4097 1577 4162 viros
1610 4118 1758 4162 suos
1791 4097 2199 4180 sermonibus,
2238 4103 2296 4162 et
2327 4119 2452 4163 non
2482 4100 2781 4181 permisit

824 4204 929 4249 eos
970 4188 1043 4247 ut
1080 4187 1507 4265 consumerent
1549 4183 1620 4246 in
1653 4181 1816 4248 Saul
1830 4208 1850 4248 .·
1883 4202 2076 4264 porro
2121 4183 2287 4249 Saul
2326 4205 2662 4271 exsuryens
2703 4189 2781 4253 de

779 4271 788 4280 '
824 4269 1119 4352 spelunca
1151 4267 1448 4352 peryebot
1488 4274 1687 4348 coepto
1730 4270 1965 4334 itinere.

999 4439 1320 4522 Superest
1365 4439 1548 4504 nobis
1593 4459 1679 4503 ex
1722 4460 1920 4523 supra
1975 4439 2166 4506 dictis
2210 4442 2531 4524 quoddam
2579 4452 2777 4526 caput

822 4527 1272 4593 observatione
1316 4524 1776 4609 dignissimum
1823 4524 2341 4610 expendendum,
2387 4529 2776 4595 miraculosa

824 4614 1137 4677 nimirum
1195 4611 1473 4677 Davidis
1524 4611 1852 4688 liberatio,
1911 4613 2016 4678 cui
2076 4613 2416 4678 hominum
2473 4616 2776 4697 opinione

826 4709 893 4763 et
938 4698 1175 4763 iudicio
1218 4697 1400 4761 nulla
1444 4697 1694 4780 reliqua
1734 4719 1880 4781 spes
1925 4698 2156 4764 salutis
2203 4699 2575 4778 videbatur,
2623 4722 2773 4768 nam

824 4793 902 4849 ut
959 4793 1109 4848 ante
1156 4782 1476 4863 vidimus,
1537 4784 1725 4849 illum
1773 4783 1992 4850 Saulis
2050 4785 2270 4867 copiae
2328 4785 2421 4851 sic
2485 4786 2775 4871 undique

824 4869 1244 4952 premebant,
1313 4880 1390 4933 ut
1446 4869 1630 4934 nulla
1683 4890 1831 4952 spes
1890 4882 2060 4935 esset
2119 4872 2476 4947 evasionis,
2546 4871 2657 4937 sed
2704 4874 2773 4937 in

828 4954 1116 5020 hostium
1179 4974 1410 5020 manus
1470 4964 1788 5021 venturus
1835 4954 2196 5037 videretur,
2261 4979 2300 5022 a
2358 4957 2595 5041 quibus
2637 4980 2772 5023 non

1001 5176 1060 5242 *)
1101 5177 1251 5244 Quae
1273 5177 1362 5229 hie
1383 5184 1680 5246 sequuntur
1702 5181 1763 5231 in
1786 5181 1954 5233 veteri
1975 5181 2272 5247 exemplari
2292 5195 2502 5234 versum
2528 5190 2775 5236 octavum

826 5245 1340 5384 Zgfffftgdiwmur
1371 5249 1465 5299 sed
1494 5247 1544 5300 h.
1565 5248 1597 5299 l.
1624 5249 1820 5313 spuria
1850 5257 1976 5301 sunt
2004 5257 2054 5302 et
2074 5266 2140 5304 ex
2158 5264 2279 5319 cap.
2302 5247 2421 5303 XX
2437 5250 2516 5304 VI
2537 5268 2583 5304 v.
2604 5251 2690 5317 10,
2710 5251 2774 5303 11

2418 384 2831 452 HOMILIA
2874 386 3215 453 LXXXV
4627 395 4711 463 480

2875 582 3016 641 erat
3076 575 3402 660 speranda
3460 576 3707 662 gratia,
3763 576 3877 642 sed
3937 577 4156 661 potius
4215 578 4425 643 omnis
4476 580 4639 649 feritas
4671 594 4718 651 et

2874 660 3255 743 crudelitas,
3335 671 3411 728 ut
3475 684 3606 728 non
3673 672 3846 728 esset
3910 662 4145 729 melior
4197 663 4470 732 Davidis
4524 668 4721 735 conditio

2873 747 3127 829 futura,
3195 769 3390 832 quam
3453 749 3597 814 ovis
3663 749 3729 813 in
3798 746 3987 831 lupos
4047 749 4411 817 incidentis.
4490 751 4724 838 Fugiobat

2875 833 3137 916 quidem
3169 833 3387 900 David
3433 833 3517 899 ab
3561 855 3692 898 una
3735 843 3939 917 parte,
3982 835 4094 899 sed
4142 856 4286 900 eum
4321 834 4524 902 Saulis
4557 840 4727 907 milites

2875 920 2956 984 ab
3002 920 3205 984 altera
3249 921 3341 986 sic
3384 920 3961 1003 persequebantur,
4006 933 4079 985 ut
4122 943 4250 987 non
4287 932 4498 1004 posset
4526 925 4728 1008 amplius

2875 1005 3163 1090 effugere
3219 1015 3283 1071 et
3341 1025 3552 1088 neque
3618 1004 3904 1069 latebrae
3962 1005 4176 1088 ipsum
4236 1015 4457 1091 teg-ere
4514 1021 4727 1092 possent:

2874 1100 2941 1156 et
2984 1090 3203 1157 nullus
3262 1101 3609 1175 appareret
3662 1095 3894 1156 exitus.
3985 1090 4425 1172 Quamobrem
4478 1095 4732 1161 hominum

2877 1178 3182 1260 opinione
3235 1178 3712 1244 conclamatum
3758 1186 3932 1257 erat,
3998 1188 4064 1242 et
4108 1176 4385 1245 Davidis
4439 1180 4592 1246 salus
4636 1182 4732 1247 des·

2876 1273 3124 1348 perata.
3199 1261 3366 1344 Quis
3397 1282 3553 1348 ergo
3578 1262 3766 1327 illum
3800 1283 3881 1328 ex
3906 1264 4238 1346 sepulchri
4274 1264 4553 1332 faucibus
4583 1267 4733 1333 eruit?

2876 1350 3019 1415 Nae
3056 1349 3440 1414 admiranda
3475 1349 3605 1413 fuit
3639 1348 3826 1429 ratio,
3875 1368 4023 1413 nam
4060 1370 4209 1415 ecce
4250 1348 4472 1417 hostes
4509 1353 4735 1418 eeclesiae

2874 1436 3365 1512 infensissimos,
3412 1443 3477 1499 et
3521 1432 4037 1514 crudelissimos,
4080 1454 4356 1518 quorum
4402 1458 4581 1520 opera
4612 1438 4740 1504 Deus

2877 1523 3083 1587 utitur
3112 1521 3194 1586 ad
3234 1522 3514 1586 salutem
3538 1519 3821 1585 Davidis
3854 1520 4357 1604 provocandam.
4406 1522 4738 1589 Irruentibus

2874 1609 3049 1674 enim
3089 1607 3218 1672 illis
3254 1608 3319 1670 in
3351 1605 3682 1685 Iudaeam,
3719 1604 3881 1670 Saul
3917 1616 4182 1672 coactus
4217 1616 4316 1671 est
4344 1629 4491 1673 cum
4515 1609 4743 1675 omnibus

2873 1694 3008 1762 suis
3068 1693 3322 1758 viribus
3388 1692 3517 1756 illis
3576 1711 3947 1771 occurrere,
4011 1714 4096 1757 ne
4160 1691 4499 1759 devastata
4557 1695 4745 1778 regione

2874 1801 3150 1864 regnum
3175 1780 3372 1842 etiam
3395 1798 3590 1843 suum
3617 1778 3965 1842 amitteret.
4013 1776 4228 1858 Quam
4263 1800 4421 1862 ergo
4444 1779 4746 1844 admiranda

2873 1865 2999 1932 Dei
3047 1865 3350 1943 consilia,
3404 1883 3601 1947 quam
3663 1861 4360 1946 incomprehensibiles
4411 1866 4547 1930 viae
4584 1866 4748 1950 ipsius,

2873 1963 2942 2017 et
2997 1952 3280 2016 rationes
3337 1949 3574 2032 quibus
3630 1948 3766 2014 suis
3831 1948 4239 2032 opitulatur?
4339 1948 4515 2016 Sane
4566 1973 4661 2017 nos
4700 1971 4748 2015 eo

2872 2037 3327 2104 vehementius
3392 2035 3786 2100 commoveri
3842 2035 3923 2099 ad
3982 2035 4189 2118 ipsius
4248 2035 4559 2102 virtutem
4611 2057 4751 2120 agno-

2872 2123 3208 2202 scendum,
3254 2131 3320 2185 et
3363 2120 3616 2185 meritis
3660 2119 3963 2185 laudibus
4007 2119 4517 2204 praedicandum
4549 2133 4750 2205 oportet,

2875 2219 2941 2275 et
2998 2226 3409 2290 summopere
3467 2226 3699 2272 cavere
3760 2226 3842 2270 ne
3886 2206 4184 2272 fortunae
4242 2209 4602 2274 tribuamus
4637 2206 4753 2290 quod

2876 2295 3102 2362 divina
3153 2291 3572 2377 providentia
3616 2290 3982 2374 dispensat,
4040 2292 4180 2358 sola
4224 2294 4506 2359 caritate
4549 2294 4755 2358 adducta

2876 2382 2943 2446 in
2988 2403 3096 2446 eos
3154 2399 3316 2463 quos
3375 2379 3581 2460 gratis
3635 2378 3702 2441 in
3749 2377 4029 2442 filiorum
4074 2400 4429 2443 numerum
4474 2377 4757 2462 adoptavit.

2875 2465 3258 2532 Incredulos
3288 2464 3554 2546 qu‘idem
3589 2464 3795 2528 fateor
3822 2463 4105 2530 dicturos
4136 2466 4411 2529 fort-nito
4440 2466 4759 2529 Philistum

2876 2555 2944 2618 in
2983 2552 3293 2617 Iudaeam
3330 2549 3560 2615 fecisse
3597 2551 3934 2632 impetum,
3973 2551 4083 2632 qui
4121 2549 4368 2616 Davidi
4408 2549 4569 2615 nihil
4602 2552 4760 2615 minus

2876 2638 3194 2724 cogitanti
3239 2635 3441 2701 fuerit
3482 2646 3924 2718 opportunus,
3970 2636 4139 2718 quod
4184 2657 4269 2700 ex
4312 2657 4519 2702 causa
4560 2636 4759 2702 Saulem

2875 2723 3239 2809 oportuerit
3294 2722 3374 2787 ab
3440 2721 3585 2804 ipso
3643 2720 4092 2804 persequendo
4153 2719 4493 2788 desistere.
4577 2723 4760 2786 verum

2875 2812 2999 2877 hoc
3062 2808 3383 2893 principio
3439 2806 3562 2872 niti
3620 2806 3846 2872 fideles
3915 2815 4204 2891 oportet,
4272 2806 4509 2874 oculos
4562 2807 4763 2872 Domini

2876 2918 3018 2963 esse
3085 2915 3285 2977 supra
3347 2893 3577 2972 iustos.
3678 2894 3862 2959 Deus
3927 2894 4127 2977 igitur
4184 2893 4513 2979 vigilabat
4575 2889 4762 2958 Davide

2876 2983 3250 3049 laborante:
3301 2987 3367 3045 et
3409 2979 3596 3043 illum
3642 3000 3724 3043 ex
3769 2978 3991 3044 Saulis
4035 3000 4238 3044 manu
4288 2979 4571 3045 liberare
4610 2980 4768 3044 decre-

2877 3070 2993 3148 vit,
3031 3087 3105 3132 ac
3139 3064 3412 3150 proinde
3449 3073 3515 3131 et
3548 3065 3867 3130 rationem
3899 3065 4115 3148 ipsum
4155 3064 4486 3131 liberandi
4516 3064 4766 3138 institam

2877 3154 3383 3221 Philistaeorum
3437 3152 3636 3217 corda
3700 3152 3793 3217 sic
3851 3172 4118 3235 regens,
4183 3159 4257 3216 ut
4297 3172 4441 3235 quo
4486 3152 4666 3218 vellet
4694 3150 4771 3213 im·

2876 3241 3169 3326 pelleret,
3215 3249 3408 3321 atque
3453 3247 3586 3303 tam
3633 3246 4015 3320 opportune,
4064 3249 4138 3301 ut
4177 3258 4262 3301 ne
4299 3237 4393 3302 ad
4432 3251 4769 3302 momentum

2877 3327 3139 3411 quidem
3188 3345 3403 3390 moras
3439 3331 3796 3389 necterent.
3858 3322 4307 3404 Quamobrem
4353 3324 4667 3390 occultam
4688 3319 4773 3383 Dei

2879 3412 3356 3498 providentiam
3423 3430 3854 3495 agnoscamus
3921 3411 3991 3473 iu
4056 3408 4139 3475 iis
4202 3410 4523 3475 omnibus
4583 3407 4775 3474 casibus

2879 3521 3039 3584 quos
3075 3497 3330 3581 profani
3366 3496 3669 3561 fortuitos
3707 3495 3968 3560 dicunt:
4008 3504 4076 3559 et
4107 3502 4459 3578 praeterea
4478 3492 4775 3560 notandum

2880 3606 3017 3651 non
3075 3582 3268 3648 modo
3331 3602 3464 3647 non
3525 3580 3749 3647 deesse
3807 3580 4093 3646 rationes
4136 3579 4281 3645 Deo
4342 3580 4655 3664 implendi
4698 3593 4778 3641 sua

2880 3669 3188 3739 consilia:
3244 3667 3357 3733 sed
3418 3689 3568 3733 eum
3626 3668 3722 3732 uti
3782 3666 4082 3732 omnibus
4139 3667 4280 3732 suis
4345 3668 4550 3732 rebus
4588 3663 4779 3729 creatis.

2883 3758 3041 3841 quin
3086 3755 3284 3820 etiam
3329 3753 3489 3837 ipsis
3535 3751 3841 3831 diabolis,
3903 3773 4066 3835 quos
4111 3752 4212 3818 vel
4258 3752 4521 3820 invitos
4560 3750 4782 3818 fidelium

2882 3843 3160 3908 salutem
3185 3860 3573 3923 promovere
3595 3839 3803 3923 cogit:
3829 3839 4101 3903 exitium
4125 3838 4223 3903 illi
4246 3839 4526 3921 quidem
4550 3844 4781 3903 nostrum

2882 3930 3095 3994 fateor
3152 3934 3468 4009 perpetuo
3526 3926 3924 3990 moliuntur:
3994 3925 4106 3989 sed
4151 3924 4346 3990 Deus
4410 3927 4652 3991 virtute
4704 3939 4783 3986 sm

2882 4023 3155 4081 conatus
3214 4013 3501 4095 ipsorum
3563 4012 3629 4075 in
3699 4011 4102 4076 contrarium
4165 4031 4441 4095 semper
4485 4011 4689 4086 vertit,
4741 4017 4781 4064 et

2882 4101 3042 4184 ipsis
3107 4101 3311 4165 bonos
3371 4096 3636 4180 angelos
3693 4097 3964 4180 opponit
4022 4105 4290 4162 nostrae
4364 4097 4602 4163 salutis
4652 4109 4783 4158 veros

2884 4186 3338 4263 administros,
3392 4203 3552 4267 quos
3608 4182 3702 4247 ait
3741 4182 4065 4267 propheta
4105 4182 4215 4248 Ps.
4263 4182 4362 4248 34
4407 4183 4585 4249 circa
4624 4179 4784 4246 fideles

2883 4286 3099 4360 castra
3142 4269 3409 4350 metari,
3466 4276 3530 4334 et
3584 4289 3803 4333 eorum
3863 4268 4196 4335 custodiae
4253 4270 4358 4335 sic
4409 4291 4451 4335 a
4498 4268 4635 4334 Deo
4669 4281 4783 4332 com·

2883 4359 3135 4441 missos,
3192 4363 3270 4421 ut
3312 4356 3381 4420 in
3425 4364 3718 4420 nostram
3764 4353 4042 4420 salutem
4093 4363 4425 4439 perpetuo
4472 4353 4785 4437 invigilem:

2882 4444 3217 4527 proprium
3294 4462 3450 4526 ergo
3532 4440 3918 4525 angelorum
4007 4441 4299 4507 officium
4389 4453 4499 4507 est
4562 4437 4787 4506 fidelium

2881 4529 3178 4597 custodia
3256 4535 3321 4592 et
3396 4526 3710 4593 adversus
3793 4526 4076 4591 hostium
4144 4526 4451 4609 impetus
4519 4527 4701 4591 tutela
4745 4529 4787 4583 et

2883 4614 3205 4698 defensio,
3271 4612 3386 4678 sed
3444 4614 3708 4677 interim
3767 4614 3967 4677 etiam
4022 4611 4211 4677 Deus
4274 4612 4602 4679 virtutem
4655 4623 4784 4676 snam

2881 4702 3142 4786 longius
3198 4698 3412 4764 adhuc
3447 4698 3743 4764 extendit
3797 4719 3944 4764 cum
3995 4698 4188 4763 rebus
4232 4701 4555 4767 omnibus
4598 4693 4785 4764 creatis,

2882 4786 2962 4853 ad
3003 4807 3271 4853 suorum
3317 4785 3874 4850 confirmationem
3923 4784 4150 4862 utitur,
4197 4783 4472 4869 sibique
4515 4784 4783 4851 subiectat

2880 4883 2946 4939 et
2987 4872 3070 4938 ad
3112 4871 3552 4937 ministerium
3595 4878 3861 4955 paratas
3904 4892 3975 4936 re
4011 4871 4151 4954 ipsa
4194 4873 4542 4953 patefacit.
4624 4869 4785 4948 Neque

2880 4959 3057 5025 enim
3118 4967 3379 5023 tantum
3435 4957 3760 5022 elementa
3804 4957 3948 5022 Deo
4006 4957 4399 5022 inserviunt
4450 4979 4641 5040 quum
4678 4967 4781 5032 opu*

2882 5056 3011 5125 est,
3079 5043 3193 5110 sed
3237 5044 3433 5109 etiam
3490 5041 3598 5108 hic
3660 5043 3963 5109 videmus
4007 5041 4418 5109 Philistaeos
4466 5037 4691 5110 Davidi
4721 5037 4783 5098 in·

2880 5130 3271 5196 festissimos
3327 5128 3439 5212 qui
3483 5127 3851 5212 discerpere
3914 5131 4130 5213 ipsum
4196 5129 4459 5195 millies
4504 5135 4780 5213 optassem

2881 5215 3272 5281 Philistaeos
3327 5217 3598 5298 inquam
3640 5215 3787 5281 Deo
3829 5216 4149 5281 inservire
4208 5214 4293 5279 ad
4348 5216 4632 5282 Davidis
4666 5217 4781 5277 tuu-

2882 5304 3143 5381 tionem,
3182 5310 3248 5369 et
3283 5322 3365 5367 ex
3391 5300 3624 5367 mortis
3660 5301 3949 5385 periculo
3977 5300 4473 5384 liberationem,
4511 5305 4597 5369 ita
4627 5311 4779 5364 tamon
