5059 6059
302 355 406 422 349

297 548 478 608 trinae
519 538 742 605 subiici
789 537 893 604 vel
935 558 1230 604 summae
1276 536 1614 623 dignitatis
1659 538 1832 603 viros
1875 543 2196 621 oportere,

298 640 352 693 et
406 628 565 710 ipsos
621 625 917 690 doctores
971 626 1150 689 vitae
1209 625 1640 690 sanctimonia
1699 633 1766 689 et
1821 624 2198 707 integritate

298 714 419 778 aliis
458 711 733 795 praeire:
779 708 952 792 quod
998 712 1052 774 si
1101 730 1231 774 non
1277 723 1505 794 sponte
1548 709 2016 793 praestiterint,
2073 728 2197 774 nae

297 818 519 865 summa
579 816 725 860 cum
793 796 1157 880 ignominia
1222 817 1341 861 sua
1406 806 1473 860 et
1538 794 1851 860 dedecore
1915 793 1996 860 ab
2053 794 2197 859 aliis

294 906 430 960 esse,
485 883 745 946 iubente
802 895 869 946 et
927 881 1231 945 mittente
1291 883 1447 963 Deo,
1511 880 1831 947 docendos
1889 891 1955 944 et
1998 881 2197 946 corri-

294 969 548 1053 piendos.
636 967 728 1031 Et
806 967 975 1032 hanc
1041 966 1404 1033 doctrinam
1456 968 1804 1051 primariae
1863 967 2197 1050 dignitatis

293 1059 443 1120 viros
480 1064 730 1136 oportet
773 1053 1033 1117 assidue
1077 1053 1400 1134 meditari,
1458 1053 1706 1118 nullam
1752 1062 1910 1135 puta
1952 1061 2196 1117 tantam

291 1141 647 1225 dignitatem
705 1151 772 1203 et
814 1139 1168 1221 potentiam
1216 1139 1573 1204 humanam
1619 1159 1778 1219 esse,
1823 1158 2017 1221 quam
2065 1158 2194 1201 non

288 1235 551 1310 oporteat
628 1224 825 1289 verbo
887 1224 1008 1289 Dei
1076 1225 1324 1290 subiici.
1416 1223 1527 1291 Sic
1588 1226 1825 1290 dicitur
1883 1224 2195 1289 Ieremias

288 1331 464 1396 supra
501 1309 813 1394 populum
859 1321 927 1374 et
971 1321 1202 1394 gentes
1246 1312 1670 1376 constitutus:
1741 1310 2014 1375 minime
2059 1310 2197 1392 qui-

288 1397 413 1463 dem
477 1396 645 1479 quod
718 1408 1040 1461 terrenam
1111 1394 1615 1461 dominationem
1675 1397 2011 1479 acceperit,
2079 1393 2191 1460 sed

287 1498 507 1547 tantam
567 1481 957 1565 dignitatem
1013 1491 1079 1545 et
1136 1482 1553 1547 autoritatem
1616 1504 1654 1546 a
1710 1481 2018 1558 Domino,
2087 1481 2193 1545 cui

287 1569 372 1633 vel
426 1569 597 1650 ipsos
658 1588 844 1650 reges
886 1579 1214 1650 oporteret
1257 1567 1567 1647 submitti,
1613 1568 1849 1651 quibus
1894 1588 2025 1631 non
2070 1567 2194 1631 mi·

286 1676 390 1719 nus
447 1675 643 1736 quam
690 1651 811 1717 ulli
852 1673 933 1717 ex
980 1654 1205 1717 infima
1248 1651 1431 1735 plebe
1476 1655 1649 1737 parci
1698 1654 1877 1718 Deus
1923 1651 2193 1719 volebat.

285 1740 356 1804 Et
408 1739 473 1804 in
534 1739 715 1803 hunc
770 1759 1033 1804 sensum
1092 1738 1467 1822 accipienda
1523 1740 1724 1805 verba
1765 1738 1900 1816 illa,
1958 1736 2194 1821 quibus

285 1824 574 1907 propheta
648 1822 910 1889 iubetur
970 1835 1226 1890 montes
1291 1826 1467 1906 ipsos
1533 1833 1599 1889 et
1657 1825 1853 1890 colles
1917 1843 2195 1908 arguere

283 1910 564 1996 (Nabum.
628 1911 688 1991 1,
744 1907 821 1996 4)
879 1909 945 1974 id
991 1918 1110 1987 est,
1192 1930 1304 1975 eos
1364 1910 1606 1992 primos
1664 1911 1991 1993 corripere
2035 1931 2194 1992 quos

277 1995 552 2080 superbia
614 2018 693 2061 eo
749 1996 1075 2060 amentiae
1132 1995 1517 2078 impelleret,
1584 2004 1657 2060 ut
1712 2016 1782 2061 se
1827 1997 2003 2060 omni
2049 1995 2193 2078 lege

278 2095 335 2147 et
392 2082 731 2165 disciplina
784 2080 1031 2146 vellent
1087 2082 1409 2147 eximere:
1485 2082 1669 2165 quasi
1728 2080 1915 2146 Deus
1972 2081 2192 2146 iubeat

277 2168 638 2251 prophetam
710 2167 1099 2232 nominatim
1155 2166 1300 2232 illos
1352 2166 1664 2233 insectari
1720 2179 1786 2231 et
1845 2168 2193 2249 corripere,

277 2274 419 2334 quos
471 2253 597 2319 sibi
662 2272 1027 2336 repugnare
1085 2260 1154 2317 et
1211 2252 1514 2317 resistere
1560 2253 1725 2318 velle
1766 2253 2189 2336 conspiceret.

277 2344 468 2421 Atque
509 2340 581 2403 in
632 2360 741 2404 eos
784 2340 910 2403 ista
944 2349 1341 2422 competunt,
1385 2360 1515 2403 non
1556 2347 1810 2403 tantum
1847 2340 1961 2422 qui
1996 2338 2193 2403 rebus

276 2426 525 2507 publicis
570 2433 921 2508 praesunt:
967 2424 1080 2489 sed
1122 2423 1317 2488 etiam
1365 2425 1434 2488 in
1481 2444 1593 2489 eos
1637 2426 1871 2508 quibus
1919 2422 2193 2489 docendi

277 2509 501 2592 plebem
546 2531 715 2575 cura
758 2508 1105 2576 commissa
1148 2520 1265 2588 est,
1327 2530 1490 2593 quos
1535 2507 1663 2575 Dei
1708 2511 2053 2576 veritatem
2098 2511 2190 2575 sic

274 2597 574 2680 cognitam
637 2605 896 2679 oportet
958 2594 1213 2675 habere,
1279 2606 1357 2660 ut
1408 2595 1683 2661 caeteris
1739 2597 1916 2661 vitae
1973 2616 2195 2660 exem-

275 2680 369 2763 plo
427 2692 764 2766 praeeant,
832 2701 961 2764 quo
1030 2680 1567 2764 reprehensiones
1635 2683 1928 2763 ipsorum
1998 2702 2190 2747 suum

274 2788 441 2831 usum
492 2768 802 2846 habeant,
862 2767 919 2831 si
962 2786 1001 2831 a
1044 2787 1114 2832 se
1156 2766 1318 2851 ipsis
1359 2766 1619 2831 initium
1666 2767 1958 2833 fecerint.
2047 2767 2190 2832 Me-

274 2853 565 2917 tuendum
640 2854 818 2917 enim
881 2872 966 2917 ne
1030 2853 1086 2917 si
1148 2873 1337 2918 secus
1401 2851 1631 2933 faxint,
1698 2856 1964 2937 gravius
2006 2851 2076 2916 in
2121 2872 2192 2917 se

274 2937 383 3002 Dei
444 2939 758 3003 iudicium
815 2946 883 3004 et
941 2937 1281 3004 hominum
1341 2948 1534 3021 atque
1592 2937 1754 3004 adeo
1811 2938 2193 3003 infimorum

313 3045 793 3107 uorumcunqne
880 3023 1100 3088 odium
1182 3044 1258 3089 ac
1323 3033 1768 3108 contemptum
1834 3031 2190 3091 accersant.

320 3129 466 3192 aepe
510 3112 695 3175 enim
752 3131 877 3175 usu
935 3109 1164 3174 venire
1220 3109 1673 3193 conspicimus,
1740 3117 1820 3174 ut
1861 3111 1916 3174 si
1957 3109 2194 3192 quibus

272 3195 673 3275 praedicandi
731 3196 916 3262 verbi
973 3216 1131 3261 cura
1173 3196 1517 3261 commissa
1559 3206 1676 3274 est,
1742 3196 2194 3280 voluptatibus

271 3279 670 3358 indulserint,
727 3282 798 3346 in
843 3289 1100 3346 tantum
1145 3292 1595 3366 contemptum
1642 3281 1926 3362 veniant,
1981 3291 2054 3346 ut
2097 3279 2194 3346 di-

272 3366 392 3449 gito
432 3388 471 3432 a
509 3367 799 3451 singulis
846 3366 1287 3449 designentur,
1335 3379 1401 3431 et
1436 3369 1504 3432 in
1540 3368 1890 3451 reprobum
1926 3386 2192 3432 sensum

274 3471 308 3514 a
347 3450 478 3517 Deo
522 3452 775 3528 traditi,
819 3452 1113 3518 omnium
1157 3453 1602 3537 cuiuscunque
1646 3452 2035 3519 conditionis
2076 3451 2197 3518 ho-

271 3536 501 3603 minum
558 3538 850 3604 ludibrio
905 3547 974 3603 et
1035 3539 1262 3603 sannis
1306 3547 1594 3621 pateant.
1683 3538 1815 3604 Hic
1859 3559 2015 3603 vero
2059 3559 2198 3603 me-

272 3641 419 3702 eum,
461 3625 754 3704 obsecre,
812 3645 1023 3708 papae
1063 3644 1386 3689 summam
1432 3624 1812 3708 nequitiam,
1868 3632 1936 3688 et
1978 3623 2198 3689 diabo-

270 3706 448 3774 licum
505 3712 861 3777 inventum
920 3708 1307 3793 expendite:
1373 3730 1570 3793 quem
1616 3729 1747 3775 non
1795 3709 1994 3794 pudet
2037 3710 2199 3776 haec

270 3794 463 3874 palam
507 3796 589 3862 de
642 3817 714 3863 se
758 3796 1149 3879 praedicare,
1203 3807 1410 3861 totum
1454 3795 1676 3861 orbem
1722 3817 1761 3861 a
1802 3817 1873 3862 se
1916 3794 2198 3878 quidem,

268 3900 331 3944 se
383 3901 535 3948 vero
581 3903 632 3947 a
673 3884 936 3947 nemine
978 3881 1424 3946 iudicandum.
1514 3874 1619 3947 En
1665 3881 1901 3966 quibus
1945 3882 2198 3948 artibus

270 3967 588 4048 prophetis
639 3988 713 4032 os
753 3967 1109 4051 occludere,
1176 3979 1240 4032 et
1285 3968 1353 4032 in
1401 3988 1586 4032 suam
1628 3966 2048 4052 tyrannidem
2094 3968 2196 4031 in·

274 4051 557 4132 quirendi
609 4055 785 4118 viam
830 4054 1220 4136 intercipere
1255 4061 1528 4119 conatus
1571 4063 1689 4119 est.
1776 4053 1949 4118 Nam
1993 4053 2050 4117 si
2094 4073 2201 4119 res

272 4137 354 4200 its
406 4160 476 4204 sc
522 4137 744 4219 habet,
813 4142 959 4222 quis
1003 4136 1259 4205 dubitat
1303 4139 1459 4222 quin
1503 4140 1648 4205 sine
1689 4137 2200 4205 contradictione

273 4222 505 4290 eoelum
569 4239 788 4291 terrae
831 4225 1149 4289 misceat?
1192 4244 1387 4309 quam
1432 4246 1589 4290 suae
1633 4224 2008 4309 tyrannidis
2048 4245 2196 4308 pos·

270 4312 617 4376 sessionem
676 4332 794 4394 per
849 4320 948 4375 tot
1005 4313 1135 4375 iam
1194 4310 1452 4375 saecula
1503 4310 1608 4375 his
1652 4311 1905 4376 artibus
1948 4319 2200 4376 tutatus

272 4405 376 4460 est.
462 4396 651 4483 Ergo
689 4397 886 4463 liceat
916 4395 1011 4460 illi
1051 4395 1363 4479 quidquid
1400 4396 1682 4478 libuerit,
1728 4396 1785 4462 si
1821 4406 2198 4480 peccantem

271 4500 536 4565 arguere
581 4504 719 4548 non
780 4482 963 4549 licet:
1023 4483 1151 4548 Dei
1211 4484 1621 4547 maiestatem
1680 4481 1998 4566 profanet,
2055 4484 2201 4547 iura

272 4562 481 4632 divina
525 4578 597 4634 et
641 4570 937 4635 humana
979 4589 1215 4652 susque
1260 4568 1468 4650 deque
1510 4567 1698 4644 ferat,
1742 4588 2004 4633 omnem
2050 4568 2199 4632 reli-

314 4652 519 4718 'onem
567 4654 856 4736 irrideat,
911 4654 1236 4738 quaelibet
1273 4654 1523 4739 flagitia
1565 4653 1885 4734 admittat,
1940 4674 2198 4719 omnem

313 4749 672 4805 onestatem
732 4750 1002 4806 evertat.
1090 4738 1265 4822 Quid
1324 4738 1462 4804 ita?
1522 4739 1775 4823 Nempe
1817 4739 2198 4804 inviolatam

270 4819 429 4892 hanc
486 4826 776 4892 belluam
826 4846 969 4892 esse
1017 4837 1287 4908 oportet.
1379 4823 1510 4892 Sed
1566 4845 1704 4910 age,
1764 4825 1910 4909 quis
1962 4845 2198 4910 papam

268 4906 331 4970 iu
374 4911 689 4978 ecclesiae
732 4922 928 4996 caput
969 4913 1212 4993 evexit,
1268 4933 1396 4996 quo
1450 4931 1593 4976 sese
1655 4911 1915 4976 nomine
1949 4910 2061 4976 ille
2096 4909 2199 4976 in·

268 4993 513 5078 signem
582 4997 791 5064 facit?
857 4997 1000 5064 Nae
1065 4997 1259 5082 longe
1323 5005 1424 5063 est
1488 4995 1643 5062 Heli
1687 4996 2020 5075 absimilis,
2089 4996 2200 5080 qui

267 5082 672 5148 vocationem
729 5082 1197 5149 sacerdotalem
1256 5104 1296 5150 a
1339 5082 1625 5148 Domino
1666 5094 2021 5168 acceperat.
2110 5083 2202 5147 Et

270 5171 484 5233 tamen
510 5170 832 5253 corripuit
851 5171 1035 5236 Deus
1073 5169 1245 5236 hanc
1280 5168 1594 5235 familiam
1631 5188 1826 5251 quam
1852 5168 1934 5234 ad
1957 5188 2198 5234 munus

268 5251 661 5320 sacerdotale
744 5255 1024 5340 ipsemet
1102 5266 1467 5322 vocaverat.
1556 5254 1693 5321 Sed
1756 5254 1869 5321 ubi
1934 5254 2200 5321 taudem

1613 349 1714 414 IN
1758 350 1814 414 1.
1859 347 2040 414 ms.
2087 314 2489 414 samum-2.
2540 346 2739 413 off.
2787 346 2876 413 11.

4111 343 4241 412 350

2301 556 2506 620 papae
2564 538 2918 603 vocationis
2977 535 3422 601 testimonium
3468 533 3963 602 nanciscemur?
4020 532 4242 615 Quare

2300 624 2355 688 si
2416 620 2593 702 Heli,
2648 624 2760 705 qui
2819 623 3085 688 Domini
3145 624 3351 687 nostri
3416 620 3570 688 Iesu
3628 623 3882 688 Christi
3941 619 4242 704 gestabat

2300 708 2676 791 imaginem,
2723 718 2792 772 ct
2834 709 3018 774 cuius
3063 706 3348 791 dignitas
3391 707 3536 794 lege
3581 709 3787 774 Musis
3829 718 3974 773 erat
4007 707 4238 771 coufir-

2299 807 2497 870 mata,
2587 792 3009 860 nihilominus
3074 805 3409 878 correptus
3473 802 3593 874 est,
3681 796 3870 877 quale
3934 804 4240 876 putamus

2300 879 2475 944 illius
2536 878 2674 944 fore
2719 879 3048 956 iudicium,
3110 879 3223 962 qui
3266 880 3408 960 sibi,
3474 900 3640 962 quae
3684 901 3815 945 non
3863 878 4238 954 debebatur,

2301 964 2719 1030 autoritatem
2779 963 3195 1031 vendicavit?
3257 966 3348 1030 Et
3400 967 3588 1032 cuius
3633 967 3690 1031 si
3732 965 4027 1049 legitima
4070 971 4241 1029 esset

2301 1051 2638 1131 autoritas,
2727 1051 3152 1116 nihilominus
3217 1061 3435 1116 tamen
3503 1052 3778 1117 eandem
3846 1050 4044 1115 verbo
4112 1049 4237 1113 Dei

2299 1137 2527 1203 subiici
2596 1148 2942 1221 oporteret.
3030 1136 3249 1220 Atque
3314 1138 3475 1202 adeo
3542 1138 3622 1202 de
3681 1137 3805 1203 hac
3847 1158 3919 1202 re
3965 1134 4240 1219 prophe-

2300 1235 2512 1286 tarum
2564 1223 2879 1289 habemus
2922 1223 3222 1305 exempla
3264 1223 3622 1302 notissima,
3679 1225 3791 1308 qui
3836 1243 3955 1301 uec
3999 1220 4241 1305 princi-

2298 1307 2487 1391 pibus
2524 1330 2645 1374 nec
2681 1308 3170 1394 magistratibus
3207 1308 3360 1374 ullis
3397 1318 3849 1394 pepercerunt,
3886 1307 3999 1374 sed
4038 1306 4239 1371 libere

2298 1395 2773 1477 corripuerunt,
2840 1397 2958 1464 etsi
3006 1416 3153 1460 cum
3198 1396 3503 1461 maximis
3543 1416 3703 1461 sane
3745 1391 4237 1459 difficultatibus

2298 1482 2509 1545 officio
2580 1501 2698 1546 suo
2772 1481 3126 1564 fungentes
3198 1480 3430 1547 luctati
3484 1494 3655 1546 suut.
3758 1480 4237 1545 Verumtamen

2297 1585 2722 1649 quaecunque
2789 1568 3050 1631 tandem
3108 1564 3223 1631 illa
3279 1567 3526 1633 fuerint
3582 1567 3974 1648 discrimina,
4051 1562 4238 1629 Deus

2298 1653 2691 1734 patefactum
2759 1653 2986 1729 voluit,
3054 1652 3307 1717 nullum
3374 1674 3515 1718 esse
3573 1661 3833 1717 tantum
3895 1649 4236 1733 dignitatis

2258 1737 2653 1821 fastigium,
2721 1738 2889 1821 quod
2958 1758 3088 1803 non
3154 1740 3241 1803 sit
3299 1738 3500 1803 verbo
3559 1758 3680 1804 suo
3734 1751 3931 1821 atque
3975 1736 4237 1800 divinae

2300 1824 2621 1888 maiestati
2680 1823 2751 1887 in
2795 1845 2871 1889 eo
2915 1823 3200 1889 elucenti
3243 1823 3794 1890 submittendum:
3839 1833 4031 1905 atque
4076 1819 4237 1886 adeo

2297 1909 2514 1975 nullos
2571 1931 2714 1975 esse
2772 1910 3290 1992 quantiscunque
3349 1908 3538 1976 donis
3596 1909 3885 1993 insigues
3929 1929 3969 1973 a
4013 1907 4237 1971 divina

2295 1995 2695 2061 correctione
2752 1997 3095 2060 immunes.
3185 1994 3502 2080 Superest
3561 1997 3654 2060 uti
3718 1992 4236 2061 comminationis

2294 2080 2473 2146 illius
2524 2101 2848 2145 summam
2907 2080 3343 2147 attendamus.
3431 2085 3651 2164 Atque
3694 2084 3759 2145 in
3807 2079 4037 2164 primis
4081 2097 4236 2162 pro-

2293 2165 2497 2250 pheta
2561 2166 2669 2231 ille
2737 2166 2962 2233 divina
3023 2166 3356 2240 beneficia.
3424 2167 3659 2250 quibus
3701 2166 3859 2232 Heli
3903 2185 4054 2232 cum
4099 2170 4236 2229 tota

2294 2252 2543 2317 familia
2586 2253 2804 2317 fuerat
2845 2264 3206 2319 exornatus
3248 2272 3291 2318 a
3330 2251 3639 2330 Domine,
3684 2249 4053 2335 exprobrat.
4147 2249 4237 2314 Et

2295 2359 2420 2421 quo
2448 2337 2610 2404 haec
2655 2338 2882 2405 divina
2924 2338 3277 2404 liberalitas
3321 2348 3389 2404 et
3433 2338 3884 2404 munificentia
3925 2337 4012 2403 sit
4053 2334 4238 2400 illus-

2298 2425 2495 2505 trior,
2569 2423 3037 2490 sacerdotalem
3097 2424 3484 2509 dignitatem
3542 2446 3737 2508 quam
3815 2433 3958 2488 erat
4012 2421 4237 2486 divina

2296 2511 2506 2595 gratia
2564 2518 3001 2593 consequutus
3055 2532 3203 2577 cum
3259 2523 3436 2577 statu
3490 2511 3604 2575 illo
3665 2511 3734 2576 in
3790 2529 3921 2591 quo
3977 2508 4238 2572 fuerant

2296 2598 2363 2662 in
2411 2599 2717 2680 Aegypto
2763 2604 2979 2679 patres
3021 2597 3328 2679 ipsorum,
3373 2596 3601 2662 duram
3651 2607 3809 2679 puta
3852 2593 4239 2660 servitutem

2295 2684 2486 2765 passi,
2534 2690 2888 2764 comparat.
2976 2682 3206 2766 Neque
3241 2703 3399 2748 vero
3434 2682 3645 2748 solum
3683 2681 3807 2747 hoc
3842 2681 3981 2746 loco
4018 2677 4237 2744 Deum

2297 2766 2522 2835 videas
2569 2767 2942 2833 hominibus
2985 2787 3103 2833 sua
3148 2769 3216 2832 iu
3257 2768 3406 2835 illos
3448 2767 3761 2834 beneficia
3818 2767 4237 2851 exprobrare,

2296 2851 2410 2919 sed
2468 2861 2606 2919 tota
2661 2853 2903 2937 passim
2963 2855 3305 2936 scriptura,
3361 2874 3571 2937 neque
3631 2853 3976 2918 immerito.
4063 2850 4236 2915 Nam

2296 2940 2827 3023 quotusquisque,
2886 2937 3171 3016 obsecro,
3243 2940 3415 3005 inter
3466 2939 3763 3005 homines
3819 2938 3902 3002 de
3958 2935 4237 3017 acceptis

2299 3046 2340 3091 a
2381 3022 2525 3091 Deo
2572 3025 2908 3090 beneficiis
2949 3025 3196 3109 gratias
3238 3027 3393 3110 agit,
3438 3035 3506 3090 et
3546 3023 3628 3091 ad
3664 3045 3858 3090 usum
3893 3022 4011 3088 illa
4044 3041 4236 3086 suum

2298 3111 2688 3196 legitimum,
2766 3110 2892 3176 Dei
2965 3120 3130 3194 puta
3193 3111 3481 3177 nominis
3547 3109 3825 3195 gloriam
3889 3117 3955 3173 et
4017 3105 4235 3189 proxi-

2297 3217 2554 3262 morum
2643 3196 2992 3261 utilitatem
3079 3195 3314 3262 refert?
3404 3198 3538 3262 Vix
3625 3214 3783 3276 sane
3869 3193 4157 3259 millibus
4200 3213 4237 3256 e

2298 3283 2524 3350 multis
2590 3303 2795 3347 uuum
2863 3282 3170 3366 reperias,
3239 3283 3352 3365 qui
3407 3282 3693 3350 officium
3754 3280 3877 3346 hae
3931 3281 4005 3344 in
4050 3288 4235 3362 parte

2298 3369 2510 3448 faciat,
2579 3376 2655 3433 ut
2721 3375 2908 3453 grato
2974 3368 3193 3433 animo
3260 3367 3388 3432 Dei
3456 3367 3768 3433 beneficia
3810 3365 4000 3446 colat,
4056 3364 4236 3429 etin

2298 3474 2443 3521 sese
2491 3455 2731 3521 foveat.
2823 3453 3007 3520 Alios
3042 3454 3216 3519 enim
3253 3452 3385 3520 illis
3420 3455 3639 3519 efferri
3673 3452 3924 3536 videas,
3983 3459 4050 3516 et
4084 3450 4238 3517 inde

2298 3540 2631 3625 proximos
2706 3537 3116 3624 opprimendi
3195 3541 3594 3606 occasionem
3661 3540 3987 3622 arripere:
4076 3536 4239 3603 alios

2298 3624 2701 3705 lasciviendi,
2746 3635 2812 3691 et
2856 3625 3063 3711 gulae,
3107 3624 3514 3702 helluationi,
3572 3626 3976 3707 caeterisque
4019 3623 4243 3688 istius-

2298 3709 2475 3778 modi
2507 3711 2794 3778 lasciviis
2829 3709 3231 3795 indulgendi.
3281 3712 3527 3777 Verum
3567 3709 3742 3777 enim
3768 3730 3925 3777 vero
3948 3708 4242 3793 pluribus

2301 3820 2342 3864 a
2385 3797 2527 3864 Deo
2575 3798 2904 3863 beneficiis
2940 3796 3252 3863 cumulati
3292 3796 3594 3881 pluribus
3638 3818 3708 3862 se
3753 3796 3984 3873 teneri,
4028 3804 4095 3860 et
4129 3814 4239 3860 eo-

2299 3906 2446 3949 rum
2504 3883 2628 3949 sibi
2686 3884 3010 3948 rationem
3062 3881 3213 3948 olim
3253 3884 3418 3949 ·Deo
3472 3881 3868 3948 reddendam
3927 3882 4241 3947 memine-

2299 3969 2472 4036 rint:
2553 3990 2754 4053 seque
2819 3968 2958 4035 suis
3020 3969 3338 4051 proximis
3402 3969 3611 4053 magis
3677 3967 4034 4044 devinctos,
4111 3986 4241 4051 quo

2301 4056 2657 4121 maioribus
2728 4054 2915 4121 donis
2978 4063 3045 4120 et
3098 4053 3328 4137 opibus
3383 4074 3422 4119 a
3480 4055 3767 4120 Domino
3823 4051 4008 4118 ditati
4064 4059 4239 4118 sunt.

2301 4140 2436 4209 Sed
2502 4142 2664 4207 alios
2726 4141 2821 4207 sic
2886 4148 3188 4207 excaecat
3252 4139 3541 4219 ambitio,
3611 4151 3685 4206 ut
3735 4138 3860 4207 sibi
3903 4138 4133 4221 opibus
4175 4147 4244 4203 et

2302 4227 2625 4312 dignitate
2687 4227 2976 4311 impares
3032 4224 3371 4290 fastidiant
3429 4236 3497 4290 et
3550 4233 4008 4293 contemnant:
4076 4222 4240 4290 alios

2301 4334 2457 4381 vero
2521 4312 2617 4380 sic
2682 4314 2908 4377 nativa
2970 4311 3305 4377 dementat
3357 4313 3703 4396 corruptio,
3770 4319 3844 4377 ut
3883 4310 4028 4394 ipsa
4072 4307 4240 4374 dona

2302 4397 2432 4464 Dei
2474 4399 2544 4464 in
2590 4399 2837 4463 malum
2885 4406 3165 4463 vertant.
3254 4396 3368 4465 Sic
3411 4398 3602 4464 donis
3645 4395 4095 4481 spiritualibus
4138 4396 4239 4460 in-

2302 4484 2542 4569 signes,
2646 4492 2713 4550 et
2801 4484 3094 4550 veritatis
3169 4484 3611 4568 cognitionem
3691 4505 3823 4548 nou
3902 4480 4238 4562 vulgarem

2302 4570 2521 4652 adepti
2601 4590 2676 4636 eo
2753 4568 3118 4634 dementiae
3181 4569 3569 4653 plerumque
3635 4569 3916 4636 veniunt
3979 4576 4053 4630 ut
4119 4565 4241 4631 sibi

2304 4655 2656 4740 discipulos
2698 4655 2960 4735 faciant,
3004 4674 3167 4738 quos
3212 4655 3500 4721 Domino
3542 4653 3695 4721 Iesu
3740 4652 4005 4720 Christo
4040 4650 4242 4716 addu-

2300 4761 2450 4809 cere
2507 4742 2687 4826 ipsos
2743 4749 3138 4825 oportuerat.
3229 4739 3341 4808 Sic
3400 4739 3680 4824 denique
3723 4739 3946 4806 videas
3991 4756 4030 4801 a
4073 4735 4240 4801 divi-

2300 4827 2477 4894 tibus
2519 4847 2843 4912 pauperes
2895 4828 3096 4892 variis
3153 4826 3566 4893 contumeliis
3605 4825 3846 4910 premi:
3891 4824 3972 4889 ab
4015 4821 4241 4888 indus-

2300 4914 2445 4978 triis
2511 4924 2578 4977 et
2642 4913 2973 4997 sagaciore
3060 4913 3372 4996 praeditis
3436 4912 3736 4995 ingenio,
3816 4908 4244 4993 simpliciores

2296 4998 2642 5076 fraudibus
2699 5009 2768 5063 et
2822 4998 2985 5065 dolis
3042 4998 3272 5083 decipi.
3363 4998 3663 5080 Denique
3719 4995 3926 5063 cuivis
3996 5003 4241 5062 morta·

2300 5084 2460 5151 lium
2565 5083 2738 5150 facta
2838 5084 3105 5167 propius
3189 5083 3503 5163 intuenti,
3590 5084 3704 5147 fiet
3801 5081 4242 5159 manifestum,

2298 5190 2542 5255 paucos
2600 5170 2908 5250 inveniri,
2953 5171 3067 5255 qui
3117 5167 3247 5235 Dei
3304 5168 3492 5235 donis
3543 5189 3675 5234 non
3728 5165 4112 5246 abutantur,
4179 5177 4247 5234 et

2299 5277 2432 5323 non
2491 5257 2564 5321 in
2618 5258 3020 5323 contrarium
3078 5276 3271 5321 usum
3329 5275 3407 5320 ea
3465 5263 3751 5334 vertant,
3812 5266 3884 5319 ut
3941 5273 4079 5319 nou
4127 5254 4251 5319 im-
