5059 6059
271 305 375 374 205

278 516 479 581 magna
540 493 718 578 regis
784 513 926 559 esse
988 493 1339 579 promissa,
1404 497 1638 580 quibus
1702 496 1785 563 ad
1851 503 2186 562 certamen

275 583 449 670 possit
497 580 731 663 aliquis
786 582 1203 663 commoveri,
1263 602 1496 665 nempe
1553 582 1780 648 multis
1841 582 2090 650 divit-iis
2146 605 2186 648 a

275 688 405 754 rege
442 665 810 732 donandum
856 687 1006 732 eum
1051 667 1162 750 qui
1207 668 1540 751 gigantem
1584 668 1770 734 illum
1825 667 2185 753 debellarit,

272 767 329 822 et
365 759 687 837 praeterea
729 750 932 817 filiam
991 754 1166 835 regis
1221 755 1290 818 in
1348 755 1835 820 matrimonium
1881 765 2186 837 aceeptu-

272 859 414 920 rum,
450 856 890 923 generumque
948 839 1120 923 regis
1178 838 1490 906 futurum.
1584 838 1775 921 Quae
1835 842 1903 905 in
1949 841 2186 906 eastris

268 926 405 993 satis
444 933 595 989 nota
636 923 840 988 fnisse
885 923 1209 988 videntur.
1258 923 1389 990 Sed
1435 926 1557 1005 eui,
1603 946 1869 1009 quaese,
1913 946 2189 991 narran-

268 1009 404 1077 tur?
450 1009 623 1075 Nam
667 1008 812 1091 quis
855 1007 1184 1075 Davidem
1227 1030 1516 1093 unquam
1564 1012 2006 1077 existimasset
2052 1023 2187 1077 tam

265 1095 511 1164 arduum
579 1106 908 1162 certamen
970 1096 1473 1179 suscepturum?
1562 1095 1785 1178 Quare
1827 1097 2187 1164 verisimile

262 1191 351 1249 est
405 1180 646 1245 milites
707 1180 802 1244 ita
867 1199 1009 1246 sese
1074 1182 1318 1247 mutuis
1381 1181 1717 1266 colloquiis
1782 1182 2185 1249 cohortatos:

261 1267 498 1353 Ergone
542 1266 672 1332 iste
715 1266 902 1349 gigas
946 1274 1200 1331 tantum
1238 1265 1559 1334 Israelitis
1603 1267 1880 1334 dedecus
1923 1267 2185 1335 inuret?

259 1354 530 1421 Nemone
587 1351 851 1434 uspiam
909 1351 1038 1416 erit
1092 1353 1204 1435 qui
1260 1366 1590 1419 certamen
1655 1354 1971 1421 adversus
2037 1374 2184 1419 eum

259 1436 594 1523 suscipiat?
683 1437 931 1502 Mirum
998 1458 1157 1504 sane
1223 1439 1290 1502 ni
1356 1441 1510 1505 fiat:
1578 1460 1696 1505 rex
1762 1441 1937 1504 enim
1983 1439 2185 1506 filiam

255 1543 422 1591 suam
462 1522 764 1607 promisit
806 1525 1167 1605 praemium
1225 1524 1322 1588 illi
1365 1526 1478 1608 qui
1525 1524 1911 1592 Goliathum
1978 1537 2185 1591 certa·

252 1612 414 1676 mine
451 1607 772 1693 singulari
818 1610 1180 1691 prostrarit,
1229 1623 1294 1674 et
1336 1632 1490 1693 opes
1534 1631 1610 1677 ac
1643 1611 1906 1677 divitias
1940 1613 2185 1677 multas

249 1697 569 1780 largietur,
614 1693 1010 1777 domumque
1052 1694 1439 1774 nobilitabit,
1485 1708 1560 1761 nt
1602 1697 1862 1763 tributis
1897 1707 1964 1762 et
1988 1698 2187 1764 vecti-

249 1781 486 1866 galibus
530 1780 835 1846 omnibus
879 1781 968 1845 sit
1011 1781 1239 1847 libera.
1287 1780 1613 1848 Nullusne
1657 1783 1737 1847 ad
1786 1793 1970 1848 tanta
2006 1802 2187 1866 prae-

247 1868 370 1932 mia
409 1886 556 1932 sese
599 1863 878 1931 offeret?
969 1866 1266 1933 Nemone
1318 1868 1637 1934 auxilium
1682 1870 1749 1933 in
1798 1879 1979 1934 tanta
2015 1867 2185 1934 diffi-

243 1955 473 2019 cultate
515 1950 731 2017 feret?
823 1951 1147 2017 Nullusne
1201 1953 1271 2017 in
1335 1962 1518 2020 tanto
1561 1954 1853 2020 exercitu
1900 1955 2183 2038 reperie-

244 2048 345 2104 tur
399 2037 511 2121 qui
569 2037 895 2122 singulari
951 2039 1311 2104 certamine
1374 2060 1522 2105 cnm
1568 2041 1835 2124 gigante
1876 2040 1990 2104 illo
2033 2061 2184 2106 eon-

237 2124 412 2208 gredi
499 2121 796 2189 audeat?
928 2123 1235 2206 Denique
1321 2125 1563 2210 singuli
1656 2125 1964 2192 videntur
2047 2126 2185 2190 suis

238 2208 788 2275 commilitonibus
854 2210 1110 2277 animos
1168 2209 1383 2277 facere
1447 2210 1767 2289 voluisse,
1833 2231 1995 2294 quos
2058 2209 2184 2294 ipsi

235 2316 359 2361 non
405 2294 773 2373 habebant,
829 2295 1354 2379 quandoquidem
1413 2297 1690 2380 quisque
1733 2316 1852 2396 pro
1896 2317 1969 2361 se
2014 2297 2183 2378 peri·

231 2380 445 2447 culum
490 2379 568 2445 fu
623 2380 794 2445 'ebat
836 2389 905 2445 et
945 2384 1391 2447 aversabatur.
1456 2383 1685 2464 Neque
1729 2382 1906 2449 istud
1942 2386 2182 2447 mirum

231 2467 430 2533 videri
499 2463 590 2531 de
675 2477 704 2529 t
767 2464 937 2548 quod
1004 2467 1417 2549 experientia
1493 2469 1638 2551 ipsa
1702 2468 2179 2552 comprobatur.

225 2553 390 2618 Nam
451 2553 510 2618 si
575 2551 658 2617 de
715 2551 1077 2617 subeundis
1120 2554 1430 2636 perieulis
1489 2565 1605 2619 aut
1647 2553 1865 2636 aliquo
1908 2575 2181 2620 munere

228 2638 477 2704 difficili
531 2637 949 2720 suscipiendo
1008 2638 1263 2722 agitur,
1322 2640 1600 2723 quisque
1656 2640 1907 2724 peritus
1971 2650 2072 2704 est
2115 2646 2181 2704 et

225 2725 544 2808 eloquens
602 2722 677 2788 in
737 2723 883 2789 aliis
940 2723 1022 2789 ad
1082 2723 1243 2789 illud
1310 2725 1683 2791 adeundum
1743 2724 2179 2805 cohortandis,

223 2831 429 2893 neque
498 2809 744 2874 desunt
807 2810 1088 2875 rationes
1152 2809 1390 2891 quibus
1454 2832 1563 2878 eos
1628 2810 2007 2896 impellant:
2052 2810 2180 2875 Eia

220 2896 395 2980 agite
437 2894 721 2972 sodales,
765 2915 897 2959 non
941 2906 1077 2960 tam
1122 2895 1327 2961 ardua
1370 2917 1475 2962 res
1518 2918 1729 2980 neque
1771 2907 1904 2961 tam
1953 2895 2175 2962 diffiei-

220 2982 302 3047 lis
344 3001 550 3063 quam
597 2999 756 3063 prae
799 2999 872 3044 se
913 2980 1057 3046 fert.
1129 2980 1348 3048 Semel
1394 2982 1829 3047 arrodendum
1874 2982 2177 3047 fraenum

216 3079 282 3132 et
324 3065 584 3150 aliquid
641 3065 1033 3131 audendum.
1123 3065 1198 3133 Si
1242 3067 1487 3150 praeda
1542 3067 1855 3146 facienda,
1912 3068 1967 3133 si
2027 3087 2177 3150 spes

216 3153 439 3236 aliqua
484 3150 662 3218 lucri
723 3151 977 3235 uspiam
1035 3162 1325 3235 apparet,
1388 3152 1538 3236 quis
1583 3173 1712 3218 non
1758 3154 1957 3218 etiam
2001 3154 2178 3218 vitae

212 3260 375 3305 suae
439 3236 745 3321 periculo
813 3249 1092 3303 conatur
1135 3259 1270 3303 rem
1319 3237 1640 3324 aggredi?
1730 3239 1974 3322 Ecquis
2017 3257 2176 3305 vero

212 3326 312 3390 vir
357 3324 565 3390 fortis
623 3333 756 3387 tam
824 3324 1123 3407 angustis
1166 3323 1363 3390 rebus
1404 3325 1766 3408 perieulum
1812 3325 2031 3390 subire
2072 3345 2176 3390 re·

209 3411 275 3476 fu
329 3409 476 3475 'at?
551 3408 861 3492 Denique
927 3430 1118 3475 nemo
1181 3431 1310 3474 non
1378 3419 1479 3475 est
1535 3410 1846 3494 eloquens
1907 3411 1976 3474 in
2032 3410 2178 3476 aliis

205 3432 675 3562 soffonandis:
721 3493 835 3560 sed
881 3515 1077 3560 nemo
1119 3503 1336 3560 tamen
1385 3495 1528 3560 vult
1550 3497 1771 3562 subire
1793 3496 2176 3580 periculum,

207 3601 410 3647 nemo
456 3600 605 3646 non
651 3580 904 3663 appetit
946 3582 1273 3664 quiescere
1315 3590 1381 3647 et
1429 3583 1497 3646 in
1544 3591 1685 3647 tuto
1726 3602 1887 3648 esse.
1975 3580 2178 3648 Pauci

199 3669 652 3752 reperiuntur
708 3666 821 3747 qui
880 3667 1078 3733 rebus
1122 3665 1494 3733 difficilibus
1538 3669 1743 3733 vitam
1787 3667 2178 3750 profundere

199 3753 426 3837 parati
497 3751 678 3828 sint,
764 3752 888 3816 etsi
955 3753 1145 3817 multi
1211 3752 1400 3818 valde
1463 3755 1602 3819 sint
1666 3753 2043 3837 eloquentes
2107 3753 2174 3818 in

195 3837 599 3905 rationibus
658 3837 1081 3922 explicandis,
1140 3839 1221 3905 ob
1278 3859 1439 3921 quas
1497 3860 1629 3905 non
1687 3839 1775 3904 sit
1819 3839 2024 3904 ullum
2069 3838 2177 3904 vel

193 3926 381 3992 vitae
450 3922 842 4009 periculum
906 3922 1380 4009 refugiendum.
1468 3923 1668 3990 Hunc
1725 3945 1972 3990 morem
2027 3924 2177 3989 lieet

189 4010 318 4079 hoe
389 4011 554 4077 loeo
625 4009 818 4075 nobis
882 4019 1193 4093 tanquam
1259 4011 1331 4074 in
1398 4012 1659 4093 speculo
1731 4010 2177 4094 contemplari.

186 4096 370 4163 Nam
421 4097 603 4161 totis
647 4095 879 4161 castris
925 4096 1084 4163 haee
1128 4097 1323 4162 fuisse
1368 4096 1538 4162 inter
1580 4097 1818 4162 milites
1860 4096 2177 4178 colloquia

185 4183 578 4249 videntur:
616 4180 912 4246 Nemone
948 4181 1263 4247 adversus
1286 4181 1667 4247 Goliathum
1706 4181 2176 4268 progredietur,

229 4291 402 4334 uum
468 4279 624 4333 tam
682 4268 926 4333 eximia
977 4269 1110 4333 sint
1167 4290 1207 4333 a
1265 4289 1417 4351 rege
1462 4270 1798 4352 proposita
1853 4269 2171 4352 praemia!

376 4354 678 4420 interim
740 4374 930 4418 nemo
988 4353 1246 4419 illorum
1291 4375 1432 4419 sese
1491 4355 1702 4432 offert,
1764 4354 2002 4438 singuli
2050 4354 2174 4420 sibi

179 4443 441 4507 timent
519 4452 602 4505 et
663 4439 1027 4524 perieulum
1086 4440 1375 4524 fugiunt.
1484 4439 1931 4520 Quamobrem
1991 4449 2175 4506 tanto

181 4526 614 4612 diligentius
681 4529 841 4590 haec
907 4525 1203 4590 doctrina
1265 4535 1368 4591 est
1431 4526 1845 4607 meditanda,
1933 4540 2175 4608 quanto

170 4614 477 4698 gravius
546 4622 865 4695 peccatur
920 4633 959 4677 a
1020 4612 1265 4692 multis,
1325 4618 1400 4675 ut
1446 4611 1658 4676 Deum
1705 4632 2047 4695 precemur
2091 4633 2175 4678 ne

170 4700 559 4783 permittat
589 4747 608 4773 ,
687 4697 830 4763 aliis
896 4697 1187 4763 animum
1255 4696 1799 4779 despondentibus
1865 4708 1933 4761 et
1997 4697 2176 4762 adire

168 4783 497 4868 pericula
525 4781 1010 4860 recusantibus,
1055 4804 1175 4849 nos
1197 4804 1574 4868 segnescere
1608 4791 1675 4848 et
1709 4803 1953 4868 pavore
1986 4782 2174 4848 diffu-

167 4892 358 4954 gere,
438 4869 578 4936 sed
650 4889 849 4951 quum
908 4870 1260 4936 necessitas
1316 4869 1629 4952 flagitarit
1691 4870 1902 4952 parati
1968 4870 2175 4935 simus

165 4956 282 5023 vel
360 4957 572 5022 vitae
648 4954 985 5038 dispendio
1053 4955 1386 5039 quaelibet
1449 4954 1630 5020 adire
1693 4954 2014 5039 pericula,
2103 4966 2178 5020 ut

159 5044 407 5109 officio
457 5048 716 5106 nostre
758 5041 1119 5106 seeundum
1163 5040 1571 5107 vocationem
1617 5052 1903 5107 nostram
1941 5043 2176 5125 funga-

159 5151 352 5196 mur.
459 5128 578 5193 Et
650 5146 774 5208 quo
841 5129 1051 5212 magis
1114 5126 1276 5192 alios
1342 5126 1616 5191 deficere
1678 5126 2036 5192 viderimus
2101 5149 2176 5193 eo

155 5219 402 5302 magis
454 5212 557 5279 ad
613 5212 980 5278 faciendum
1024 5212 1310 5278 officium
1358 5211 1721 5290 incitemur,
1766 5233 1975 5297 neque
2014 5213 2175 5278 alio-

1527 307 1628 373 IN
1672 307 1728 374 1.
1773 306 1955 374 LIB.
2005 305 2405 375 SAMUEL.
2451 306 2649 374 GAP.
2695 307 2925 373 XVII.

4112 309 4247 374 206

2288 517 2433 562 rum
2479 496 2725 581 effugia
2767 516 3099 562 moremur
3140 496 3249 579 qui
3295 494 3509 562 alieno
3530 494 3912 579 plerumque
3935 499 4239 582 exemplo

2287 603 2358 648 se
2416 582 2587 648 tueri
2643 581 2909 647 volunt:
2968 582 3119 647 Non
3179 580 3497 660 videmus,
3558 581 3884 665 inquiunt,
3954 583 4115 648 alies
4161 587 4241 653 de

2287 668 2429 735 istis
2471 669 2889 745 commoveri,
2947 677 3013 732 et
3054 668 3113 732 si
3159 689 3278 732 nos
3324 669 3495 733 ultro
3541 668 3715 732 istud
3758 668 4241 754 aggrediamur,

2291 756 2631 819 veniemus
2673 754 2744 817 in
2789 753 3070 819 aliorum
3115 764 3585 836 contemptum,
3654 762 3719 818 et
3762 755 3887 837 ipsi
3933 775 4053 820 nos
4098 757 4246 823 irri-

2289 839 2553 906 debunt.
2597 840 2689 904 Et
2724 840 2870 904 istis
2907 839 3166 923 effugiis
3188 840 3592 904 occasionem
3618 840 3996 922 quaerimus
4019 845 4238 926 segni-

2291 926 2449 991 tiem
2497 934 2791 991 nostram
2846 935 2914 989 et
2969 925 3305 1009 ignaviam
3362 925 3746 991 occultandi.
3833 924 3973 990 Nos
4017 927 4240 1012 itaque

2288 1023 2538 1088 contra,
2607 1021 2681 1075 ut
2746 1020 2899 1076 ante
2961 1010 3119 1089 dixi,
3185 1013 3239 1076 si
3307 1009 3582 1077 deficere
3646 1011 3808 1076 alios
3864 1011 4242 1096 viderimus,

2290 1096 2706 1162 audentiores
2750 1099 2973 1180 simus,
3030 1095 3375 1179 Deumque
3419 1107 3763 1163 vocantem
3807 1118 3926 1162 nos
3970 1117 4241 1183 cognos-

2289 1204 2531 1260 camus,
2589 1193 2658 1247 et
2716 1181 3036 1247 auxilium
3098 1187 3604 1264 promittentem,
3664 1183 3977 1265 quasique
4033 1205 4239 1251 manu

2289 1268 2632 1335 dueentem
2677 1289 3041 1352 sequamur.
3085 1268 3314 1350 Neque
3357 1267 3673 1332 miremur
3715 1268 3772 1332 si
3818 1269 3929 1333 alii
3958 1268 4239 1372 fugiant,

2288 1352 2833 1437 quemadmodum
2892 1375 2976 1418 ne
3032 1355 3257 1418 mirari
3318 1352 3577 1436 quidem
3639 1353 3967 1434 debemus,
4028 1357 4083 1420 si
4131 1357 4241 1422 isti

2289 1439 2370 1505 de
2414 1441 2651 1524 quibus
2694 1438 2800 1504 hic
2844 1441 3082 1523 agitur,
3127 1460 3270 1504 sese
3314 1450 3538 1504 mutuo
3560 1439 3820 1522 quidem
3862 1438 4237 1522 hortantur,

2286 1524 2402 1592 sed
2443 1525 2710 1590 interim
2757 1525 3002 1609 singuli
3046 1525 3276 1606 pedem
3323 1525 3649 1601 referunt,
3708 1536 3774 1591 et
3816 1546 3935 1609 pro
3980 1527 4239 1595 viribus

2288 1610 2645 1695 periculum
2691 1611 2972 1696 fugiunt,
3014 1621 3081 1675 et
3125 1630 3327 1693 quum
3373 1633 3477 1676 res
3521 1610 3824 1693 postulat,
3869 1614 4080 1678 officio
4125 1615 4237 1680 de-

2286 1708 2463 1766 sunt.
2550 1696 2694 1762 Nae
2738 1697 3080 1779 oportebat
3122 1699 3143 1761 i
3227 1717 3298 1761 os
3343 1716 3526 1761 suam
3574 1697 3905 1781 ignaviam
3953 1713 4017 1763 et-
4062 1699 4236 1764 iner-

2285 1783 2443 1848 tiam
2508 1802 2851 1862 aeeusare,
2935 1781 3048 1847 sed
3115 1804 3151 1846 a
3183 1782 3225 1845 ii
3294 1784 3454 1848 alios
3516 1783 3874 1866 increpant,
3963 1785 4237 1869 quisque

2284 1871 2565 1934 miratur
2605 1867 2863 1932 nullum
2908 1868 3160 1932 moveri
3205 1869 3543 1950 promissis
3588 1889 3658 1932 re
3707 1869 3817 1944 iis,
3885 1869 3995 1934 sed
4044 1891 4237 1936 nemo

2286 1963 2504 2021 tamen
2549 1974 2685 2018 rem
2733 1952 3131 2039 aggreditur.
3221 1952 3396 2019 Sane
3440 1955 3535 2018 sie
3578 1890 3802 2019 viffeas
3843 1953 4035 2021 hodie
4069 1957 4237 2022 mul·

2287 2050 2408 2119 tos,
2452 2039 2587 2122 qui,
2633 2050 2733 2104 tot
2774 2039 2967 2105 malis
3012 2049 3079 2103 et
3122 2039 3299 2104 vitiis
3344 2060 3418 2106 ac
3470 2040 3857 2123 corruptelis
3903 2042 4074 2106 inter
4115 2064 4235 2108 nos

2285 2126 2732 2212 regnantibus,
2776 2137 3273 2191 commoventur
3314 2146 3727 2209 magnopere,
3781 2137 3847 2189 et
3891 2127 4236 2211 diligenter

2284 2211 2360 2275 iu
2412 2211 2691 2276 aliorum
2749 2212 2913 2276 vitia
2953 2210 3319 2293 inquirunt,
3379 2224 3447 2276 et
3488 2221 3766 2277 cernunt
3810 2223 4107 2278 acutum:
4167 2224 4236 2280 et

2284 2296 2473 2362 modo
2515 2295 2713 2374 hunc,
2758 2295 2955 2363 modo
2976 2297 3163 2361 illum
3209 2306 3511 2381 carpunt,
3555 2298 3869 2382 gravique
3910 2301 4238 2366 sententia

2283 2382 2553 2459 feriunt,
2633 2381 2912 2465 denique
2976 2403 3015 2447 a
3080 2383 3369 2447 maximo
3434 2383 3517 2448 ad
3596 2383 3937 2448 minimum
4009 2405 4236 2451 omnes

2284 2467 2613 2535 communi
2658 2487 2976 2534 consensu
3031 2468 3102 2532 in
3151 2469 3308 2532 vitia
3348 2476 3417 2532 et
3459 2468 3860 2552 corruptelas
3904 2469 4234 2536 invehun-

2286 2564 2426 2620 tur:
2492 2565 2559 2619 et
2621 2552 2775 2618 dum
2841 2553 2913 2618 in
2981 2552 3143 2619 alios
3207 2556 3598 2618 sententiam
3662 2555 3909 2632 ferunt,
3978 2577 4050 2621 se
4113 2576 4232 2623 suo

2282 2639 2632 2724 suffragio,
2682 2638 2835 2707 licet
2876 2638 3141 2717 incauti,
3186 2638 3643 2704 condemnant.
3690 2639 3870 2725 Ergo
3906 2640 4231 2724 inquiunt,

2283 2735 2527 2809 quanta
2591 2725 2830 2809 passim
2902 2745 3157 2789 morum
3223 2727 3589 2808 corruptio,
3670 2737 3916 2808 quanta
3996 2727 4236 2811 ubique

2281 2811 2572 2877 confusio
2617 2809 2897 2895 regnat?
2984 2809 3163 2876 Hine
3204 2809 3615 2876 invehuntur
3657 2812 3723 2876 in
3770 2812 4093 2891 ebriosos,
4162 2815 4231 2878 in

2282 2895 2637 2972 helluones,
2688 2898 2758 2961 in
2800 2897 3116 2982 gurgites,
3162 2896 3503 2983 parasitas,
3548 2896 3941 2977 blaterones,
3985 2909 4230 2964 scorta-

2282 2991 2491 3063 tores,
2557 2980 2920 3062 adulteros,
2985 2981 3427 3065 blasphemos,
3494 2982 3703 3062 fures,
3767 2982 4227 3063 foeneratores,

2280 3067 2590 3145 latrones,
2632 3067 3006 3144 homicidas,
3050 3068 3364 3151 periuros,
3407 3066 3890 3146 obtrectatores,
3950 3069 4229 3136 haereti-

2280 3174 2410 3231 cos,
2488 3153 2763 3238 ignavos
2828 3163 2895 3218 et
2957 3153 3223 3234 inertes,
3302 3150 3579 3236 denique
3643 3153 3716 3218 in
3781 3154 4001 3219 omnia
4066 3156 4230 3222 vitia

2280 3240 2573 3305 severius
2613 3237 3025 3304 invehuntur
3068 3249 3134 3304 et
3180 3238 3635 3305 declamitant:
3680 3260 3872 3305 nemo
3915 3262 4043 3305 non
4083 3241 4229 3306 vult

2280 3325 2597 3391 adversus
2640 3323 3011 3390 istiusmodi
3067 3324 3369 3391 homines
3411 3325 3765 3408 flagitiosos
3829 3327 4224 3393 sententiam

2279 3412 2468 3477 ferre.
2554 3409 2806 3475 Verum
2852 3411 3025 3475 enim
3075 3430 3229 3476 vero
3273 3432 3401 3475 non
3448 3411 3606 3476 satis
3659 3420 3761 3477 est
3802 3410 3871 3477 in
3917 3411 4078 3479 alios
4121 3413 4226 3477 in-

2279 3495 2453 3576 vehi,
2497 3495 2625 3561 nisi
2670 3516 2710 3559 a
2754 3505 2818 3561 te
2859 3496 3002 3579 ipso
3036 3495 3235 3562 facias
3278 3496 3559 3575 initium,
3604 3506 3678 3561 ut
3700 3496 3936 3562 deinde
3956 3497 4225 3564 liberius

2279 3581 2440 3649 alios
2483 3580 2946 3664 reprehendas.
3033 3581 3205 3647 Nam
3265 3582 3536 3665 quinam
3594 3582 3978 3666 plerumque
4043 3584 4225 3650 vitiis

2278 3668 2410 3733 illis
2451 3667 2744 3733 laborare
2786 3666 3387 3750 deprehenduntur,
3445 3668 3570 3734 nisi
3615 3668 3722 3750 qui
3767 3677 3924 3734 sunt
3965 3669 4033 3734 in
4081 3670 4225 3737 aliis

2278 3753 2623 3838 carpendis
2666 3751 3123 3818 audacissimi?
3183 3763 3249 3817 et
3306 3754 3417 3836 qui
3476 3753 3800 3837 quaelibet
3841 3756 4092 3839 flagitia
4135 3758 4225 3822 si·

2279 3839 2655 3904 mulationis
2697 3849 2766 3902 et
2824 3839 3239 3924 hypocriseos
3283 3839 3479 3922 pallio
3522 3839 3799 3923 tegunt?
3889 3839 4110 3922 Quare
4168 3843 4226 3907 si

2277 3925 2512 3989 fratres
2555 3932 2672 3989 aut
2712 3925 3049 4007 proximos
3092 3925 3252 3990 vitio
3297 3924 3591 3990 laborare
3633 3927 3847 4010 aliquo
3871 3928 4226 4008 videamus,

2280 4010 2630 4094 diligenter
2672 4010 2818 4075 illos
2860 4009 3297 4093 corripiendos
3340 4010 3565 4087 fateor,
3612 4012 3723 4076 sed
3762 4014 3855 4077 ita
3892 4025 4105 4078 tamen
4154 4025 4228 4078 ut

2279 4117 2320 4161 a
2362 4096 2551 4162 nobis
2593 4095 2855 4161 initium
2900 4096 3233 4176 faciamus,
3278 4107 3343 4160 et
3387 4097 3458 4160 in
3504 4095 3631 4162 Dei
3674 4098 3906 4163 timore
3950 4099 4042 4164 sic
4086 4119 4225 4163 am·

2279 4184 2506 4249 bulare
2564 4181 2906 4258 discamus,
2968 4203 3052 4247 ne
3111 4182 3181 4247 in
3226 4181 3466 4247 similia
3510 4183 3672 4249 vitia
3714 4182 4093 4262 incidamus,
4159 4191 4227 4248 et

2279 4290 2363 4334 ne
2408 4265 2628 4333 verbis
2672 4267 2933 4350 quidem
2978 4280 3045 4332 et
3089 4288 3201 4333 ore
3244 4267 3408 4334 vitia
3451 4268 3988 4343 condemnemus,
4057 4289 4225 4352 quae

2278 4362 2497 4419 tamen
2545 4354 2611 4417 iu
2658 4363 2917 4436 pectore
2953 4352 3308 4435 foveamus,
3345 4365 3410 4419 et
3455 4354 3534 4419 de
3577 4355 3811 4437 quibus
3847 4354 4040 4418 etiam
4070 4376 4225 4421 con-

2277 4441 2452 4507 vinci
2497 4441 2838 4522 possimus.

2450 4526 2656 4591 Porro
2700 4524 2768 4589 in
2813 4524 3232 4608 sequentibus
3276 4524 3551 4590 Davidis
3611 4525 3856 4590 verbis:
3922 4524 4080 4607 Quis
4136 4531 4225 4593 est

2276 4611 2380 4677 hic
2425 4610 2816 4676 Philistum
2870 4612 3358 4692 incircumcisus,
3416 4612 3525 4691 qui
3578 4610 3976 4693 exprobravit
4032 4613 4225 4677 aciem

2275 4697 2404 4763 Dei
2447 4697 2760 4762 viventis?
2805 4717 3062 4762 summa
3103 4699 3309 4780 ipsius
3350 4708 3618 4779 apparet
3663 4697 3890 4780 pietas,
3936 4718 4064 4780 qua
4086 4698 4225 4763 sola

2276 4785 2616 4858 excitatur,
2676 4802 2807 4848 non
2867 4793 3083 4848 autem
3146 4782 3499 4846 ambitione
3556 4795 3629 4846 ut
3673 4784 3811 4846 fere
3854 4783 4066 4847 solent
4110 4786 4222 4866 qui

2276 4870 2405 4935 viri
2471 4873 2669 4934 fortes
2735 4876 2801 4933 et
2868 4869 3269 4951 magnanimi
3339 4867 3566 4932 volunt
3634 4866 3878 4943 haberi,
3946 4869 4220 4954 gloriam

2277 4954 2446 5037 apud
2494 4954 2791 5019 homines
2834 4974 3165 5037 quaerere,
3209 4952 3316 5019 vel
3362 4954 3648 5035 privatas
3692 4953 4083 5019 familiarum
4123 4957 4223 5021 in·

2275 5041 2480 5107 iuriae
2538 5040 2782 5123 ulcisci,
2849 5039 2952 5105 vel
3009 5039 3241 5104 saltem
3302 5039 3609 5104 victoriae
3669 5038 3857 5103 titulo
3962 5040 4219 5107 loriari:

2279 5126 2558 5209 denique
2600 5126 2658 5190 si
2715 5125 2888 5208 quod
2935 5125 3245 5190 eximium
3294 5137 3360 5188 et
3418 5124 3583 5188 forte
3630 5125 3884 5189 facinus
3975 5129 4222 5193 omines

2280 5212 2656 5291 admittunt,
2704 5212 2995 5277 vanitate
3039 5211 3251 5293 potius
3295 5220 3360 5273 et
3401 5211 3703 5293 superbia
3746 5221 3812 5276 et
3855 5215 4223 5300 arrogantia
