5059 6059
285 304 352 369 41
1551 308 1650 374 IN
1689 308 1744 375 1.
1789 308 1972 376 LIB.
2018 305 2418 377 SAMUEL.
2463 308 2664 376 OAP.
2710 309 2902 377 xlv.

280 492 560 569 (lebimus,
603 514 804 576 quum
848 496 1189 580 proprium
1235 497 1444 563 filium
1488 498 1688 563 morti
1731 497 2003 563 addixit.
2075 501 2172 565 Ac

279 580 411 647 licet
464 597 590 642 non
652 579 979 647 destinata
1035 582 1102 648 id
1163 584 1412 650 malitia
1467 584 1636 660 fecit,
1698 594 1918 650 tamen
1978 605 2049 651 se
2103 585 2171 649 in

281 664 592 749 reprobum
638 686 904 731 sensum
960 670 1249 735 coniecit.
1340 669 1532 751 Quod
1578 670 1681 735 vel
1727 690 1806 735 ex
1853 691 1929 735 eo
1972 681 2172 754 patet,

278 751 421 837 quod
478 749 580 816 hic
645 752 947 819 videmus
1004 776 1151 819 eum
1198 756 1423 822 in-bere
1468 777 1621 821 suos
1665 756 1909 821 milites
1955 776 2175 821 recen·

276 839 415 903 seri:
449 835 676 918 quibus
714 840 1052 905 recensitis
1085 853 1402 924 quantum
1439 841 1728 925 dilapsus
1762 854 1933 907 esset
1968 843 2174 924 ipsius

273 933 457 989 status
496 924 815 1005 apparuit.
888 925 1162 991 Interim
1209 943 1423 992 tamen
1473 927 1554 992 ad
1600 927 1821 993 Deum
1864 928 2175 1011 confugit,

274 1030 408 1074 nam
460 1009 615 1073 satis
659 1009 1123 1077 animadvertit
1167 1034 1269 1078 res
1312 1035 1463 1078 suas
1507 1034 1648 1078 esse
1693 1014 1972 1096 pessimo
2016 1014 2172 1091 loco,

274 1095 380 1159 nisi
428 1092 606 1159 Deus
663 1096 786 1177 ipsi
845 1118 1078 1162 sanum
1139 1110 1205 1163 et
1248 1099 1411 1163 utile
1455 1099 1794 1165 consilium
1841 1108 2172 1183 suggerat.

271 1178 473 1261 Quare
502 1178 684 1244 iubet
714 1181 1112 1247 sacerdotem
1151 1182 1365 1267 ephod
1404 1183 1690 1268 induere,
1737 1196 1805 1250 et
1838 1185 1918 1249 ad
1957 1206 2170 1249 arcam

270 1264 463 1329 Deum
512 1266 962 1333 consulturum
1027 1269 1348 1349 accedere,
1412 1282 1489 1335 ut
1545 1271 1698 1354 quid
1757 1270 1879 1336 sibi
1942 1272 2012 1335 in
2074 1272 2174 1337 his

268 1352 566 1434 angustiis
623 1352 710 1416 sit
766 1351 1144 1419 faciundum
1206 1357 1589 1422 sciscitetur.
1681 1354 1811 1423 Sed
1868 1377 2013 1421 sero
2058 1356 2168 1420 ad·

266 1434 528 1501 modum.
639 1436 1079 1518 Quamobrem
1145 1442 1341 1507 etiam
1407 1443 1584 1508 Deus
1663 1462 1875 1524 neque
1954 1461 2171 1506 arcam

265 1520 520 1587 foederis
564 1543 774 1605 neque
818 1526 1014 1589 etiam
1073 1527 1284 1609 ephod
1331 1527 1681 1611 quidquam
1727 1528 1824 1591 illi
1869 1527 2171 1611 prodesse

263 1609 553 1689 permisit.
643 1609 813 1674 Nam
877 1610 1046 1695 qnod
1107 1613 1279 1692 facit,
1345 1634 1429 1677 ex
1489 1611 1850 1678 diffidentia
1917 1624 2167 1676 tantum

261 1694 415 1758 facit.
517 1694 612 1759 Et
675 1694 914 1762 idcirco
979 1695 1059 1761 de
1123 1707 1394 1783 repente
1457 1699 1679 1763 audito
1748 1699 2034 1763 tumultu
2100 1699 2166 1762 in

260 1780 471 1844 castris
536 1780 845 1861 hostium,
925 1783 1104 1848 iubet
1181 1783 1580 1851 sacerdotem
1645 1805 1915 1849 manum
1981 1804 2165 1849 suam

260 1884 564 1945 amovere,
607 1875 675 1931 et
717 1866 903 1932 velut
948 1878 1139 1935 extra
1172 1891 1241 1935 se
1280 1872 1524 1953 positus
1560 1880 1748 1949 esset,
1795 1870 1875 1935 ab
1911 1870 2167 1951 incepto

259 1946 586 2016 desistere:
644 1953 826 2034 quasi
884 1952 1163 2020 diceret:
1223 1954 1743 2039 quandoquidem
1792 1967 1925 2019 tam
1972 1954 2167 2019 breve

257 2043 495 2118 tempus
561 2048 683 2115 est,
768 2039 920 2120 quid
988 2061 1151 2125 opus
1222 2041 1534 2106 habemus
1600 2041 1882 2125 amplius
1947 2041 2164 2105 Deum

253 2121 577 2201 sciscitari,
645 2145 777 2188 non
843 2145 1005 2208 opus
1073 2138 1172 2192 est
1234 2146 1448 2192 mora:
1501 2128 1718 2210 itaque
1774 2126 2037 2191 oraculo
2097 2128 2165 2189 in

253 2209 608 2289 praesentia
659 2210 1042 2276 carebimus.
1135 2213 1224 2277 Et
1281 2214 1375 2277 ita
1431 2223 1678 2277 temere
1720 2224 1787 2277 et
1830 2212 1973 2277 sine
2017 2233 2167 2277 con-

250 2292 384 2357 silio
440 2293 662 2359 hostes
721 2316 869 2360 suos
925 2298 1354 2381 persequitur,
1416 2308 1482 2363 et
1546 2298 1789 2363 milites
1854 2298 2038 2381 sequi
2094 2316 2163 2361 se

249 2376 413 2444 iubet
466 2379 783 2464 impetum
844 2382 916 2447 in
986 2383 1237 2448 hostem
1305 2385 1611 2451 facturos.
1719 2384 1936 2467 Atque
2003 2383 2163 2449 haec

247 2463 304 2529 in
359 2485 615 2531 summa
673 2466 753 2530 de
794 2464 1020 2534 Saulis
1064 2471 1437 2553 arrogantia
1481 2482 1548 2534 et
1590 2469 1955 2535 diffidentia
1999 2470 2159 2534 reci-

247 2558 478 2615 tantur.
568 2550 710 2617 Iam
770 2565 965 2618 antea
1014 2576 1170 2620 vero
1227 2553 1564 2621 docuimus
1610 2553 1875 2622 Saulem
1939 2575 2158 2622 secum

248 2634 538 2702 habuisse
583 2657 910 2703 summum
953 2639 1374 2721 sacerdotem,
1419 2661 1618 2724 quum
1664 2642 1941 2706 nimium
1976 2660 2161 2724 prae-

245 2722 576 2803 cipitanter
634 2724 776 2788 fieri
819 2723 1010 2791 iussit
1063 2726 1471 2804 sacrificium,
1531 2726 1684 2791 dum
1732 2725 1999 2791 Samuel
2043 2748 2156 2791 ex-

244 2807 660 2890 spectabatur.
733 2809 1060 2891 Quamdiu
1106 2813 1308 2897 igitur
1353 2813 1584 2878 licebat
1627 2812 1725 2877 illi
1770 2832 1889 2894 per
1930 2812 2155 2890 otium,

242 2913 348 2958 cur
387 2914 520 2959 non
567 2896 832 2961 iubebat
874 2897 1290 2973 sacerdotem,
1334 2908 1684 2980 antequam
1729 2898 2153 2981 irruptionem

241 2974 448 3045 hostes
493 2981 799 3060 facerent,
845 2981 1060 3048 Deum
1107 2984 1441 3065 sciscitari,
1487 2993 1554 3049 et
1598 2982 1677 3049 de
1721 2985 1924 3067 ipsius
1966 2984 2154 3048 illum

240 3064 568 3130 voluntate
629 3066 1078 3153 interrogare?
1184 3067 1314 3136 Sed
1373 3079 1515 3134 tum
1560 3070 1640 3135 de
1685 3090 1761 3134 eo
1806 3090 1935 3133 non
1980 3069 2154 3152 cogi-

240 3151 411 3226 tavit,
456 3153 620 3234 quin
655 3153 872 3235 potius
907 3162 982 3219 ut
1016 3153 1201 3222 deses
1244 3165 1313 3219 et
1345 3155 1626 3240 ignavus
1662 3156 1874 3221 stetit:
1921 3154 2154 3219 deinde

238 3247 558 3303 momento
615 3248 866 3303 terrore
919 3241 1251 3324 perculsus
1310 3240 1505 3308 breve
1565 3241 1838 3306 nimium
1899 3250 2027 3305 tem
2076 3261 2153 3305 us

238 3341 567 3405 superesse
623 3323 747 3390 sibi
802 3325 1020 3391 Deum
1075 3325 1524 3411 interrogandi
1582 3327 1928 3410 persuasit.
2070 3325 2148 3391 ed

235 3407 573 3475 fallebatur
626 3410 951 3493 opinione,
1017 3412 1534 3496 quandoquidem
1603 3412 1891 3478 nondum
1952 3413 2148 3495 septi·

235 3512 370 3559 mue
422 3493 565 3561 dies
609 3497 1051 3579 praeterierat,
1108 3519 1236 3581 quo
1279 3497 1572 3563 nondum
1616 3499 1835 3582 elapso
1880 3496 2151 3564 Samuel

235 3590 300 3643 nt
337 3582 748 3663 promiserat,
794 3581 1079 3649 advenit.
1146 3586 1237 3650 Et
1279 3584 1705 3650 nihilominus
1751 3583 2025 3649 debebat
2067 3604 2148 3647 ex

232 3666 429 3732 officio
485 3665 854 3733 Dominum
910 3689 1028 3752 per
1073 3669 1470 3736 sacerdotem
1524 3669 1606 3734 de
1650 3670 1988 3736 voluntate
2031 3690 2151 3735 sua

231 3749 650 3836 interrogare.
751 3753 921 3819 Nam
984 3756 1262 3838 speciale
1336 3754 1659 3838 quoddam
1728 3754 2145 3839 privilegium

232 3835 401 3904 Deus
444 3838 691 3922 populo
748 3861 865 3905 suo
906 3840 1318 3921 concedebat,
1379 3852 1455 3905 ut
1495 3841 1567 3905 in
1611 3840 1807 3907 rebus
1851 3841 2145 3925 angustis

230 3930 291 3986 et
342 3926 620 3990 summis
677 3922 1165 3992 difficultatibus
1229 3925 1526 3993 sacerdos
1571 3939 1723 3993 ante
1766 3926 2146 4010 propitiato·

223 4008 385 4074 rium
443 4009 662 4094 ephod
704 4009 970 4077 indutus
1012 4022 1435 4097 compareret,
1502 4022 1569 4078 et
1609 4012 1743 4078 illic
1785 4011 2145 4077 Dominum

224 4093 368 4176 qnid
424 4098 497 4161 in
554 4096 691 4161 illis
747 4094 1235 4164 difficultatibus
1289 4098 1460 4163 facto
1515 4108 1689 4165 esset
1730 4118 1893 4181 opus
1928 4099 2142 4165 scisci-

226 4186 486 4248 taretur.
598 4181 813 4247 Erant
888 4193 1105 4249 autem
1171 4185 1299 4250 duo
1364 4183 1576 4268 ephod
1640 4205 1912 4269 genera3
1989 4204 2144 4249 nam

225 4264 502 4334 alterum
561 4269 688 4333 fuit
739 4270 1075 4352 proprium
1131 4270 1576 4337 sacerdotum:
1644 4269 1926 4335 alterum
1992 4290 2145 4335 vero

223 4351 486 4434 plebeiis
554 4354 928 4420 hominibus
994 4376 1371 4423 commune:
1439 4364 1506 4419 et
1570 4356 1654 4421 iis
1710 4357 1821 4438 qui
1885 4364 2142 4421 tantum

225 4450 401 4503 erant
471 4440 778 4505 Levitae:
860 4441 1225 4508 cuiusmodi
1303 4440 1579 4507 amiculo
1645 4439 1864 4506 David
1927 4460 2141 4506 arcam

225 4524 537 4590 comitans
579 4525 855 4592 amictus
900 4525 1159 4611 legitur.
1248 4525 1381 4593 Sed
1426 4527 1548 4592 fuit
1582 4534 1926 4611 praeterea
1967 4547 2144 4609 mag-

225 4628 371 4673 num
440 4610 674 4694 ephod,
741 4631 925 4677 sacra
989 4634 1224 4698 nempe
1292 4613 1526 4692 tunica,
1593 4613 1664 4677 in
1731 4634 1859 4695 qua
1922 4633 2146 4678 sacrae

225 4694 470 4778 figurae
525 4707 592 4762 et
647 4699 838 4782 signa
893 4699 1408 4765 continebantur.
1496 4697 1719 4780 Quare
1764 4696 1924 4765 Saul
1967 4706 2147 4781 pote-

223 4791 323 4845 rat
360 4782 588 4849 iubere
643 4782 1044 4850 sacerdotem
1088 4805 1420 4851 assumere
1465 4782 1694 4867 ephod,
1760 4784 2146 4849 Dominum-

264 4887 343 4932 ne
406 4888 530 4951 pro
590 4889 661 4935 se
725 4869 1164 4955 interrogare:
1227 4869 1341 4937 sed
1394 4890 1528 4935 non
1584 4870 1756 4948 fecit,
1824 4870 1950 4934 nisi
2014 4870 2145 4934 iam

226 4885 577 5106 ὲιΐνιῑ
630 4956 1017 5124 {taeta
1031 4954 1934 5125 sffisxsss.:¹;;¹zzz⁶s
1961 4955 2146 5126 ζει

226 5136 415 5190 raret.
508 5126 759 5193 Verum
816 5128 1074 5212 ingrata
1116 5127 1229 5192 illa
1271 5127 1618 5194 sciscitatio
1660 5128 1784 5192 fuit
1825 5126 2148 5191 Domino:

228 5210 643 5293 quamobrem
707 5214 992 5279 incertus
1055 5211 1233 5294 abiit,
1311 5224 1376 5278 et
1440 5214 1587 5297 quis
1650 5214 1916 5278 futurus
1979 5221 2149 5277 esset

4121 309 4209 376 42

2276 520 2496 565 rerum
2563 521 2834 566 suarum
2899 500 3117 566 exitus
3183 500 3377 582 plane
3440 497 3706 563 inscius.
3793 496 4210 584 Quapropter

2275 585 2403 650 ista
2444 596 2600 651 sunt
2657 587 2841 652 nobis
2877 584 3222 671 diligenter
3278 583 3721 668 expendenda,
3779 596 3854 649 ut
3888 584 4205 666 quamdiu

2275 691 2347 736 se
2390 672 2575 737 nobis
2619 671 2948 737 Dominus
2992 672 3202 755 offert,
3256 691 3467 753 neque
3507 668 3761 735 desides
3806 691 4015 753 neque
4058 692 4205 757 seg-

2277 777 2391 822 nes
2446 758 2650 823 simus
2708 759 2775 821 in
2836 757 3177 822 voluntate
3237 757 3440 840 ipsius
3499 756 3936 837 exquirenda:
3995 765 4063 821 et
4123 778 4206 824 ne

2275 841 2559 908 oblatam
2627 845 3028 909 occasionem
3112 842 3546 927 negligamus.
3658 842 3827 906 Nam
3909 841 4207 912 diabolus

2275 928 2484 992 modis
2526 929 2829 994 omnibus
2875 928 2997 993 Dei
3047 931 3391 993 veritatem
3437 927 3787 992 obscurare
3831 928 4203 996 conabitur:

2276 1034 2465 1097 quam
2514 1014 2787 1099 proinde
2831 1016 2885 1079 si
2930 1034 3163 1097 segnes
3208 1015 3278 1079 in
3318 1015 3461 1096 ipso
3496 1011 3858 1079 invocando
3894 1016 4204 1082 fuerimus

2275 1101 2590 1165 incertam
2651 1110 2719 1165 et
2762 1101 3159 1184 incognitam
3221 1100 3510 1165 habituri
3571 1118 3831 1164 sumus:
3889 1112 3957 1164 et
3998 1103 4079 1165 ab
4125 1121 4204 1166 ea

2275 1186 2493 1267 procul
2565 1186 2950 1251 aberraturi.
3039 1184 3264 1267 Quare
3322 1184 3536 1250 danda
3601 1185 3786 1250 nobis
3848 1206 4061 1268 opera,
4128 1197 4202 1253 ut

2275 1292 2471 1353 quum
2519 1272 2642 1336 Dei
2705 1271 3038 1336 voluntate
3084 1271 3353 1336 verbnm
3399 1291 3588 1335 sunm
3648 1269 3823 1354 apud
3882 1294 3998 1337 nos
4041 1292 4206 1356 quo-

2277 1355 2435 1421 tidie
2478 1355 2905 1439 praedicetur,
2951 1370 3016 1422 et
3061 1368 3320 1423 nostras
3355 1377 3545 1421 auree
3587 1368 3910 1439 personet,
3958 1360 4021 1423 in
4060 1360 4202 1424 eins

2273 1442 2652 1525 obsequium
2687 1463 3169 1526 componamnr,
3215 1444 3483 1524 eiusque
3515 1441 3841 1508 voluntati
3880 1464 3995 1508 nos
4034 1455 4202 1511 totos

2273 1526 2763 1605 submittamus,
2845 1541 2912 1592 et
2973 1528 3090 1592 illa
3154 1528 3472 1593 adversus
3536 1527 3856 1609 quoslibet
3918 1530 4203 1595 insultus

2273 1622 2583 1696 tanquam
2650 1615 3008 1680 certissimo
3089 1613 3578 1697 propugnaculo
3642 1626 3925 1693 utamur,
4001 1628 4069 1680 et
4132 1617 4201 1680 in

2271 1696 2410 1764 dies
2447 1701 2513 1763 in
2553 1699 2728 1764 illius
2763 1701 3132 1783 cognitione
3168 1700 3606 1783 proficiamus,
3650 1698 4000 1784 eademque
4036 1699 4205 1767 duce

2271 1804 2494 1867 preces
2560 1796 2625 1849 et
2689 1786 3018 1850 orationes
3082 1798 3303 1850 noctes
3369 1784 3637 1867 diesque
3700 1784 4198 1868 ingeminemus.

2270 1869 2393 1934 Sin
2460 1881 2679 1935 autem
2749 1870 3004 1936 desides
3068 1880 3135 1934 et
3199 1870 3425 1954 ignavi
3491 1870 3823 1947 fuerimus,
3887 1870 4199 1954 nobisque

2269 1954 2777 2039 persuadeamus
2822 1968 3076 2040 tempus
3121 1956 3375 2039 lapsum
3423 1958 3792 2041 recuperari
3837 1978 4041 2040 posse,
4086 1958 4200 2023 fiet

2269 2053 2341 2105 ut
2383 2062 2499 2124 spe
2541 2053 2766 2106 nostra
2807 2041 3205 2125 excidamus,
3251 2056 3315 2107 et
3359 2042 3670 2124 opinione
3712 2040 4037 2107 fallamur.
4082 2042 4199 2111 Sic

2268 2126 2609 2209 plerosque
2650 2125 2871 2193 videas
2915 2128 3127 2193 dicere
3170 2129 3240 2192 in
3286 2127 3555 2193 iuvenili
3600 2140 3829 2204 aetate,
3876 2148 4009 2192 non
4047 2138 4198 2213 apta

2266 2213 2395 2275 iam
2441 2225 2622 2277 aetas
2664 2233 2809 2278 mea
2854 2214 3171 2296 precibus,
3231 2214 3330 2279 sin
3378 2225 3594 2278 autem
3640 2234 3936 2287 senuero,
3995 2214 4201 2297 preci-

2266 2297 2385 2361 bus
2450 2296 2729 2363 assiduis
2809 2298 3200 2364 incumbam.
3306 2299 3512 2381 Atqui
3579 2298 3706 2363 Dei
3790 2301 4002 2383 gratia
4065 2321 4196 2365 non

2266 2382 2503 2464 pendet
2549 2383 2630 2448 ab
2675 2384 2944 2449 arbitrio
2990 2400 3231 2460 nostro,
3294 2406 3501 2467 neque
3561 2387 3625 2448 in
3673 2395 3898 2449 nostra
3941 2395 4042 2451 est
4084 2406 4196 2468 po·

2265 2479 2532 2534 testate:
2578 2488 2791 2551 neque
2836 2470 3028 2535 etiam
3074 2472 3321 2536 veritas
3364 2469 3543 2535 eludi
3586 2481 3813 2554 potest.
3861 2469 4196 2551 Quamdiu

2262 2553 2285 2617 i
2335 2554 2466 2619 ’tur
2496 2553 2863 2620 libertatem
2912 2555 3219 2639 precandi
3264 2557 3599 2632 habemus,
3646 2555 3709 2620 id
3740 2572 3841 2621 est
3883 2555 4193 2638 quamdiu

2328 2661 2441 2705 eus
2487 2640 2674 2706 nobis
2718 2641 2832 2705 dat
2864 2643 3067 2706 otium
3109 2643 3323 2724 ipsum
3362 2640 3728 2720 invocandi,
3773 2663 3999 2706 omnes
4042 2664 4194 2725 pra-

2262 2746 2377 2790 vas
2440 2726 2880 2808 cogitationes,
2946 2727 3291 2809 omniaque
3346 2725 3810 2811 impedimenta
3864 2727 4096 2811 quibus
4154 2749 4196 2795 a

2262 2810 2559 2892 precibus
2613 2812 2975 2878 avertimur
3036 2833 3418 2896 superemus
3483 2814 3837 2897 proculque
3902 2833 3942 2878 a
4006 2812 4194 2880 nobis

2259 2896 2666 2962 reiiciamus:
2744 2918 2957 2980 neque
3023 2918 3312 2980 unquam
3379 2899 3651 2964 meliora
3718 2912 4012 2981 tempora
4075 2909 4192 2964 aut

2259 2984 2815 3065 opportunitatem
2881 3004 3251 3068 speremus:
3318 3005 3402 3048 ne
3459 2985 3627 3048 forte
3691 2984 3880 3049 nobis
3947 2984 4186 3050 ostium

2256 3067 2511 3152 ingredi
2572 3068 2941 3135 volentibus
3000 3069 3400 3136 occludatur.
3491 3066 3603 3136 Sic
3660 3070 3838 3134 enim
3886 3069 4190 3136 videmus

2255 3174 2405 3219 cum
2469 3154 2675 3220 Saule
2739 3156 3006 3236 factum,
3073 3164 3145 3220 ut
3210 3153 3734 3238 quandoquidem
3804 3175 4008 3236 quum
4071 3175 4193 3238 per

2257 3239 2713 3306 necessitatem
2793 3241 3102 3325 oportuit,
3191 3253 3259 3306 et
3336 3240 3890 3323 opportunitatem
3980 3241 4190 3319 licuit,

2254 3323 2471 3390 Deum
2518 3347 2651 3391 non
2696 3326 3038 3410 quaesivit,
3085 3347 3291 3410 quum
3336 3325 3480 3391 vult
3523 3345 3654 3390 non
3701 3326 3929 3407 possit,
3973 3347 4188 3409 neque

2251 3410 2348 3474 illi
2428 3408 2615 3478 Deus
2700 3432 2887 3477 suam
2966 3411 3418 3497 interrogandi
3503 3412 3907 3477 voluntatem
3995 3413 4195 3480 faciat

2248 3504 2657 3579 potestatem.

2417 3580 2563 3647 Iam
2609 3602 2764 3648 vero
2806 3581 3224 3667 procidamus
3266 3588 3370 3649 etc.

2756 3923 3252 4007 HOMILIA
3300 3924 3571 4005 XLVI
3586 3924 3684 4006 [Ι.

2420 4094 2518 4160 18.
2581 4094 2669 4160 Et
2739 4095 2833 4160 ait
2894 4093 3056 4159 Saul
3118 4094 3206 4159 ad
3258 4093 3567 4160 Achiam.-
3631 4095 3908 4177 Applica
3970 4116 4188 4162 arcam

2244 4179 2375 4246 Dei
2436 4183 2595 4262 (erat
2653 4180 2818 4245 enim
2868 4179 2962 4245 ibi
3018 4200 3171 4246 arca
3213 4179 3344 4245 Dei
3399 4180 3470 4245 in
3524 4179 3631 4244 die
3685 4181 3805 4247 illa
3844 4201 3984 4246 cum
4021 4181 4189 4262 filiis

2248 4266 2500 4353 Israel).
2595 4266 2694 4331 19.
2748 4266 3069 4348 Quamque
3125 4266 3478 4348 loqueretur
3537 4263 3698 4329 Saul
3753 4266 3840 4331 ad
3894 4267 4181 4332 sacerao-

2246 4357 2383 4434 tem,
2440 4351 2741 4417 tumultus
2797 4372 3067 4435 maynus
3123 4357 3378 4417 exortus
3418 4355 3507 4417 cst
3558 4352 3630 4415 in
3669 4353 3901 4417 castris
3942 4350 4182 4417 Phaus-

2246 4438 2576 4517 thinorum,
2635 4437 3053 4519 crescebatque
3098 4437 3421 4520 paulatim
3472 4440 3527 4500 et
3585 4437 3831 4503 clarius
3871 4435 4178 4522 reboabat,

2248 4530 2309 4590 et
2358 4526 2456 4590 ait
2500 4522 2664 4589 Saul
2720 4524 2807 4589 ad
2865 4524 3273 4588 sacerdotem:
3333 4521 3641 4588 Contrahe
3681 4541 3944 4586 manum
3983 4527 4174 4589 tuam.

2248 4610 2352 4675 20.
2403 4608 2827 4676 Conclamavit
2867 4629 3009 4691 erqo
3055 4607 3216 4674 Saul
3255 4614 3313 4673 et
3352 4609 3556 4674 omni-s·
3585 4605 3868 4689 populus
3900 4609 4011 4688 qui
4044 4613 4183 4673 crat

2248 4715 2387 4761 cum
2443 4715 2528 4774 ee,
2585 4690 3623 4776 &veneruntusqueadlobum
3685 4693 4183 4759 σενεαηιίηίεεεέ

2247 4800 2372 4847 ecce
2423 4800 2644 4846 versus
2693 4780 2903 4862 fuerat
2957 4780 3214 4864 yladius
3270 4779 3768 4859 uniuscuiusque
3822 4777 3909 4842 ad
3951 4779 4177 4860 proxi-

2246 4886 2418 4931 mum
2459 4885 2666 4946 suum,
2712 4870 2769 4930 et
2808 4866 3024 4933 caedes
3063 4884 3297 4948 mayna
3338 4863 3548 4928 nimia
3634 4863 3739 4927 21.
3789 4859 3915 4926 Sed
3954 4869 4009 4928 ct
4051 4864 4180 4930 He-

2247 4953 2420 5018 braei
2477 4952 2590 5034 qui
2642 4952 2894 5033 siceram
2931 4971 3070 5017 cum
3115 4948 3508 5015 Philisthiim
3548 4948 3686 5013 heri
3727 4952 3784 5012 et
3823 4949 4176 5016 undenstor-

2247 5039 2392 5119 ίίαε,
2443 5037 3004 5119 adscenderuntque
3042 5056 3183 5102 cum
3225 5035 3320 5099 eis
3361 5035 3430 5098 in
3472 5035 3697 5099 castris
3737 5038 3974 5101 reversi
4012 5042 4178 5118 wit,

2248 5130 2321 5190 ut
2373 5128 2575 5190 essent
2626 5143 2765 5189 cum
2823 5122 3063 5189 Israele
3117 5121 3420 5203 quierat
3471 5139 3611 5184 cum
3676 5116 3836 5184 Sma
3889 5122 4176 5189 etIona-

2248 5208 2455 5275 thane.
2565 5209 2670 5275 22.
2737 5208 2960 5275 Omm
3014 5226 3255 5291 quoque
3294 5204 3626 5272 Israelitae
3666 5205 3779 5286 qui
3818 5225 3886 5272 se
3927 5208 4181 5275 abscon-
