5059 6059
281 328 389 392 309

276 511 732 584 exhortationes
776 512 1196 594 applicemus.
1286 510 1510 593 Quare
1565 512 1622 578 si
1679 532 1791 577 eos
1846 532 1884 576 a
1943 509 2173 593 quibus

273 600 494 670 nullam
549 596 852 662 iniuriam
914 598 1087 680 passi
1144 618 1389 674 sumus,
1450 596 1766 663 violentia
1810 610 1876 662 et
1918 595 2176 663 iniuriis

275 686 623 762 afficiamus,
691 693 937 749 certum
997 693 1099 750 est
1158 684 1408 749 malitia
1466 682 1893 749 inexcusabili
1954 700 2175 765 pecca-

276 790 456 839 turos.
517 770 661 837 Etsi
706 789 838 835 non
885 770 1090 834 simus
1135 770 1216 833 ab
1260 770 1439 834 omni
1482 769 1676 852 culpa
1722 768 1927 851 vacui,
1971 788 2175 850 quum

272 858 493 943 species
550 854 769 939 aliqua
810 855 1089 921 iniuriae
1126 855 1310 921 nobis
1354 857 1564 921 factae
1607 854 2013 921 ulciscendae
2060 872 2172 936 ap·

269 942 528 1031 parebit:
596 940 1119 1025 quandoquidem
1180 961 1291 1007 eos
1348 942 1457 1023 qui
1523 940 1654 1006 vim
1714 940 1783 1004 vi
1843 938 2174 1022 repellere,

271 1029 618 1112 malumque
665 1025 834 1092 malo
877 1047 1295 1110 compensare
1339 1026 1725 1104 studuerint,
1785 1024 1968 1091 Deus
2020 1024 2173 1089 olim

271 1118 507 1183 ulturus
550 1123 666 1179 est.
729 1112 1119 1194 Quanquam
1168 1133 1243 1178 eo
1283 1111 1727 1195 impudentiae
1771 1109 2175 1175 devenerunt

266 1202 558 1287 papistae,
629 1210 705 1263 ut
770 1199 1106 1264 docuerint
1172 1219 1308 1264 rem
1376 1198 1648 1263 arduam
1714 1208 1781 1262 et
1845 1196 2174 1262 difficilem

266 1306 392 1355 esse
443 1284 830 1351 iniuriarum
888 1284 1202 1363 oblivisci,
1260 1292 1328 1349 et
1370 1282 1652 1350 inimicis
1695 1284 1937 1348 nostris
1983 1282 2174 1347 bene-

265 1375 472 1450 facere,
539 1391 615 1436 ac
675 1369 948 1452 proinde
1011 1369 1523 1435 admonitionem
1587 1368 1771 1434 illam
1825 1367 2171 1435 consilium

264 1481 390 1526 esse
429 1457 508 1522 ad
555 1455 1015 1551 perfectionem
1062 1454 1565 1540 adipiscendam,
1622 1474 1756 1520 non
1801 1464 2019 1519 autem
2064 1474 2174 1518 ex-

299 1563 536 1611 ressum
605 1541 985 1609 mandatum
1053 1541 1382 1607 divinum:
1463 1541 1559 1606 sic
1638 1541 1777 1605 ausi
1857 1539 2174 1605 adversus

258 1570 455 1697 Ecum
526 1627 998 1713 blasphemare.
1112 1627 1252 1693 Nae
1330 1624 1697 1692 istiusmodi
1777 1625 2031 1692 cavillis
2107 1635 2173 1690 et

254 1717 496 1801 effugiis
539 1712 716 1780 haud
762 1713 1166 1778 iuvabuntur
1207 1733 1421 1779 coram
1469 1713 1648 1777 Deo:
1693 1713 1805 1793 qui
1840 1732 1957 1776 nos
1994 1709 2175 1775 iubet

253 1806 587 1869 adversum
634 1821 753 1865 nos
795 1800 970 1882 ipsos
1029 1819 1360 1883 pugnare:
1422 1808 1489 1862 et
1543 1818 1742 1880 quum
1802 1796 2043 1862 luctam
2104 1796 2171 1860 in

254 1889 427 1954 nobis
488 1884 906 1960 senserimus,
981 1898 1047 1951 et
1099 1885 1604 1969 repugnantiam
1670 1883 1989 1948 adversus
2044 1881 2172 1948 Dei

253 1973 568 2051 mandata,
630 1971 845 2055 ipsum
898 1971 1203 2037 invocare
1263 1978 1337 2036 ut
1390 1990 1617 2035 omnes
1675 1967 2048 2033 inimicitias
2108 1977 2175 2033 et

251 2059 595 2126 vindictam
630 2079 707 2123 ac
751 2055 1101 2122 ulciscendi
1148 2056 1507 2139 appetitum
1544 2076 1628 2120 ex
1663 2055 1900 2119 animis
1937 2054 2173 2119 nostris

248 2146 488 2229 eripiat,
551 2154 620 2208 et
674 2142 979 2227 spiritum
1035 2140 1320 2208 lenitatis
1380 2150 1446 2205 et
1499 2139 2017 2206 mansuetudinis
2075 2139 2167 2204 in·

247 2233 485 2298 fundat.
533 2228 670 2296 Sed
714 2229 782 2294 in
821 2227 1051 2312 primis
1085 2229 1141 2292 si
1176 2228 1629 2293 innocentibus
1663 2224 1940 2291 nocendi
1975 2245 2171 2307 quae-

247 2319 384 2383 dam
430 2317 727 2383 animum
787 2323 1081 2378 nostrum
1131 2313 1544 2397 occupaverit
1585 2312 1928 2395 cupiditas,
1977 2311 2169 2376 istam

246 2403 609 2469 doctrinam
654 2401 724 2464 in
770 2400 1150 2465 memoriam
1197 2418 1612 2465 revocemus:
1660 2408 1726 2462 et
1768 2398 1848 2460 de
1887 2397 2168 2479 acceptis

245 2490 568 2555 beneficiis
615 2508 740 2552 non
781 2498 1040 2550 tantum
1077 2486 1353 2568 gratiam
1402 2484 1776 2562 habeamus,
1821 2483 1933 2548 sed
1970 2485 2164 2548 etiam

239 2577 610 2641 referamus.
701 2571 871 2637 Nam
928 2571 1399 2653 ingratitudine
1444 2570 1698 2634 nullum
1742 2566 1914 2651 apud
1960 2568 2166 2632 homi-

240 2682 350 2724 nes
395 2661 638 2725 vitium
681 2658 890 2740 magis
936 2655 1425 2721 detestandum:
1472 2655 1551 2719 de
1594 2676 1719 2737 qua
1764 2655 1886 2737 ipsi
1924 2654 2167 2720 ethnici

238 2748 409 2830 leges
454 2765 701 2829 ponere
745 2763 874 2807 non
922 2763 1063 2806 esse
1108 2742 1419 2808 dixerunt
1465 2761 1744 2819 necesse,
1791 2740 1959 2822 quod
2008 2741 2167 2805 sat-is

237 2853 272 2895 a
315 2844 553 2897 natura
597 2829 888 2895 omnium
937 2827 1263 2892 mentibus
1306 2828 1703 2910 insculptum
1740 2826 1844 2909 sit,
1892 2827 2163 2907 gratiam

232 2938 343 3000 pro
404 2916 691 2998 acceptis
753 2914 1080 2979 beneficiis
1135 2913 1558 2989 referendam,
1619 2924 1686 2977 et
1729 2933 1920 2978 nemo
1967 2912 2166 2994 possit

233 3003 426 3069 ullam
473 3000 919 3086 ignorantiam
955 3012 1365 3083 praetexere:
1413 3020 1487 3064 ac
1523 2998 1796 3081 proinde
1835 3019 1967 3062 non
2003 3018 2166 3082 opus

233 3090 314 3154 sit
380 3089 641 3174 legibus
708 3085 859 3151 ullis
922 3096 1040 3149 aut
1105 3083 1660 3151 adhortationibus
1724 3084 2020 3148 homines
2084 3083 2162 3148 ad

235 3176 514 3242 officinm
588 3193 834 3255 cogere.
937 3170 1379 3237 Nihilominus
1445 3181 1665 3236 tamen
1729 3170 2003 3234 nimium
2071 3184 2167 3233 est

234 3262 505 3345 vulgare
543 3257 721 3323 istud
757 3256 1254 3342 ingratitudinis
1291 3256 1542 3333 vitium,
1588 3268 1653 3320 et
1689 3256 1964 3319 nimium
2003 3255 2167 3320 altas

230 3348 358 3429 egit
417 3350 491 3411 in
556 3343 802 3410 nostris
867 3342 1104 3408 animis
1169 3339 1435 3417 radices,
1503 3340 1709 3407 donec
1766 3339 1928 3405 illud
1981 3341 2166 3406 Deus

231 3432 542 3498 radicitus
587 3427 984 3510 exstirparit,
1030 3437 1096 3492 et
1142 3426 1224 3492 ab
1268 3448 1343 3493 eo
1387 3427 1773 3510 repurgarit.
1834 3426 2167 3507 Quamob-

231 3540 365 3584 rem
397 3538 518 3584 ore
565 3515 918 3582 Ionathani
964 3514 1283 3596 prolatam
1340 3516 1730 3579 sententiam
1792 3515 1965 3596 agite
2021 3512 2166 3578 dili·

231 3611 461 3686 genter
505 3602 931 3667 meditemur:
978 3621 1052 3666 ac
1096 3601 1151 3666 si
1195 3620 1304 3667 eos
1347 3600 1582 3682 quibus
1629 3599 1830 3664 nullis
1874 3599 2168 3666 benefac·

228 3690 309 3754 tis
354 3687 654 3754 devincti
698 3707 947 3765 sumus,
1009 3695 1229 3751 tamen
1275 3685 1547 3770 diligere
1592 3696 1918 3765 tenemur,
1963 3685 2168 3750 multo

229 3777 438 3860 magis
501 3793 617 3840 eos
673 3773 785 3857 qni
827 3793 950 3837 nos
992 3771 1115 3838 sibi
1160 3770 1386 3835 multis
1431 3769 1760 3835 beneficiis
1803 3769 2165 3836 obstrinxe-

227 3871 379 3926 runt
425 3858 747 3925 amandos
793 3877 935 3923 esse
993 3857 1514 3922 meminerimus:
1577 3855 1955 3939 nullamque
2013 3858 2169 3940 ipsis

226 3944 303 4010 de
347 3946 543 4012 nobis
579 3941 1016 4028 conquerendi
1061 3942 1458 4007 occasionem
1498 3941 1941 4026 praebeamus,
1987 3943 2168 4024 quasi

227 4030 463 4097 leviter
535 4032 678 4115 ipsa
721 4049 879 4113 erga
919 4050 1041 4094 nos
1093 4028 1431 4094 benefacta
1486 4027 2034 4111 praeterierimus,
2102 4038 2169 4093 et

222 4118 492 4201 ingrato
533 4117 755 4181 animo
813 4113 1317 4199 neglexerimus.
1405 4112 1488 4177 In
1532 4113 1760 4196 primis
1801 4114 2005 4196 igitur
2047 4113 2169 4179 hoc

221 4204 632 4288 principium
692 4201 889 4265 altius
949 4200 1280 4266 mentibus
1325 4199 1565 4265 nostris
1625 4200 1993 4281 infigamus,
2049 4221 2167 4265 nos

221 4288 275 4353 si
318 4309 488 4373 erga
537 4286 834 4353 homines
878 4287 947 4350 in
995 4287 1119 4351 rati
1164 4285 1500 4364 fuerimus,
1553 4283 1686 4349 illis
1728 4284 1882 4350 licet
1927 4287 2169 4368 pacatis

228 4384 292 4438 et
332 4372 736 4457 tranquillis,
795 4383 862 4437 et
903 4392 949 4436 n
978 4373 1220 4437 tionem
1266 4392 1396 4439 non
1440 4368 1899 4453 repetentibus,
1956 4379 2022 4436 et
2062 4369 2169 4435 be·

227 4458 542 4527 nefacere
584 4458 771 4524 nobis
807 4478 938 4523 non
973 4456 1436 4533 desinentibus,
1485 4456 1623 4520 Deo
1660 4456 1978 4522 rationem
2015 4458 2168 4522 olim

227 4545 631 4621 reddituros,
698 4543 1049 4609 adversum
1106 4563 1297 4627 quem
1363 4542 1606 4608 bellum
1662 4544 2048 4625 suscipimus
2107 4551 2172 4608 et

225 4628 692 4713 praevalidum
737 4628 1182 4696 adversarium
1232 4628 1518 4694 habituri
1561 4648 1807 4707 sumus,
1852 4648 2054 4712 quum
2099 4628 2169 4693 in

228 4718 439 4798 ipsius
521 4725 856 4783 creaturas
934 4715 1226 4781 iniuriosi
1310 4734 1569 4781 sumus:
1648 4713 2170 4797 quandoquidem

223 4822 667 4886 quaecunque
708 4798 881 4866 dona
923 4801 1321 4884 proveniunt
1373 4800 1455 4866 ab
1500 4798 1888 4878 hominibus,
1949 4820 1989 4863 a
2031 4799 2174 4867 Deo

223 4889 525 4970 primum
568 4897 979 4953 emanarunt.
1027 4887 1247 4968 Quare
1290 4886 1345 4953 si
1432 4886 1533 4951 uis
1577 4886 1645 4949 in
1682 4886 1875 4952 rebus
1910 4887 2175 4952 incertis

225 4984 294 5037 et
337 4972 757 5039 difficillimis
800 4993 989 5056 opem
1043 4973 1201 5038 tulit
1242 4980 1311 5037 et
1353 4993 1392 5036 a
1442 4971 1625 5050 'uvit,
1682 4968 1810 5037 Dci
1852 4991 2172 5055 organum

223 5068 290 5123 et
334 5058 722 5125 ministrum
769 5060 984 5143 ipsum
1029 5076 1474 5142 agnoscamus,
1519 5065 1588 5120 et
1619 5057 2003 5124 beneficium
2047 5058 2175 5141 ipsi

225 5152 585 5245 acceptum
629 5145 945 5211 feramus:
1005 5154 1073 5210 et
1115 5154 1343 5211 contra
1395 5144 1452 5210 si
1512 5162 1667 5225 erga
1710 5143 2030 5209 beneficos
2073 5144 2173 5208 in-

223 5238 402 5314 grati
465 5229 808 5311 fuerimus,
864 5230 1082 5296 Deum
1143 5231 1353 5312 ipsum
1417 5238 1639 5295 nostra
1695 5229 2173 5312 ingratitudine

1600 323 1694 388 IN
1739 323 1790 389 Ι.
1843 323 2016 388 LIB.
2064 323 2464 391 SAMUEL.
2510 322 2705 389 GAP.
2750 323 2943 389 XIX.

4087 325 4217 390 310

2277 512 2516 577 offendi
2564 531 2691 576 non
2737 510 3132 592 ignoremus.
3202 510 3383 579 Haec
3427 534 3586 578 sane
3633 514 3979 599 diligenter
4022 517 4213 584 nobis

2279 597 2651 664 meditanda
2709 604 2886 674 sunt,
2953 604 3020 660 et
3077 596 3426 662 tenendum
3487 601 3678 665 etiam
3738 602 3976 668 bonum
4034 607 4209 669 malo

2277 692 2792 766 compensantes,
2853 680 2995 746 Deo
3054 683 3371 749 rationem
3430 686 3584 750 olim
3647 687 4029 767 reddituros,
4094 692 4206 774 qui

2275 790 2539 835 causam
2598 788 2822 834 eorum
2880 768 3206 851 suscipiet,
3275 782 3340 834 et
3396 779 3711 854 tanquam
3778 772 3989 840 laesae
4055 796 4211 842 suae

2277 855 2641 920 maiestatis
2701 872 2846 918 reos
2909 853 3117 932 faciet,
3173 856 3286 938 qui
3346 854 3516 920 ultro
3562 877 3720 941 erga
3766 857 4064 925 homines
4107 860 4210 926 in-

2276 945 2443 1025 grati
2523 943 2738 1024 ipsum
2786 940 3000 1003 Deum
3046 959 3430 1022 provocasse
3471 940 3884 1010 videbuntur.
3974 945 4209 1012 Caete-

2278 1046 2422 1090 rum
2460 1024 3004 1111 quemadmodum
3030 1024 3384 1091 Ionathani
3419 1025 3630 1094 fidelis
3667 1027 3946 1096 doctoris
3983 1032 4210 1098 audire

2277 1121 2624 1196 praecepta
2669 1111 2997 1192 debemus,
3054 1112 3147 1177 sic
3189 1132 3340 1178 eum
3387 1114 3585 1178 etiam
3632 1123 3940 1199 tanquam
3985 1138 4206 1184 exem-

2277 1197 2423 1281 plar
2466 1198 2650 1282 sequi
2696 1218 2815 1280 par
2858 1208 2975 1279 est,
3033 1197 3104 1260 in
3149 1197 3498 1277 arguendis
3540 1207 3608 1265 et
3650 1200 4208 1283 reprehendendis

2276 1305 2438 1367 quos
2481 1284 2565 1349 ad
2609 1284 2854 1348 malum
2915 1281 3069 1346 ferri
3116 1282 3413 1349 videmus
3450 1286 3853 1368 praecipites,
3915 1298 3988 1352 ut
4032 1291 4211 1357 furor

2275 1370 2566 1452 ipsorum
2615 1370 2990 1447 retineatur,
3047 1368 3221 1451 quod
3265 1370 3407 1452 quis
3456 1391 3535 1433 ue
3592 1390 3712 1454 pro
3756 1392 3876 1436 sua
3922 1376 4097 1440 virili
4142 1394 4208 1440 et

2276 1454 2631 1521 secundum
2686 1454 3053 1520 occasiones
3111 1475 3275 1538 quae
3332 1474 3372 1519 a
3484 1476 3558 1520 eo
3608 1456 3973 1524 offeruntur
4017 1461 4210 1529 debet

2276 1542 2550 1606 efficere.
2641 1538 3081 1621 Quamobrem
3127 1537 3478 1624 diligenter
3519 1541 3983 1610 attendendum
4032 1548 4204 1628 quod

2277 1626 2525 1693 Paulus
2584 1625 2911 1703 admonet,
2978 1645 3061 1690 ne
3113 1625 3421 1705 invidiae,
3479 1625 3665 1707 odiis,
3727 1630 4084 1697 inimicitiis
4143 1643 4209 1699 et

2277 1712 2423 1778 aliis
2476 1709 2841 1776 istiusmodi
2901 1710 3081 1778 vitiis
3138 1713 3642 1794 consentiamus,
3708 1713 3821 1779 sed
3878 1718 4074 1782 etiam
4136 1732 4208 1783 ut

2276 1817 2472 1881 opera
2529 1797 2890 1862 iniustitiae
2944 1796 3446 1881 redarguamus:
3504 1820 3670 1882 quae
3727 1799 4026 1868 doctrina
4070 1826 4203 1870 non

2277 1885 2468 1948 unius
2527 1896 2644 1948 aut
2700 1882 2972 1947 alterius
3031 1892 3285 1947 tantum
3348 1883 3558 1948 fidelis
3612 1889 3874 1969 propria
3919 1901 4037 1967 est,
4090 1892 4201 1954 sed

2275 1971 2573 2035 omnibus
2630 1969 3010 2034 communis.
3101 1966 3322 2048 Quare
3382 1970 3435 2033 si
3496 1970 3708 2037 officio
3765 1986 3989 2038 nostro
4050 1996 4207 2056 erga

2274 2055 2488 2121 Deum
2558 2053 2823 2135 defungi
2893 2053 3206 2131 volumus,
3273 2074 3473 2136 quum
3533 2056 3870 2124 fraudibus
3928 2060 4205 2144 aliquem

2274 2140 2748 2217 circumveniri,
2805 2159 3008 2222 quum
3060 2138 3478 2222 proditiones,
3539 2163 3738 2224 quum
3786 2147 4098 2210 saevitiae
4143 2162 4206 2211 et

2272 2225 2676 2292 crudelitatis
2733 2225 2922 2309 signa
2981 2225 3221 2307 quibus
3266 2224 3503 2310 aliquis
3548 2237 3805 2309 petatur
3849 2252 4203 2314 conspexe-

2273 2315 2499 2391 rimus,
2559 2322 2859 2377 nostrum
2918 2325 3019 2375 est
3083 2330 3200 2393 pro
3259 2311 3433 2376 virili
3493 2313 3860 2379 istiusmodi
3914 2318 4202 2382 consiliis

2273 2399 2591 2477 resistere,
2637 2417 2848 2480 neque
2884 2406 3137 2461 tantum
3182 2397 3490 2479 privatim
3527 2399 3892 2475 admonere,
3938 2403 4051 2467 sed
4091 2425 4206 2486 pa·

2275 2484 2404 2550 lam
2449 2503 2723 2567 arguere
2766 2492 3125 2566 peccantes,
3172 2492 3239 2547 et
3274 2492 3583 2565 tanquam
3621 2483 3786 2549 fidos
3822 2486 3948 2551 Dei
3989 2499 4208 2571 patro-

2272 2591 2391 2635 nos
2435 2572 2536 2635 ius
2579 2580 2645 2633 et
2688 2588 2764 2634 ae
2813 2590 2968 2633 uum
3015 2569 3181 2632 tueri
3220 2577 3285 2633 et
3329 2567 3690 2635 defendere.
3735 2570 3905 2636 Nam
3951 2586 4205 2639 certum

2274 2666 2371 2720 est
2433 2676 2551 2719 nos
2606 2654 2663 2721 si
2721 2655 2774 2719 si
2803 2655 2980 2720 entio
3039 2673 3298 2719 cansam
3365 2655 3806 2722 innocentium
3852 2659 4209 2741 prodideri-

2274 2763 2438 2816 mus,
2497 2749 2566 2804 et
2620 2741 2676 2806 si
2736 2761 2935 2822 quum
2997 2741 3177 2804 Deus
3238 2739 3488 2805 dederit
3552 2742 3923 2808 facultatem
3984 2747 4207 2828 pravis

2273 2826 2560 2892 consiliis
2617 2836 2684 2892 et
2743 2826 3090 2891 violentiae
3148 2825 3590 2908 improborum
3652 2829 4014 2909 resistendi,
4075 2853 4205 2896 non

2270 2913 2615 2979 fecerimus
2674 2932 2794 2995 pro
2839 2923 3063 2976 nostra
3108 2910 3300 2991 virili,
3362 2932 3480 2976 nos
3525 2914 3589 2976 in
3653 2936 3923 2980 numero
3968 2917 4205 3000 impro-

2275 2998 2501 3063 borum
2548 3018 2588 3062 a
2633 2997 2921 3063 Domino
2966 2996 3313 3076 habendos,
3375 2998 3757 3081 nullumque
3801 3004 4201 3067 excusationi

2268 3085 2480 3150 locum
2526 3083 2703 3167 apud
2738 3086 2952 3166 ipsum
2990 3085 3307 3162 futurum,
3352 3084 3696 3165 quominus
3734 3085 3905 3151 malo
3942 3108 4209 3153 consen·

2271 3172 2432 3236 sisse
2474 3169 2858 3234 iudicemur.
2949 3171 3170 3252 Atque
3214 3167 3383 3234 hanc
3427 3170 3507 3234 ob
3552 3190 3810 3235 causam
3859 3173 4011 3238 olim
4058 3195 4205 3256 pro·

2272 3258 2467 3338 pheta
2528 3255 2842 3320 Ieremias
2908 3254 3444 3336 conquerebatur,
3511 3277 3779 3321 suorum
3844 3271 4204 3341 temporum

2269 3341 2702 3425 corruptelam
2749 3341 3110 3424 deplorans,
3157 3339 3412 3405 nullum
3458 3343 3727 3423 reperiri
3764 3345 3875 3425 qui
3914 3345 4206 3410 veritatis

2269 3447 2529 3494 causam
2591 3427 2968 3510 susciperet,
3027 3446 3255 3492 omnes
3297 3426 3583 3509 caligare
3638 3429 3839 3495 oculis
3882 3440 3949 3494 et
3992 3438 4207 3495 mutos

2271 3535 2429 3578 esse.
2521 3512 2780 3594 Quibus
2822 3512 3040 3578 verbis
3085 3511 3270 3578 docet
3312 3512 3704 3578 intolerabili
3748 3514 4013 3597 ignavia
4058 3537 4205 3599 pec·

2270 3620 2417 3665 care
2471 3619 2581 3664 eos
2623 3599 2733 3681 qui
2795 3619 2996 3682 quum
3044 3597 3326 3663 habeant
3370 3597 3682 3682 improbis
3728 3601 4073 3667 resistendi
4118 3603 4208 3667 fa·

2270 3685 2576 3752 cultatem
2622 3695 2689 3749 et
2743 3685 3165 3767 occasionem,
3226 3684 3643 3750 dissimulant
3686 3695 3903 3751 tamen
3950 3698 4016 3752 et
4059 3710 4206 3754 ocu-

2271 3772 2368 3837 los
2389 3778 2704 3836 avertunt
2737 3789 3055 3854 auresque
3097 3770 3424 3848 obturant,
3467 3791 3552 3836 ne
3597 3771 3840 3838 vidisse
3877 3772 3983 3838 vel
4030 3772 4210 3839 audi-

2271 3859 2442 3922 visse
2487 3857 2855 3921 videantur.

2440 3940 2790 4007 Caeterum
2857 3940 3101 4024 aliquid
3167 3941 3451 4024 amplius
3507 3942 3575 4006 in
3628 3944 3798 4008 facto
3858 3943 4207 4010 Ionathani

2270 4037 2369 4095 est
2427 4027 2926 4094 observandum.
3018 4025 3184 4090 Nam
3249 4029 3454 4110 patris
3511 4047 3822 4094 accusans
3866 4029 4206 4113 malitiam,

2271 4113 2612 4180 videbatur
2668 4114 2867 4178 etiarn
2926 4115 3139 4197 ipsum
3195 4112 3275 4177 ad
3331 4113 3496 4179 iram
3543 4135 3914 4196 provocare,
3974 4126 4040 4178 et
4084 4114 4206 4181 hac

2272 4201 2524 4266 ratione
2590 4218 2721 4264 non
2789 4199 2982 4264 modo
3048 4218 3182 4264 nou
3249 4199 3590 4264 consulere
3656 4200 3931 4266 Davidis
3988 4199 4205 4277 saluti,

2272 4285 2387 4352 sed
2431 4306 2575 4351 sese
2628 4285 2699 4349 in
2755 4294 3052 4368 apertum
3097 4284 3455 4368 pericnlum
3500 4286 3834 4352 coniicere.
3925 4286 4205 4351 Verum·

2271 4383 2491 4437 tamen
2534 4372 2662 4437 ista
2682 4371 3121 4436 Ionathanum
3166 4390 3299 4436 non
3337 4371 3821 4454 impediverunt
3856 4370 4203 4454 quominus

2274 4458 2641 4523 innocentis
2663 4464 2729 4521 et
2752 4456 2905 4521 iusti
2930 4456 3218 4522 hominis
3240 4477 3503 4522 causam
3530 4456 3731 4523 libere
3754 4455 3927 4538 apud
3951 4468 4203 4539 patrem

2277 4550 2520 4694 agl-et·
2561 4543 2652 4607 Et
2685 4542 2806 4608 hoc
2835 4542 3077 4607 imitari
3096 4563 3217 4608 nos
3239 4553 3523 4625 oportet:
3563 4564 3637 4608 ac
3661 4541 3932 4625 proinde
3958 4541 4107 4608 licet
4126 4544 4207 4607 ab

2270 4651 2309 4695 o
2383 4629 2483 4694 cio
2527 4626 2735 4693 multa
2777 4649 2898 4694 nos
2933 4627 3260 4693 deterrere
3305 4638 3598 4712 possunt,
3640 4639 3797 4710 puta
3841 4638 4053 4693 metus
4092 4640 4208 4693 aut

2275 4714 2542 4799 periculi
2597 4714 3017 4793 imminentis,
3084 4725 3199 4779 aut
3241 4714 3623 4779 offensionis
3664 4732 3887 4777 eorum
3932 4714 4043 4796 qui
4089 4733 4204 4778 au-

2273 4801 2537 4866 toritate
2579 4799 2938 4883 plurimum
2984 4800 3224 4876 valent,
3270 4797 3698 4864 nihilominus
3740 4807 3958 4863 tamen
4005 4798 4203 4864 alacri

2274 4886 2494 4951 animo
2537 4884 2940 4969 pergendum
3000 4886 3070 4951 in
3113 4885 3325 4951 officio
3368 4896 3484 4964 est,
3528 4891 3595 4949 et
3653 4883 3874 4967 procul
3934 4904 3973 4948 a
4017 4884 4206 4952 nobis

2274 4971 2640 5038 istiusmodi
2685 4971 3114 5054 cogitationes
3164 4970 3570 5047 reiiciendae,
3628 4968 3859 5052 quibus
3903 4969 4206 5052 prohibe·

2273 5079 2425 5123 mur
2466 5076 2730 5125 causam
2777 5058 3159 5124 miserorum
3204 5055 3581 5121 defendere:
3627 5054 3841 5120 Deum
3890 5076 4046 5122 vero
4087 5076 4206 5140 po-

2275 5145 2406 5210 tius
2460 5144 2631 5228 quod
2691 5142 2883 5210 offleii
2929 5142 3129 5209 nostri
3187 5151 3404 5223 partes
3444 5145 3789 5241 requirunt
3830 5141 4202 5227 exigentem

2275 5229 2637 5307 audiamus,
2696 5249 2939 5313 nosque
2982 5227 3076 5293 illi
3120 5234 3289 5293 totos
3345 5236 3799 5308 permittamus
3842 5248 3970 5294 non
4014 5226 4208 5294 dubi-

3695 5328 3797 5383 200
