5059 6059
277 289 375 359 325

764 479 1262 565 HOMILIA
1309 478 1653 563 LXXII.

990 596 1190 666 GAP.
1235 598 1431 665 xlx.

411 795 508 862 17.
555 793 862 878 Dixitque
900 793 1062 861 Saul
1093 796 1181 861 ad
1217 794 1488 863 Michol:
1539 797 1749 880 Quare
1783 797 1877 865 sie
1913 794 2181 863 illusisti

271 882 416 963 mihi,
468 886 525 948 et
577 881 883 947 dimisisti
939 880 1268 947 inimicum
1322 902 1527 949 meum
1582 887 1653 948 ut
1704 881 2000 966 fuqeret?
2089 879 2181 946 Et

268 967 553 1050 respoudit
617 964 854 1033 Mickol
914 967 1002 1032 ad
1070 966 1230 1033 Saul
1241 992 1261 1033 .·
1333 967 1501 1050 Quia
1563 969 1697 1051 ipse
1756 970 2050 1051 loquutus
2091 970 2180 1033 est

271 1055 428 1122 mihi.-
468 1053 734 1120 Dimitte
766 1073 880 1128 me,
924 1053 1206 1136 alioquin
1245 1053 1614 1135 interficiam
1644 1058 1721 1121 te.
1813 1054 1912 1120 18.
1958 1052 2179 1119 David

268 1146 440 1208 ααίεηι
477 1140 747 1224 fuqiens,
791 1137 1076 1205 salvatus
1115 1143 1226 1221 est,
1287 1144 1343 1204 et
1382 1141 1549 1206 venit
1589 1139 1674 1205 ad
1717 1138 2065 1206 Samuelem
2107 1138 2180 1202 in

272 1225 580 1305 Ramatha‚
656 1227 712 1289 et
766 1225 1088 1291 numiavit
1143 1224 1203 1289 ei
1269 1226 1480 1291 omnia
1542 1246 1702 1310 quae
1760 1226 1989 1308 fecerat
2051 1221 2178 1290 sibi

270 1312 432 1379 Saul:
491 1315 547 1377 et
603 1310 890 1375 abierunt
946 1311 1083 1391 ipse
1124 1313 1181 1374 et
1224 1308 1500 1392 Samuel,
1559 1316 1615 1376 et
1655 1311 1883 1377 morati
1922 1313 2069 1377 sunt
2108 1308 2179 1373 iu

269 1396 494 1464 Naioth.
585 1395 686 1461 19.
734 1394 1119 1461 Nuntiatum
1151 1401 1239 1462 est
1271 1401 1475 1461 autem
1513 1395 1700 1462 Sauli
1734 1418 1775 1462 a
1809 1395 2179 1463 dicentibus.-

266 1480 404 1550 ane
440 1482 661 1551 David
702 1481 775 1546 iu
822 1480 1057 1546 Naioth
1099 1482 1169 1545 in
1215 1481 1552 1547 Ramatha.
1640 1482 1743 1548 20.
1803 1481 1992 1547 Misit
2032 1500 2179 1564 erqo

269 1568 408 1636 Saul
455 1568 714 1644 lictores,
773 1571 844 1632 ut
886 1572 1173 1649 caperent
1213 1566 1452 1645 David,
1495 1568 1606 1650 qui
1650 1588 1845 1652 quum
1881 1566 2180 1633 vidissent

262 1674 493 1721 camum
571 1652 1028 1735 prophetarum
1105 1654 1608 1734 vaticinantium,
1696 1659 1752 1719 et
1830 1652 2181 1720 Samuelem

260 1746 496 1808 stanoem
552 1759 743 1822 super
800 1758 923 1819 eos,
981 1739 1188 1821 factus
1246 1742 1334 1804 est
1374 1740 1562 1805 etiam
1603 1740 1875 1823 spiritus
1917 1736 2183 1806 Domini

261 1829 321 1891 in
350 1826 489 1906 illis,
528 1830 586 1891 et
611 1823 993 1906 prophetare
1034 1828 1352 1908 coeperunt
1385 1826 1577 1890 etiam
1610 1825 1764 1907 ipsi.
1851 1825 1957 1890 21.
2009 1822 2184 1905 Quod

259 1933 428 1997 quum
480 1911 849 1977 nunciatum
900 1914 1054 1976 esset
1101 1909 1303 1991 Sauli,
1366 1911 1541 1976 misit
1598 1917 1653 1976 et
1696 1910 1858 1977 alios
1900 1910 2183 1975 nuntios.-

250 1998 752 2084 prophetaverunt
806 2001 1018 2061 autem
1049 2001 1116 2071 xet
1158 1996 1278 2062 illi.
1370 1994 1460 2061 Et
1500 2017 1764 2063 rursum
1805 1996 1979 2062 misit
2026 1992 2186 2061 Saul

254 2085 448 2151 tertios
486 2083 774 2149 nuntios:
816 2081 927 2164 qui
969 2086 1025 2148 et
1067 2082 1202 2163 ipsi
1235 2081 1774 2164 prophetaverunt.

406 2280 747 2347 Hesterna
803 2279 1111 2345 concione
1172 2279 1457 2347 vidimus
1523 2279 1647 2346 Dei
1703 2278 2183 2363 providentiam

257 2369 318 2432 in
350 2363 760 2450 procuranda
792 2364 1003 2430 salute
1038 2364 1316 2431 Davidis
1354 2386 1467 2448 per
1501 2386 1772 2431 uxorem
1803 2363 2185 2444 Micholam,

251 2455 346 2521 cui
410 2464 476 2518 et
542 2450 955 2535 prudentiam
1014 2460 1082 2515 et
1137 2450 1392 2518 animos
1451 2451 1632 2517 dedit
1689 2451 1771 2517 ad
1816 2471 1956 2517 rem
1998 2451 2182 2516 illam

247 2536 719 2622 perficiendam.
807 2535 1090 2601 Interim
1147 2549 1367 2602 tamen
1422 2536 1538 2602 illa
1591 2545 1845 2620 patrem
1889 2557 1966 2602 eo
2007 2537 2181 2602 facto

249 2624 556 2702 laedebat,
616 2634 687 2688 at
741 2644 875 2687 non
933 2622 1002 2686 in
1058 2620 1278 2687 Deum
1340 2623 1664 2705 peccabat.
1754 2624 1970 2705 Atque
2030 2622 2183 2688 hinc

250 2708 623 2776 discendum
684 2717 803 2784 est,
865 2706 1220 2773 videndum
1273 2729 1414 2775 esse
1470 2729 1637 2792 quae
1680 2706 1991 2774 debeatur
2032 2706 2182 2774 obe-

250 2796 487 2862 dientia
558 2795 643 2860 iis
711 2794 820 2877 qui
892 2793 1303 2859 autoritatem
1363 2804 1431 2860 et
1486 2794 1891 2860 dominatum
1947 2793 2020 2858 in
2066 2814 2182 2860 nos

244 2883 557 2958 obtinent,
632 2902 715 2945 ne
793 2880 865 2944 in
940 2879 1242 2944 omnibus
1321 2900 1565 2946 morem
1632 2880 1791 2963 ipsis
1856 2900 2178 2962 geramus.

247 2966 789 3050 Quandoquidem
825 2964 1120 3049 legitima
1151 2986 1344 3048 saepe
1381 2968 1713 3033 excusatio
1734 2966 1976 3043 subest,
2011 2964 2180 3048 quod

243 3054 428 3120 multi
495 3052 749 3117 iniusta
813 3052 1153 3134 imperent,
1218 3062 1284 3117 et
1349 3051 1475 3118 Dei
1538 3051 1784 3136 gloriae
1839 3060 1908 3118 et
1952 3051 2180 3117 honori

238 3136 985 3291 ffiiuiffss‘sslainffmit
1033 3136 1840 3305 *fisfflbssssmtbsffi‘t
1860 3137 2182 3290 ¹333&

237 3312 486 3377 obtinet
530 3309 907 3393 imperium,
961 3329 1123 3374 suus
1168 3308 1379 3374 honos
1425 3308 1829 3392 relinquatur
1870 3307 2182 3389 illibatus,

239 3408 302 3461 et
367 3398 452 3463 de
523 3396 738 3480 ipsius
809 3393 1152 3460 voluntate
1225 3394 1389 3459 nihil
1446 3392 1845 3461 detrahatur.
1933 3393 2181 3475 Quam-

237 3484 458 3549 obrem
508 3483 667 3548 licet
709 3480 873 3548 Saul
919 3479 1091 3545 filiae
1133 3479 1381 3547 Michol
1415 3480 1555 3545 indi
1649 3489 1815 3560 etur,
1860 3480 2184 3548 laudabile

237 3578 455 3635 tamen
516 3568 732 3651 ipsius
775 3565 904 3631 fuit
944 3565 1216 3631 facinus.
1305 3566 1476 3631 Nam
1519 3585 1560 3630 a
1589 3566 1806 3649 ‘oquin
1852 3565 2183 3634 homicidii

229 3676 339 3721 rea
392 3656 640 3721 fuisset
681 3654 738 3718 si
780 3653 851 3716 in
896 3651 1102 3734 patris
1148 3652 1550 3718 voluntatem
1593 3654 2062 3719 consensisset:
2117 3664 2184 3719 et

227 3741 452 3806 mariti
488 3737 715 3807 caedis
748 3757 947 3805 causa
981 3735 1228 3803 fuisset.
1285 3736 1382 3802 At
1419 3736 1545 3803 Dei
1577 3736 1888 3804 mandato
1923 3738 2183 3805 iubetur

227 3825 421 3893 homo
478 3834 745 3910 patrem
788 3832 856 3888 et
899 3832 1174 3888 matrem
1220 3822 1672 3906 derelinquere
1714 3831 1790 3888 ut
1831 3823 2184 3890 adhaereat

229 3913 459 3978 uxori:
523 3908 704 3994 quod
763 3909 962 3974 etiam
1020 3906 1104 3974 ad
1157 3907 1501 3974 mulierem
1559 3918 1628 3975 et
1680 3908 1943 3992 quidem
1986 3909 2184 3995 longe

223 3999 484 4080 potiore
532 3995 796 4061 ratione
831 3994 1136 4079 pertinet,
1176 3993 1349 4077 quod
1384 3994 1500 4059 illa
1536 3994 1676 4061 viro
1711 4016 1832 4061 suo
1867 4005 2179 4078 tanquam

217 4084 420 4167 capiti
467 4081 674 4147 debet
707 4101 970 4145 omnem
1005 4080 1314 4146 honorem
1351 4088 1421 4146 et
1455 4079 1907 4146 obedientiam.
1985 4081 2051 4147 N
2054 4102 2182 4148 unc

217 4167 429 4254 igitur
476 4165 942 4251 expendamus
984 4164 1159 4250 quod
1204 4164 1442 4232 dicitur
1485 4165 1648 4232 Saul
1682 4174 2075 4249 conquestus
2112 4189 2183 4235 se

217 4255 586 4340 deceptum
625 4274 665 4317 a
699 4250 980 4318 Michol:
1015 4253 1159 4333 ipsa
1194 4272 1351 4317 vero
1391 4252 1561 4334 patri
1597 4252 1893 4332 mentita,
1929 4274 2179 4336 nempe,

217 4361 288 4407 se
345 4340 569 4407 minis
629 4351 916 4405 coactam
965 4337 1205 4404 Davidi
1248 4338 1473 4422 fugam
1519 4339 1915 4419 permittere,
1970 4340 2180 4404 mina-

213 4442 358 4493 tum
421 4427 686 4512 quippe
742 4433 1022 4489 mortem
1082 4423 1207 4488 nisi
1265 4445 1337 4489 se
1388 4422 1764 4490 dimitteret.
1854 4423 1948 4489 At
1990 4424 2183 4506 longe

212 4513 410 4578 aliter
471 4532 556 4578 se
617 4531 723 4577 res
764 4508 1065 4575 habebat.
1152 4508 1216 4574 N
1218 4528 1321 4573 am
1368 4516 1520 4574 ante
1562 4508 1934 4576 audivimus
1974 4509 2182 4576 Davi·

209 4597 361 4666 dem
419 4602 786 4666 incautum
844 4594 1097 4661 insidiis
1143 4592 1364 4661 Saulis
1405 4604 1669 4677 captum
1714 4594 1796 4660 iri
1840 4596 1968 4663 nisi
2012 4618 2182 4663 uxor

207 4685 404 4750 illum
443 4681 933 4760 admonuisset,
975 4681 1426 4763 rationemque
1457 4680 1602 4764 ipsa
1636 4682 1827 4767 fugae
1847 4691 1916 4747 et
1949 4682 2183 4750 salutis

205 4770 621 4845 invenisset,
681 4788 758 4833 ac
816 4786 934 4851 per
987 4766 1344 4832 fenestram
1402 4763 1770 4843 dimisisset,
1827 4765 2183 4852 fraudeque

205 4856 442 4922 Saulis
506 4853 842 4920 satellites
899 4853 1200 4919 elusisset
1242 4871 1622 4935 moramque
1664 4852 1795 4918 illis
1839 4853 2182 4921 iniecisset.

199 4941 436 5027 Ipsius
484 4960 666 5025 ergo
709 4960 842 5005 non
879 4938 1158 5004 Davidis
1196 4940 1454 5003 fuerant
1489 4945 1666 5004 artes
1699 4946 1768 5004 et
1800 4938 2180 5006 consilium:

197 5028 334 5094 iam
387 5047 565 5095 vero
618 5036 873 5108 patrem
917 5024 1252 5107 alloquens
1296 5024 1366 5088 in
1410 5023 1739 5090 Davidem
1782 5025 1912 5090 ista
1955 5026 2181 5104 reiicit,

198 5115 398 5182 cuius
447 5111 678 5179 minis
719 5119 901 5177 metu
943 5111 1032 5176 sit
1074 5109 1323 5175 affecta.
1411 5108 1592 5175 Hinc
1634 5121 1904 5193 apparet
1936 5111 2005 5177 in
2041 5111 2184 5213 pul-

189 5200 385 5268 chris
452 5197 882 5265 facinoribus
945 5205 1015 5262 et
1077 5194 1270 5260 laude
1335 5192 1550 5279 dignis
1613 5216 1873 5280 semper
1935 5196 2184 5281 aliquid

1557 287 1659 356 IN
1697 288 1754 356 1.
1798 289 1980 357 LIB.
2025 289 2428 360 SAMUEL.
2475 290 2676 359 CAP.
2720 289 2917 357 XIX.

4102 290 4232 357 326

2285 479 2650 546 admixtum
2728 479 3250 562 imperfectionis.
3354 477 3469 545 Sic
3532 479 3643 562 qui
3721 478 4081 562 plurimum
4150 481 4227 546 in

2284 565 2410 630 Dei
2472 567 2706 631 timore
2760 565 3194 649 profecerunt,
3254 565 3562 647 reliquias
3609 579 3823 631 tamen
3869 565 3938 630 in
3982 586 4054 631 se
4100 565 4233 632 hu-

2284 671 2513 716 manae
2556 652 2958 716 infirmitatis
3001 652 3314 729 sentiunt,
3373 662 3440 715 et
3483 652 3645 717 vitio
3689 652 3908 734 aliquo
3951 651 4228 718 meliora

2280 758 2400 802 sua
2470 757 2671 821 opera
2731 736 2973 801 infecta
3037 751 3457 822 cognoscunt.
3541 736 3758 818 Quam
3815 736 3898 803 ob
3957 757 4221 803 causam

2282 842 2522 907 magna
2564 843 2823 905 semper
2867 820 2996 888 Dei
3040 823 3425 888 timentibus
3468 822 3744 887 offertur
3787 823 4038 889 occasio
4080 843 4226 889 sese

2280 927 2498 972 coram
2586 909 2725 973 Deo
2804 907 3213 975 humiliandi.
3312 908 3504 974 Licet
3581 909 3755 974 enim

2282 997 2497 1059 animo
2563 994 2775 1059 colere
2833 1006 2900 1058 et
2957 1014 3122 1077 pura
3181 1008 3398 1058 mente
3455 995 3701 1061 servire
3755 993 3850 1059 illi
3898 993 4221 1075 studeant,

2280 1092 2346 1143 et
2403 1099 2598 1161 quam
2654 1078 3031 1145 fidelissime
3074 1101 3292 1146 coram
3339 1080 3481 1162 ipso
3523 1081 3857 1145 ambulare
3902 1080 4220 1160 nitantur,

2280 1176 2501 1229 tamen
2567 1185 2826 1249 semper
2883 1165 3129 1247 aliquid
3175 1165 3583 1230 desideratur
3625 1166 3694 1230 in
3738 1166 4031 1248 ipsorum
4077 1185 4226 1249 ope-

2281 1249 2492 1315 ribus:
2541 1250 2702 1317 adeo
2739 1262 2815 1315 ut
2856 1250 2909 1315 si
2958 1251 3138 1317 Deus
3182 1251 3468 1317 rationes
3512 1252 3824 1336 exegerit,
3881 1251 3950 1315 in
3996 1251 4223 1318 multis

2282 1334 2604 1402 debitores
2686 1336 3135 1402 inveniantur:
3215 1358 3368 1401 num
3443 1338 3678 1402 merito
3741 1348 3955 1421 potest
4022 1359 4221 1422 opera

2283 1434 2508 1487 nostra
2585 1422 2769 1487 Deus
2832 1433 3145 1505 tanquam
3207 1422 3459 1505 polluta
3516 1435 3585 1487 et
3641 1422 3987 1506 inquinata
4045 1425 4227 1494 vitiis

2282 1508 2570 1574 reiicere.
2655 1505 2916 1574 Scimus
2959 1516 3177 1573 autem
3216 1508 3466 1574 nullam
3502 1508 3821 1574 maculam
3858 1522 3974 1574 aut
4005 1507 4222 1577 labem

2283 1613 2470 1676 posse
2538 1613 2579 1658 a
2645 1594 2787 1659 Deo
2862 1602 3171 1676 tanquam
3243 1592 3484 1659 bonum
3552 1606 3617 1659 et
3671 1595 4002 1679 integrum
4063 1616 4229 1681 opus

2284 1678 2561 1744 admitti.
2608 1677 2833 1759 Quare
2868 1677 3231 1744 cavendum
3268 1700 3352 1744 ne
3387 1679 3691 1763 operibus
3727 1680 3967 1746 nostris
4003 1702 4226 1748 coram

2284 1763 2428 1830 Deo
2488 1763 2862 1849 gloriemur,
2925 1766 3539 1848 neque·intentione
3585 1764 3961 1831 ambulandi
4006 1787 4225 1834 coram

2285 1849 2428 1916 Deo
2498 1847 2861 1917 secundum
2934 1850 3141 1933 ipsius
3208 1863 3567 1934 praecepta.
3666 1850 4015 1917 Caeterum
4082 1853 4230 1921 Deo

2286 1945 2508 2001 nostra
2562 1935 2733 2000 bona
2785 1955 2983 2019 opera
3027 1936 3287 2021 probari
3332 1948 3402 2002 et
3445 1936 3703 2001 admitti
3750 1957 3879 2002 non
3921 1937 4071 2002 ideo
4113 1960 4229 2005 ne-

2285 2041 2537 2105 gamus,
2597 2021 2710 2087 sed
2770 2042 2904 2086 non
2950 2031 3167 2088 tamen
3214 2044 3298 2086 ex
3342 2022 3605 2087 illorum
3652 2023 3887 2086 merito
3928 2022 4038 2090 vel
4083 2024 4229 2111 dig·

2286 2106 2493 2173 nitate
2535 2106 2681 2173 fieri
2726 2106 3020 2184 dicimus,
3065 2107 3178 2172 sed
3223 2131 3307 2174 ex
3352 2128 3531 2173 mera
3565 2109 3770 2191 ipsius
3813 2108 4223 2193 liberalitate,

2286 2212 2404 2258 nos
2469 2193 2814 2258 tolerantis
2879 2192 3428 2276 quemadmodum
3495 2203 3681 2278 pater
3745 2214 3901 2259 suos
3965 2195 4223 2264 liberos.

2286 2278 2432 2344 Hoc
2488 2277 2710 2362 itaque
2767 2278 3292 2345 constituendum
3349 2291 3466 2359 est,
3527 2278 3693 2344 nihil
3739 2279 3912 2363 quod
3958 2301 3998 2346 a
4042 2282 4230 2348 nobis

2285 2363 2723 2447 proficiscitur
2792 2384 2934 2430 esse
3005 2366 3274 2449 dignum
3341 2386 3460 2448 per
3519 2387 3589 2430 se
3644 2365 3816 2447 quod
3872 2365 4055 2433 Deus
4114 2367 4231 2433 ad·

2286 2450 2541 2515 mittat:
2607 2458 2676 2515 et
2732 2451 2981 2532 optima
3035 2472 3327 2535 quaeque
3389 2463 3616 2516 nostra
3670 2472 3867 2534 opera
3924 2450 4229 2518 condem-

2287 2534 2510 2600 nanda
2573 2535 2744 2619 quod
2804 2556 3062 2619 semper
3118 2535 3360 2619 aliquid
3419 2537 3818 2603 infirmitatis
3862 2536 4230 2604 admixtum

2287 2619 2595 2702 habeant,
2658 2631 2727 2687 et
2783 2642 3120 2705 nunquam
3181 2622 3263 2687 ad
3320 2644 3464 2688 eam
3525 2623 3985 2706 perfectionem
4030 2644 4231 2706 quam

2289 2704 2473 2771 Deus
2552 2705 2841 2790 postulat
2919 2708 3325 2790 perveniant.
3414 2708 3553 2775 Nos
3631 2728 3809 2787 vero,
3874 2709 3929 2773 si
3968 2730 4229 2775 omnem

2287 2791 2659 2875 superbiam
2700 2803 2770 2859 et
2796 2792 3249 2878 gloriationem
3278 2794 3782 2877 deposuerimus,
3822 2794 3992 2859 elato
4016 2795 4229 2877 capite

2288 2898 2420 2942 non
2480 2876 2860 2944 verebimur
2904 2878 2986 2944 ad
3028 2879 3248 2944 Deum
3293 2879 3616 2957 accedere,
3678 2901 3808 2944 non
3856 2878 4227 2947 dubitantes

2286 2964 2440 3045 quin
2500 2975 2760 3048 gratnm
2821 2976 2889 3028 et
2945 2980 3278 3047 acceptum
3340 2964 3578 3030 habeat
3630 2965 4010 3049 obsequium
4054 2965 4227 3048 quod

2285 3048 2383 3113 illi
2425 3070 2576 3114 cum
2619 3048 2991 3116 obedientia
3033 3050 3388 3125 offerimus,
3448 3051 3571 3115 etsi
3617 3050 3798 3114 vitiis
3838 3061 3906 3114 et
3945 3050 4224 3116 infirmi·

2286 3146 2418 3199 tate
2461 3133 2672 3200 multa
2713 3135 3228 3219 coinquinatum.
3316 3135 3486 3201 Nam
3531 3156 3956 3219 quaecunque
3999 3136 4227 3219 displi-

2284 3242 2430 3285 cere
2485 3220 2610 3302 ipsi
2669 3220 2911 3304 alioqui
2970 3222 3041 3287 in
3106 3223 3287 3288 cultu
3337 3234 3555 3287 nostro
3603 3232 3905 3304 poterant
3949 3244 4077 3287 non
4121 3224 4228 3288 in·

2285 3306 2593 3387 tuebitur,
2654 3307 2826 3390 quod
2872 3308 2942 3372 in
2986 3308 3154 3374 filios
3198 3306 3544 3391 adoptarit,
3610 3320 3679 3371 et
3721 3319 4066 3391 propterca
4111 3330 4227 3392 pa·

2285 3400 2472 3457 terna
2531 3392 2993 3458 benevolentia
3049 3405 3115 3458 et
3172 3393 3392 3459 favore
3432 3414 3550 3458 nos
3594 3393 4081 3475 complectatur,
4148 3418 4225 3464 ac

2282 3476 2555 3562 proinde
2601 3478 2767 3543 vitia
2808 3490 2874 3543 et
2916 3479 3441 3563 imperfectiones
3486 3478 3716 3555 deleat,
3761 3478 3953 3545 modo
3999 3492 4222 3548 tamen

2286 3563 2468 3628 nobis
2547 3564 2705 3648 ipsis
2772 3563 3232 3649 displiceamus
3295 3577 3363 3629 et
3424 3585 3640 3630 coram
3707 3563 3849 3629 Deo
3913 3568 4221 3633 condem·

2285 3670 2537 3715 nemus.
2626 3648 2778 3729 Qua
2832 3650 3085 3716 ratione
3140 3670 3336 3732 opera
3395 3662 3618 3716 nostra
3675 3649 3925 3715 nullius
3981 3652 4222 3737 alioqui

2283 3734 2474 3819 pretii
2519 3754 2740 3802 coram
2782 3734 2927 3801 Deo
2960 3735 3388 3801 nihilominus
3427 3751 3618 3820 grata
3651 3746 3718 3800 et
3753 3748 4014 3820 accepta
4052 3741 4224 3804 fiunt

2283 3821 2408 3904 ipsi
2451 3841 2538 3886 ex
2579 3841 2760 3886 mera
2803 3832 3020 3887 tamen
3064 3821 3458 3888 liberalitate
3501 3835 3567 3887 et
3610 3822 4074 3889 misericordia.

2456 3905 2644 3987 Quae
2702 3927 2904 3989 quum
2961 3908 3057 3973 ita
3099 3910 3231 3973 sint
3278 3928 3408 3972 non
3454 3928 3851 3992 magnopere
3896 3910 4082 3974 nobis
4127 3911 4219 3976 la·

2283 3992 2648 4058 horandum
2691 3992 2761 4057 in
2808 3991 3181 4059 excusanda
3225 3992 3491 4069 Michol,
3552 4013 3754 4075 quum
3802 3992 3986 4060 Sauli
4033 4016 4218 4062 men-

2283 4078 2408 4143 tita
2451 4091 2584 4143 est:
2650 4099 2802 4143 nam
2859 4079 3077 4163 potius
3116 4078 3477 4144 laudandas
3519 4078 3780 4161 quidem
3825 4080 3890 4143 in
3938 4081 4079 4161 ipsa
4121 4102 4222 4145 re-

2281 4164 2494 4246 liquas
2554 4164 2831 4230 virtutes
2890 4164 2970 4229 de
3026 4165 3263 4248 quibus
3319 4164 3574 4249 egimus
3640 4184 4086 4248 agnoscemus,
4153 4178 4219 4231 et

2284 4251 2516 4316 vitium
2562 4249 2735 4316 istud
2793 4247 3115 4317 mendacii
3162 4249 3585 4315 nihilominus
3640 4250 4219 4332 reprehendemus:

2283 4345 2359 4401 ut
2401 4335 2474 4400 in
2515 4333 2823 4401 omnibus
2868 4337 3109 4402 nostris
3153 4335 3456 4420 operibus
3500 4337 3825 4401 discamus
3871 4336 4221 4418 vigilanter

2282 4432 2350 4487 et
2406 4421 2767 4505 prudenter
2823 4443 3038 4522 agere,
3092 4420 3615 4506 quandoquidem
3673 4441 3749 4485 ea
3791 4436 3890 4487 est
3934 4420 4222 4489 humana

2281 4508 2631 4573 infirmitas
2684 4515 2764 4572 ut
2819 4528 2933 4574 vix
2991 4528 3255 4592 passum
3314 4528 3518 4573 unum
3578 4516 3693 4571 aut
3749 4505 4023 4572 alterum
4067 4528 4220 4591 pro-

2283 4613 2549 4659 movere
2630 4593 2957 4677 possimus
3022 4594 3180 4676 quin
3246 4592 3685 4659 offendamus:
3769 4612 3930 4674 quos
3996 4604 4219 4661 tamen

2281 4678 2504 4762 lapsus
2552 4678 2873 4746 humanos
2907 4679 3092 4745 Deus
3136 4680 3344 4764 gratis
3386 4679 3455 4743 in
3500 4677 3764 4743 Christo
3807 4677 4215 4760 condonabit,

2283 4765 2479 4830 modo
2515 4776 2736 4830 tamen
2780 4785 3041 4849 semper
3082 4765 3166 4831 ad
3201 4784 3468 4847 scopum
3510 4763 3591 4828 ab
3636 4764 3776 4846 ipso
3812 4767 4216 4846 propositum

2282 4849 2714 4917 collimemus:
2773 4861 2841 4916 et
2898 4873 2985 4916 ne
3039 4851 3460 4936 pertinaciter
3504 4850 3574 4912 in
3618 4849 3799 4914 vitiis
3842 4869 4216 4932 persevere-

2284 4957 2449 5013 mus,
2494 4935 2606 5002 sed
2652 4956 2732 5001 ea
2773 4936 3282 5003 condemnantes
3323 4955 3541 5001 coram
3587 4934 3730 5000 Deo
3772 4933 4215 5007 humiliemur.

2283 5021 2453 5087 Nam
2511 5031 2766 5089 certum
2824 5032 2926 5090 est
2967 5021 3184 5088 Deum
3245 5041 3579 5103 nunquam
3631 5019 3907 5085 inultam
3953 5023 4218 5092 relictu-

2284 5129 2431 5174 rum
2469 5114 2723 5174 tantam
2755 5108 2825 5173 in
2946 5105 3312 5174 titudinem.
3357 5105 3704 5172 Caeterum
3739 5104 4216 5178 observandum

2285 5192 2619 5277 quodlibet
2674 5213 2828 5262 men
2953 5194 3091 5260 'um
3149 5213 3293 5259 esse
3356 5212 3577 5259 coram
3644 5193 3786 5258 Deo
3850 5207 4229 5282 peccatum,

3807 5296 3909 5351 21·

3837 908 4059 973 Deum
4138 930 4224 975 ex
