5059 6059
302 301 409 373 517

300 499 498 559 tretur.
577 485 744 554 Inde
785 483 1075 586 consilia,
1118 506 1257 552 non
1291 480 1790 585 propulsandae,
1833 483 1949 551 sed
1984 485 2200 587 potius

1592 298 1692 365 IN
1729 297 1787 364 I.
1833 297 2015 366 LIB.
2061 296 2466 367 SAMUEL.
2509 295 2710 367 OAP.
2757 297 2912 364 VH.

4114 297 4242 368 518

2449 484 2803 586 ‚Deinceps
2856 485 3155 554 diem-tur
3190 484 3321 569 filii
3363 485 3575 556 Ιεναέῑ
3614 490 3781 554 metu
3821 486 4059 574 &wenti
4085 507 4243 571 per·

302 571 643 644 inferendae
734 570 1035 657 iniuriae,
1120 592 1254 639 non
1318 584 1572 638 ratione
1636 567 1753 636 sed
1830 591 2200 657 suspicione
2300 571 2501 641 eules.-
2554 593 2629 640 ae
2670 570 3020 639 Samuelem
3059 592 3317 657 rogasse
3359 577 3430 639 at
3467 592 3591 641 non
3627 572 3860 657 fuceret
3893 571 4084 657 finem
4117 593 4242 656 pro

302 663 456 742 nixa,
494 657 663 744 quod
699 665 916 726 metus
957 655 1183 725 damni
1224 657 1306 726 ab
1349 656 1477 725 alio
1519 653 1878 744 accipiendi
1913 663 2204 725 maturet

302 745 609 815 consilium
667 743 1073 812 occurrendi.
1159 746 1252 811 At
1306 763 1439 810 non
1480 749 1582 809 est
1623 741 1754 808 ista
1795 763 2014 812 coram
2058 743 2203 811 Deo

298 832 560 934 legitima
591 849 807 910 causa,
845 851 1055 916 neque
1090 829 1439 898 excusatio.
1526 824 1969 910 Quamobrem
2002 830 2202 896 etiam

299 919 570 1002 deinceps
602 914 950 984 Philistaei
985 916 1193 982 iustas
1225 915 1331 983 sui
1363 912 1623 982 consilii
1654 935 1899 998 poenas
1934 912 2200 996 dabunt,

298 1014 355 1072 et
401 1022 551 1071 suae
592 1001 980 1069 temeritatis
1020 1021 1098 1069 ac
1140 998 1502 1086 superbiae.
1587 998 1761 1066 Nam
1805 1000 1948 1068 sola
1988 1000 2206 1086 suspi-

298 1091 459 1157 cione
510 1087 754 1156 bellum
808 1086 984 1156 istud
1043 1086 1463 1167 suscitarunt,
1523 1085 1777 1153 iustene
1833 1108 1921 1154 an
1962 1085 2205 1154 iniuste

297 1197 411 1242 non
481 1171 910 1241 attendentes.
995 1172 1144 1240 Hoc
1220 1193 1377 1242 vero
1439 1171 1738 1255 exemplo
1805 1171 2023 1240 doceri
2084 1192 2206 1240 nos

295 1281 402 1415 01‘3
404 1265 579 1412 ’Ἢ
593 1258 762 1412 ’Ἢ
799 1266 1055 1413 ἷέἓῗξαῖ
1095 1258 1310 1412 ³³13?
1308 1256 2205 1411 {fflissffizbiiqissoffipi‘ss‘

294 1367 573 1513 dubriif’ut
632 1431 646 1446 ⁶
708 1429 722 1444 '
817 1429 901 1497 ad
957 1430 1203 1498 bellum
1255 1365 1638 1528 exditemur,
1696 1435 1764 1496 et
1804 1449 1974 1513 quae
2007 1448 2206 1530 ‚caeca

293 1518 439 1585 ratio
479 1515 826 1584 dictaverit
866 1537 1320 1602 exsequamur.
1393 1514 1494 1583 Ac
1535 1514 1689 1583 hcet
1732 1512 1916 1583 Deus
1962 1536 2095 1580 vim
2139 1536 2207 1583 vl

290 1601 582 1705 repellere
651 1601 1011 1687 permittat,
1079 1623 1211 1668 non
1280 1598 1680 1668 vindicanda
1742 1606 1962 1668 tamen
2025 1599 2207 1684 prius

288 1688 507 1755 imuria
555 1706 759 1773 quam
799 1687 989 1755 illata
1027 1687 1152 1788 sit..
1436 1771 1451 1787 ⁸
1714 1771 1728 1787 ⁶
2188 1772 2203 1787 .

288 1771 898 1945 ἓῗᾶᾟὲῑᾞεὲἳᾞῗὲ,
934 1771 1192 1944 timii·
1226 1772 1351 1925 {¹3¹
1385 1769 2209 1925 3300332133025532

289 1946 477 2014 causis
518 1965 635 2011 eos
926 1945 1120 2023 iatur,
1165 1951 1279 2012 aut
1322 1942 1492 2012 bello
1532 1942 1829 2010 lacessat.

435 2031 656 2115 Atque
679 1965 1364 2097 ἨΡὴίῙίειαοοτιιω
1407 2029 1775 2097 temeritate
1817 2029 1997 2096 satis.
2084 2026 2207 2093 Vi-

287 2115 479 2184 cissim
531 2115 737 2184 etiam
794 2115 1123 2184 diseamus
1180 2136 1311 2182 non
1368 2136 1560 2200 posse
1614 2113 1741 2182 Dei
1784 2134 2008 2184 servos
2050 2112 2211 2179 effu·

285 2222 437 2288 gere,
476 2201 646 2286 quin
687 2199 872 2286 impii
912 2201 993 2269 de
1036 2202 1056 2268 i
1104 2201 1195 2268 sis
1235 2200 1409 2267 male
1441 2202 1752 2281 sentiant,
1794 2206 1864 2267 et
1895 2197 2210 2268 conviciis

287 2310 353 2356 ae
401 2286 810 2356 coutumeliis
866 2295 937 2356 et
991 2308 1070 2355 ca
1097 2287 1341 2354 umniis
1381 2284 1679 2367 obruant,
1736 2285 1890 2354 licet
1932 2284 2208 2369 pacatis·

285 2374 483 2456 druos,
515 2381 583 2440 et
623 2374 802 2458 pacis
834 2393 985 2440 oum
1019 2372 1320 2441 omnibus
1339 2370 1647 2440 colendae
1680 2370 2208 2449 studiosissimos,

284 2480 350 2528 ao
406 2457 678 2529 sinistra
731 2457 953 2526 omnia
1010 2456 1091 2527 de
1147 2457 1281 2525 illis
1337 2457 1768 2542 suspicentur.
1854 2454 1992 2525 Sed
2093 2455 2209 2523 uid

285 2543 377 2614 δίο
446 2541 654 2631 agas?
736 2542 1119 2612 Meditauda
1181 2564 1340 2611 sane
1405 2543 1566 2610 haec
1628 2542 1946 2612 doctrina.
2098 2562 2206 2608 am

285 2631 412 2699 fieri
473 2652 604 2698 non
677 2636 896 2716 potest
959 2631 1119 2715 quin
1179 2629 1472 2716 graviter
1536 2628 1917 2706 afficiamur,
2004 2648 2206 2712 quum

286 2715 454 2785 nobis
506 2715 679 2784 bene
721 2716 967 2785 conscii
1008 2724 1075 2782 et
1116 2714 1383 2783 evitatis
1427 2735 1545 2799 pro
1602 2711 1852 2782 viribus
1907 2711 2207 2781 omnibus

287 2801 699 2881 offendiculis,
764 2810 832 2869 et
884 2800 966 2869 de
1007 2801 1313 2868 instituta
1355 2799 1492 2868 vita
1548 2820 1771 2868 eoram
1827 2797 2206 2866 hominibus

285 2888 412 2955 sine
464 2889 762 2966 crimine,
821 2886 1248 2954 nihilominus
1302 2906 1686 2954 accusamur
1729 2895 2044 2969 tanquam
2090 2905 2205 2984 no3·

285 2974 641 3054 centissimi,
686 2982 757 3041 et
799 2973 1128 3042 sexcentis
1169 2972 1512 3040 calumniis
1554 2971 1911 3039 obruimur.
1999 2972 2207 3053 Atqui

286 3079 355 3126 ea
401 3070 500 3127 est
550 3058 850 3127 omnium
903 3057 1035 3125 Dei
1089 3078 1426 3126 servorum
1468 3055 1770 3135 conditio,
1830 3062 1906 3123 ut
1937 3054 2011 3123 in
2051 3078 2208 3124 con-

286 3145 543 3213 trarium
586 3145 941 3213 trahantur
983 3143 1209 3211 omnia
1248 3143 1537 3229 ipsorum
1581 3140 1886 3211 consilia:
1928 3149 1997 3209 et
2038 3141 2208 3208 male

286 3241 633 3316 vertantur,
720 3251 891 3315 quae
975 3229 1221 3297 bonum
1295 3229 1497 3295 finem
1579 3227 1927 3296 habebant.
2013 3227 2206 3308 Nam,

283 3316 546 3403 exempli
603 3337 827 3399 causa,
882 3335 1087 3400 quare
1142 3314 1215 3381 in
1267 3313 1613 3398 Misphath
1666 3313 2008 3382 Israelitae
2049 3332 2207 3383 con-

284 3410 598 3486 venerant,
673 3422 841 3489 quae
893 3401 1162 3468 consilia
1220 3398 1302 3468 de
1357 3399 1738 3467 Philistaeis
1793 3398 2206 3468 habuerant?

284 3488 485 3557 omnia
536 3509 703 3557 sane
761 3508 802 3554 a
855 3485 1026 3553 bello
1081 3486 1331 3553 aliena:
1391 3485 1472 3552 de
1527 3485 1808 3570 peccatis
1849 3486 1988 3552 suis
2030 3485 2206 3569 cogi-

284 3579 431 3651 tant,
474 3572 555 3643 de
598 3573 862 3660 agenda
948 3572 1322 3654 cenitentia,
1365 3570 1446 3639 de
1487 3570 1684 3638 venia
1727 3580 1793 3638 ct
1826 3570 2209 3638 remissione

284 3669 684 3740 pcccatorum
770 3660 906 3743 imp
934 3657 1198 3726 oranda.
1314 3654 1493 3740 Quid
1578 3677 1773 3742 vero?
1821 3655 2206 3724 Philistaei?

283 3742 413 3811 Non
467 3745 614 3813 sine
659 3746 922 3831 magnis
964 3743 1045 3810 de
1087 3742 1303 3811 causis
1344 3744 1726 3811 convenisse
1767 3742 1914 3810 illos
1954 3748 2205 3826 putant.

286 3825 445 3897 Sane
501 3829 767 3918 magnis
824 3828 905 3897 de
964 3826 1178 3896 rebus.
1270 3827 1403 3896 Sed
1447 3827 1618 3895 male
1658 3830 2075 3913 suspicantur
2116 3827 2207 3895 ibi

284 3915 498 3999 agitari
533 3917 619 3984 de
653 3915 826 3982 bello
860 3915 1153 3993 consilia,
1186 3913 1360 3982 male
1392 3914 1685 3981 inferunt
1732 3911 2203 3982 occurrendum

282 3997 606 4089 Israelitis,
648 3999 951 4085 belloque
994 3999 1141 4068 fran
1188 3998 1360 4067 enda
1400 3999 1705 4068 consilia:
1761 4020 1898 4066 non
1939 4018 2203 4084 exspec-

282 4086 542 4155 tandum
609 4086 820 4155 donec
877 4021 1188 4172 apparat}
1230 4084 1478 4154 viribus
1530 4084 1832 4153 omnibus
1887 4083 2203 4170 impetum

281 4169 345 4236 in
400 4195 469 4240 se
531 4174 851 4252 facerent,
916 4171 1033 4239 sed
1090 4170 1305 4238 adhuc
1371 4172 1725 4259 imparatos
1787 4179 1858 4238 et
1919 4170 2204 4237 inermes

283 4254 696 4326 invadendos.
807 4259 1042 4342 ltaque
1105 4257 1420 4343 populum
1484 4256 1827 4323 calumniis
1891 4256 2102 4346 premi
2167 4276 2207 4323 a

284 4340 651 4414 Philistaeis
717 4343 1171 4430 conspicimus.
1271 4340 1714 4425 Quamobrem
1780 4362 1900 4429 pro
1955 4342 2205 4411 viribus

283 4429 652 4498 enitendum
712 4438 813 4499 est
869 4428 1075 4509 nobis,
1132 4449 1219 4496 ne
1275 4449 1476 4512 quam
1533 4425 1933 4496 occasionem
1977 4426 2205 4495 demus

282 4511 353 4580 de
391 4517 578 4584 nobis
620 4516 796 4584 male
837 4512 1203 4600 cogitandi:
1248 4513 1364 4580 sed
1398 4513 1629 4598 potius,
1674 4520 1750 4580 ut
1782 4520 2005 4581 monet
2037 4514 2206 4584 Pau-

282 4596 392 4683 lus,
431 4622 859 4686 procuremus
900 4599 1180 4669 honesta
1217 4620 1438 4667 eoram
1473 4599 1779 4669 omnibus
1813 4599 2203 4681 hominibus,

280 4705 399 4752 non
441 4688 657 4755 solum
701 4707 923 4756 coram
962 4685 1267 4766 Domino,
1311 4693 1388 4753 ut
1429 4686 1734 4753 omnibus
1773 4684 1946 4770 grati
1988 4693 2057 4752 et
2098 4708 2204 4754 ac-

281 4771 438 4855 cepti
490 4774 720 4842 simus.
806 4772 909 4840 Ne
953 4770 1252 4856 denique,
1312 4790 1516 4856 quum
1558 4773 1777 4838 omnia
1820 4778 1995 4838 recte
2036 4772 2203 4839 fece-

280 4855 490 4939 rimus,
550 4859 1028 4944 perturbemur,
1081 4867 1195 4925 aut
1252 4878 1293 4924 a
1348 4857 1679 4942 proposito
1739 4854 2200 4933 dimoveamur,

283 4943 636 5028 quicunque
674 4943 755 5012 de
788 4944 976 5012 nobis
1009 4963 1304 5011 rumores
1339 4950 1754 5030 spargantur,
1790 4949 1905 5008 aut
1936 4942 2201 5026 quibus·

282 5045 516 5113 cunque
549 5029 900 5099 calumniis
936 5049 1302 5108 oneremur,
1336 5027 1451 5096 sed
1487 5028 1800 5095 adversus
1834 5025 1951 5095 illa
1985 5029 2202 5130 omnia

1224 1685 1453 1771 Neque
1496 1686 1671 1754 enim
1713 1683 1868 1754 licet
1912 1683 2243 1765 nondum,

2301 657 2468 741 ipsis
2501 658 2827 742 precandi,
2888 657 3078 725 donee
3120 680 3165 726 a
3205 656 3478 725 Domino
3517 659 3599 726 de
3637 657 3913 727 hostium
3952 659 4245 727 munibus

2300 743 2708 828 eriperentur.
2810 743 2990 811 Hinc
3049 763 3205 811 vero
3259 745 3336 810 fit
3390 743 3840 830 conspicuum,
3909 744 4245 813 Israelitas

2303 829 2458 898 licet
2498 829 2585 896 ad
2627 829 2991 897 Dominum
3033 829 3338 897 conversi
3380 836 3618 910 essent,
3670 840 3738 896 et
3782 850 3916 897 non
3958 830 4244 899 fucatam

2303 914 2773 1000 poenitentiam
2816 914 3125 1001 egissent,
3167 936 3386 983 coram
3428 915 3714 984 Domino
3749 924 4011 1000 peccata
4043 917 4245 984 confi-

2304 1008 2539 1082 tentes,
2619 1020 2750 1068 non
2827 1007 3048 1067 tamen
3111 1002 3439 1087 integram
3504 999 3700 1068 fidem
3766 1001 4095 1084 habuisse,
4180 1014 4247 1069 st

2304 1085 2498 1153 valde
2556 1083 2839 1153 debilem
2892 1084 3108 1155 adhuc
3164 1086 3653 1171 poenitentiam,
3711 1087 3880 1172 quod
3943 1108 4049 1156 res
4103 1088 4248 1174 ipsa

2306 1170 2732 1254 demonstrat,
2804 1179 2872 1238 et
2945 1182 3163 1239 metus
3233 1171 3347 1239 ille
3413 1181 3714 1241 testatur.
3802 1172 4247 1242 Nihilominus

2306 1264 2527 1358 tamen
2586 1257 2712 1326 etsi
2771 1258 3050 1359 vitiosus
3105 1265 3264 1359 erat,
3288 1257 3402 1325 ille
3444 1267 3679 1340 metus,
3744 1257 4106 1327 remedium
4149 1259 4247 1325 illi

2304 1343 2925 1516 ζῗξξῖἓίἲᾶὲοςζᾏῗῗ
2959 1344 4061 1514 ηῗῖἷὲᾚᾛῗέθῖἒὲἑωέῗοῗ
4100 1343 4250 1517 ,Ξῖ

2306 1524 2513 1595 cetur,
2579 1535 2718 1583 non
2777 1513 3038 1601 quidem
3093 1514 3223 1600 ipsi
3280 1517 3576 1584 securius
3631 1516 3860 1599 acturi,
3925 1515 4043 1585 sed
4099 1538 4249 1585 cum

2307 1600 2447 1686 ipso
2503 1610 2822 1686 tanquam
2878 1601 3088 1685 capite
3131 1621 3284 1669 suas
3326 1621 3551 1685 preces
3593 1602 4032 1671 coniuncturi.
4121 1602 4248 1669 At-

2308 1707 2435 1838 Ὲιο
2494 1685 2736 1756 idcirco
2793 1685 3025 1756 volunt
3079 1706 3157 1754 eo
3213 1695 3527 1771 tanquam
3583 1687 4012 1755 intercessore
4073 1687 4251 1773 apud

2378 1773 2672 1858 ominum
2726 1772 2845 1839 uti.
2931 1771 3070 1840 Nos
3127 1771 3328 1839 etiam
3385 1771 3539 1840 hinc
3582 1771 3927 1854 discamus,
3971 1794 4053 1840 ur
4098 1782 4250 1842 ente

2310 1857 2531 1943 aliquo
2589 1857 3077 1926 vehementiore
3135 1866 3335 1939 metu,
3390 1867 3460 1925 et
3512 1866 3740 1925 nostra
3793 1858 4063 1927 inoredu
4091 1859 4249 1927 itate

2308 1963 2452 2012 sese
2492 1943 2927 2029 patefaciente
2967 1964 3170 2028 supra
3212 1941 3500 2023 modum,
3545 1942 3630 2011 ad
3672 1944 3844 2013 hano
3886 1943 4250 2013 doctrinam

2308 2049 2664 2098 recurrere.
2751 2029 3008 2098 Metum
3064 2026 3328 2114 quidem
3377 2029 3589 2096 fateor
3642 2029 3830 2098 nobis
3883 2029 4251 2117 ingenitum

2308 2135 2451 2183 esse
2511 2134 2552 2182 a
2605 2121 2863 2194 natura,
2917 2135 2993 2182 ao
3048 2114 3202 2182 licet
3245 2113 3600 2200 perfectam
3637 2114 3854 2197 fidem,
3908 2115 4081 2204 quod
4123 2116 4249 2183 im-

2309 2199 2617 2285 possibile
2672 2207 2791 2279 est,
2861 2199 3269 2301 haberemus,
3323 2220 3581 2286 semper
3637 2210 3876 2282 tamen,
3927 2201 4247 2286 quamdiu

2309 2284 2714 2374 corruptibili
2756 2285 2880 2353 hoc
2921 2306 3190 2371 corpore
3232 2284 3450 2353 induti
3490 2287 3824 2365 fuerimus,
3880 2296 4134 2355 metum
4176 2289 4249 2355 in

2311 2371 2501 2439 nobis
2554 2371 2765 2439 locum
2821 2370 3236 2439 habiturum:
3301 2392 3433 2439 non
3488 2370 3750 2458 quidem
3810 2373 3923 2457 qui
3992 2372 4077 2441 ad
4140 2374 4253 2443 de-

2308 2459 2748 2544 sperationem
2782 2455 3065 2538 inducat,
3100 2465 3170 2524 et
3204 2457 3361 2543 quid
3394 2457 3741 2544 agendum,
3783 2458 3941 2544 quid
3975 2480 4253 2546 sequen-

2312 2542 2472 2611 dum
2523 2542 2614 2612 sit
2670 2542 2857 2611 nobis
2913 2541 3294 2612 facultatem
3338 2543 3607 2613 videndi
3648 2543 3914 2627 adimat,
3957 2545 4074 2612 sed
4117 2567 4247 2632 quo

2311 2629 2519 2714 quieti
2610 2634 2830 2697 tamen
2919 2635 2989 2696 et
3066 2628 3403 2714 tranquilli
3477 2650 3882 2699 maneamus.
3970 2629 4249 2715 Quando

2311 2735 2469 2786 vero
2519 2714 2972 2785 vehementior
3027 2722 3243 2782 metus
3297 2712 3552 2784 invadit
3604 2724 3673 2782 et
3711 2715 3807 2783 ita
3848 2717 4119 2785 miseros
4163 2719 4254 2788 af·

2312 2801 2455 2871 ficit
2494 2810 2569 2870 ut
2612 2820 2790 2868 mors
2829 2799 3363 2885 praesentissima
3404 2799 3732 2884 videatur,
3776 2810 3919 2869 tum
3961 2824 4105 2873 sese
4146 2803 4250 2872 in-

2310 2886 2665 2956 credulitas
2716 2884 3046 2972 patefacit,
3102 2906 3296 2970 quam
3338 2885 3664 2954 occultare
3705 2907 3839 2953 non
3880 2908 4249 2973 possumus.

2308 2971 2593 3039 Interim
2671 2991 2829 3042 vero
2898 2970 3344 3055 quaerendum
3409 2969 3563 3039 huic
3624 2972 3799 3040 malo
3862 2974 4247 3043 remedium.

2311 3056 2535 3142 Quare
2585 3057 2652 3126 si
2694 3078 2814 3125 nos
2856 3057 3010 3124 talis
3052 3055 3139 3125 ali
3185 3056 3289 3124 uis
3329 3062 3546 3124 metus
3585 3056 3971 3140 sollicitarit,
4030 3069 4252 3128 tamen

2310 3163 2744 3230 agnoscamus
2799 3142 3017 3209 Deum
3077 3164 3162 3210 no
3187 3140 3250 3209 le
3307 3163 3425 3211 nos
3483 3142 3778 3210 animum
3832 3143 4253 3231 despondere,

2312 3228 2429 3297 sed
2471 3230 2687 3315 potius
2730 3225 2812 3296 ad
2855 3249 3083 3314 preces
3122 3227 3626 3315 ingeminandas
3668 3229 3976 3312 excitare,
4032 3239 4103 3297 et
4141 3251 4254 3316 pa-

2308 3322 2534 3386 ratum
2599 3313 2778 3383 illius
2849 3313 3168 3382 auxilium
3229 3313 3302 3380 in
3360 3313 3556 3383 rebus
3611 3315 3897 3383 maxime
3951 3317 4251 3402 angustis

2311 3401 2448 3470 fore
2504 3399 2694 3468 nobis
2749 3420 3136 3486 persuasum
3191 3421 3336 3467 esse
3386 3399 3579 3479 velle,
3636 3408 3703 3467 et
3746 3400 4054 3470 fiduciam
4098 3423 4252 3472 nos-

2312 3495 2483 3553 tram
2525 3506 2785 3554 omnem
2827 3485 2902 3552 in
2943 3485 3086 3586 ipso
3128 3481 3459 3566 collocare,
3505 3494 3697 3571 atque
3728 3487 3823 3554 ita
3861 3486 4072 3571 ipsius
4115 3487 4248 3556 vir-

2309 3579 2452 3639 tute
2508 3593 2585 3641 su
2635 3591 2822 3639 erare
2874 3570 3189 3657 qmdquid
3242 3571 3520 3638 exitium
3561 3572 3750 3640 nobis
3790 3572 4028 3642 minari
4071 3573 4248 3642 vide-

2310 3657 2505 3727 bitur.
2658 3678 2705 3722 n
2769 3665 2848 3724 ut
2901 3665 3114 3724 metus
3172 3677 3306 3723 non
3362 3656 3550 3724 debet
3609 3679 3727 3724 nos
3770 3680 3811 3726 a
3855 3658 3996 3726 Dec
4035 3660 4247 3744 repel-

2309 3746 2463 3824 lere,
2506 3741 2622 3812 sed
2665 3742 2884 3828 potius
2921 3741 3005 3810 ad
3045 3741 3262 3828 ipsum
3304 3741 3642 3827 adducere,
3688 3754 3762 3809 ut
3807 3741 4042 3811 vitium
4085 3745 4248 3814 illud

2308 3830 2497 3898 nobis
2538 3826 2906 3915 ingenitum
2949 3836 3390 3913 agnoscentes,
3434 3825 3519 3894 ad
3564 3825 3692 3895 Dei
3735 3827 4247 3900 misericordiam

2306 3915 2778 4002 confugiamus.
2862 3913 3081 3998 Atque
3150 3912 3218 3979 id
3288 3920 3469 3980 notat
3535 3913 3659 3981 hoo
3713 3913 3855 3982 loco
3909 3917 4246 4002 propheta,

2307 4022 2512 4087 quum
2568 4001 2663 4066 ait
2720 3999 3057 4067 Israelitas
3112 4005 3294 4066 metu
3349 3999 3683 4083 perculsos
3724 4021 3844 4086 pro
3959 4024 3994 4068 r
4033 4002 4244 4070 Phili-

2306 4096 2540 4155 staeos.
2628 4083 2800 4152 Nam
2858 4089 3072 4152 metus
3114 4083 3227 4153 ille
3271 4093 3551 4164 notatur,
3616 4083 3788 4169 quod
3857 4088 3982 4153 orti
4025 4090 4243 4158 animo

2307 4181 2376 4241 et
2416 4171 2750 4256 praesenti
2795 4168 3139 4238 debuerint
3179 4169 3467 4238 hostium
3507 4171 3723 4239 minas
3766 4182 3833 4237 et
3876 4173 4050 4240 vires
4092 4194 4241 4242 con·

2307 4271 2619 4337 temnere,
2676 4257 2896 4323 Deum
2954 4264 3133 4342 certo
3184 4253 3479 4340 persuasi
3520 4257 3657 4323 fore
3699 4256 3823 4324 sibi
3868 4257 4239 4343 propitium,

2306 4365 2516 4429 neque
2560 4361 2849 4494 unquam
2891 4341 2963 4408 in
3003 4341 3200 4409 rebus
3241 4341 3544 4442 angustis
3579 4340 4038 4409 derelicturum
4072 4343 4239 4416 elec-

2306 4438 2453 4497 tum
2494 4450 2665 4515 popu
2694 4448 2825 4494 um.
2909 4427 3129 4496 Metus
3171 4427 3376 4512 igitur
3416 4426 3530 4496 ille
3569 4427 3806 4496 merito
3846 4437 3921 4494 ut
3966 4427 4238 4500 vitiosus

2306 4523 2608 4584 notatur:
2650 4512 2768 4584 sed
2812 4534 3014 4596 quum
3058 4519 3237 4580 metu
3277 4511 3393 4579 illo
3431 4533 3564 4580 non
3598 4512 3981 4594 obruuntur,
4028 4537 4239 4601 neque

2306 4611 2618 4687 tanquam
2678 4597 3156 4686 desperabundi
3212 4598 3475 4678 eiulant,
3530 4597 3644 4667 sed
3704 4596 4098 4685 Samuelem,
4166 4612 4239 4669 ut

2304 4708 2424 4773 pro
2482 4707 2558 4753 se
2607 4686 2824 4754 Deum
2883 4685 3183 4770 precibus
3224 4684 3531 4752 sollicitet
3571 4691 3825 4769 rogant,
3882 4693 3952 4750 et
3991 4685 4062 4751 in
4107 4684 4236 4756 Dei

2306 4771 2748 4839 misericordia
2802 4771 3288 4856 conquiescunt,
3345 4779 3410 4838 et
3467 4770 3746 4835 nominis
3795 4769 4004 4853 ipsius
4044 4773 4236 4839 invo-

2302 4858 2627 4926 cationem
2700 4855 3061 4922 maximum
3129 4863 3198 4922 et
3269 4855 3667 4924 tutissimum
3723 4852 3983 4938 asylum
4037 4879 4233 4927 sunm

2302 4951 2623 5023 statuunt,
2673 4942 2860 5030 ,satis
2922 4939 3167 5027 apertis
3231 4939 3616 5008 testimoniis
3677 4940 4081 5024 profitentur,
4161 4968 4232 5014 se

2298 5028 2584 5098 multum
2626 5029 2697 5094 in
2737 5023 2852 5094 illa
2892 5025 3335 5102 conversione,
3381 5024 3461 5091 de
3503 5043 3634 5110 qua
3678 5021 3982 5107 diximus,
4019 5031 4230 5112 profe-

282 5116 475 5197 magis
508 5135 584 5184 ao
619 5117 831 5202 magis
853 5114 1290 5194 obfirmemur,
1335 5114 1527 5182 modo
1547 5115 1711 5183 bene
1734 5112 1917 5182 nobis
1938 5114 2198 5195 conscii,
2302 5115 2486 5184 cisse.
2574 5116 2792 5198 Atque
2835 5113 2959 5182 hoc
2999 5112 3186 5178 nobis
3228 5108 3600 5192 exemplum
3645 5109 4035 5180 imitandum
4083 5138 4232 5201 pro-

283 5201 447 5266 nulla
490 5213 717 5290 nostra
757 5201 947 5288 eulpa
989 5199 1162 5268 male
1204 5199 1285 5268 de
1327 5200 1518 5270 nobis
1560 5199 1857 5268 homines
1891 5200 2198 5290 cogitare.
2301 5200 2584 5292 ponitur,
2629 5210 2706 5290 nt
2746 5199 2817 5268 in
2857 5198 3164 5266 maximis
3204 5195 3523 5286 angustiis
3555 5197 3910 5282 constituti,
3948 5201 4232 5276 sciamus

3728 5298 3830 5353 33*
