5059 6059
356 204 487 279 637

359 394 695 471 discamus
740 395 959 461 Deum
1020 394 1387 465 consulturi
1437 413 1585 463 cum
1631 397 1807 465 omui
1854 394 2170 465 modestia
2212 416 2314 462 ac-

361 479 623 561 cedere,
685 480 768 545 ab
826 482 1003 549 omni
1063 482 1341 551 saevitia
1394 490 1463 547 et·
1520 482 1906 551 crudelitate
1965 480 2312 558 abstinere,

362 576 541 635 certo
600 567 895 649 persuasi
951 587 1283 650 nunquam
1346 567 1716 635 defuturum
1781 566 1969 633 nobis
2014 566 2311 635 divinum

1614 206 1716 274 m
1760 206 1816 272 1.
1861 206 2045 273 ms.
2088 154 2492 285 ssimum..
2537 203 2736 281 cAP.
2772 205 3110 273 xxvm.

4234 208 4361 285 638

2414 394 2893 477 queamazier:
2933 394 3125 478 Quem
3156 394 3465 467 suscitabo
3497 393 3662 465 ati?
3714 394 3968 480 waic,
4005 394 4357 463 Samuelem

2414 478 2578 547 mihi
2629 482 2876 551 suscita.
2967 481 3068 551 12.
3120 481 3323 563 Quum
3374 486 3585 547 autem
3641 481 3900 549 mosset
3956 482 4184 548 nudie»-
4229 481 4353 550 Sa·

2412 565 2707 647 muelcm,
2778 567 3147 637 exclamavit
3210 587 3346 637 voce
3401 587 3632 652 mapna
3685 573 3741 633 et
3791 568 3958 635 divit
4010 568 4097 637 ad
4155 567 4354 669 saal:

364 651 709 718 auxilium.
759 651 1019 721 Scimus
1064 654 1239 719 enim
1288 673 1516 719 verum
1562 653 1724 719 illud
1770 675 1916 721 esse
1956 652 2314 738 prophetae
2424 650 2636 733 Quare
2677 654 3033 738 imposuisti
3076 653 3288 721 milti?
3330 657 3400 721 tu
3440 673 3506 718 es
3546 652 3712 720 enim
3757 652 3935 721 Saul.
3985 652 4084 719 13.
4131 653 4357 721 Discut-

364 738 646 816 dictum,
703 760 930 804 aurem
978 740 1247 805 Domini
1306 761 1433 803 non
1493 741 1701 824 magis
1761 761 1953 823 quam
2000 738 2153 804 olim
2198 737 2313 803 ob-

359 823 725 893 surduisse:
797 845 948 891 nam
1016 826 1071 890 si
1137 825 1289 889 olim
1348 823 1533 891 Deus
1592 827 1674 890 ad
1732 847 1804 893 se
1860 825 2311 909 confugientes

361 908 677 990 exaudiit,
737 933 817 975 ne
876 908 1245 977 dubitemus
1304 911 1461 995 quin
1518 911 1771 977 facilem
1844 919 1909 976 et
1951 911 2101 977 beni
2153 930 2308 977 num

358 1017 433 1063 se
458 996 770 1078 praebeat
808 996 934 1063 rite
964 997 1458 1063 invocantibus:
1504 1018 1716 1080 neque
1752 996 1922 1063 enim
1972 995 2088 1063 bra
2173 996 2306 1061 ium

359 1082 522 1159 eius,
577 1079 644 1147 id
690 1089 791 1149 est
836 1083 936 1149 vis
995 1082 1137 1147 eius
1194 1102 1271 1150 ac
1329 1084 1623 1167 potentia
1665 1083 2017 1148 imminuta
2060 1092 2176 1160 est,
2237 1090 2309 1146 ut

356 1189 487 1233 non
513 1166 723 1251 possit
765 1167 845 1232 ad
891 1188 963 1233 se
1006 1166 1475 1253 confugientes,
1519 1169 1691 1237 sicut
1732 1168 1885 1235 olim
1914 1168 2087 1244 fecit,
2122 1167 2310 1233 adiu-

357 1274 537 1321 vare.
599 1253 795 1319 Unde
838 1254 1043 1338 igitur
1087 1252 1322 1321 accidit
1368 1266 1441 1319 ut
1483 1275 1675 1338 saepe
1724 1275 1928 1321 vanae
1970 1264 2040 1321 et
2080 1254 2309 1320 irritae

356 1360 586 1424 preces
666 1341 801 1405 sint
878 1347 946 1405 et
1019 1360 1133 1423 spe
1212 1349 1442 1407 nostra
1520 1340 1839 1407 excidisse
1921 1337 2304 1407 videamur?

356 1445 598 1509 nempe
656 1434 921 1507 peccata
979 1437 1202 1491 nostra
1261 1426 1467 1492 veluti
1528 1427 1856 1510 repagulis
1920 1424 2306 1509 quibusdam

354 1510 489 1579 Dei
548 1511 829 1596 gratiam
890 1533 931 1576 a
986 1511 1175 1577 nobis
1238 1511 1722 1590 intercludunt,
1794 1524 1863 1579 et
1926 1512 2307 1594 iniquitates

352 1605 619 1665 nostrae
643 1596 1001 1664 divortium
1039 1619 1078 1663 a
1103 1598 1245 1663 Deo
1281 1598 1532 1665 faciunt
1565 1611 1632 1663 et
1676 1609 1986 1698 tanquam
2032 1600 2303 1663 immen-

352 1704 497 1751 sam
557 1684 870 1768 abyssum
928 1683 1105 1750 inter
1148 1683 1363 1753 Deum
1420 1694 1489 1750 et
1543 1704 1663 1749 nos
1720 1684 2044 1751 inliciunt.
2129 1682 2307 1749 Hinc

352 1789 550 1852 saepe
594 1769 669 1835 fit
715 1777 789 1835 ut
813 1768 939 1834 Dei
984 1769 1431 1836 misericordia
1474 1792 1607 1837 non
1653 1770 1996 1853 perveniat
2038 1769 2120 1839 ad
2164 1790 2305 1846 nos,

354 1863 424 1921 et
479 1855 685 1937 ipsius
747 1856 988 1921 virtute
1032 1878 1166 1921 non
1211 1853 1646 1923 sublevemur.
1734 1855 2178 1938 Quamobrem
2220 1852 2304 1919 ad

348 1941 581 2007 Deum
642 1960 800 2009 vera
856 1941 989 2009 fide
1047 1952 1113 2007 et
1171 1942 1592 2024 poenitentia,
1646 1963 1814 2024 quae
1859 1943 2069 2025 ipsum
2120 1938 2305 2007 nobis

347 2027 677 2106 conciliet,
738 2036 1235 2095 convertamur:
1292 2038 1544 2093 certum
1606 2028 1784 2093 enim
1828 2040 1925 2094 est
1972 2050 2092 2092 nos
2135 2026 2309 2093 seria

350 2122 770 2196 peccatorum
829 2112 1231 2197 poenitentia
1274 2122 1482 2179 tactos
1520 2112 2033 2183 misericordiam
2078 2134 2116 2177 a
2160 2111 2304 2181 Deo

349 2208 913 2282 consequuturos,
968 2198 1166 2280 modo
1218 2200 1676 2283 promissiones
1733 2200 1942 2282 ipsius
1995 2220 2127 2265 non
2187 2198 2303 2265 du·

350 2284 649 2351 hitanter
691 2284 1180 2368 amplectamur.
1260 2285 1411 2353 Non
1456 2285 1552 2351 ita
1595 2285 1723 2351 fuit
1764 2286 1928 2355 Saul
1974 2305 2305 2368 compara-

345 2380 467 2443 tus
512 2390 721 2453 neque
767 2370 891 2436 hac
936 2371 1271 2451 modestia,
1329 2370 1720 2450 humilitate,
1766 2372 2184 2455 poenitentia,
2226 2390 2306 2436 ac

347 2454 489 2527 fide
545 2456 764 2525 Deum
823 2457 1277 2541 compellavit,
1336 2465 1426 2539 ‚ut
1480 2457 1716 2523 merito
1770 2458 2053 2525 reiectus
2124 2458 2207 2523 sit
2266 2476 2305 2522 a

347 2542 648 2609 Domino
707 2551 773 2610 et
831 2543 899 2609 in
956 2564 1035 2608 eo
1092 2543 1365 2628 impleta
1421 2544 1506 2609 sit
1556 2543 1979 2613 comminatio
2024 2542 2139 2608 illa
2176 2541 2305 2609 Dei

346 2649 476 2713 per
521 2627 911 2712 prophetam
968 2631 1154 2695 sacta.
1248 2628 1654 2708 clamabitis,
1712 2629 1963 2713 inquid,
2013 2628 2127 2695 sed
2172 2650 2302 2695 non

344 2714 797 2781 exaudiemini
842 2736 917 2781 eo
963 2715 1089 2781 die.
1157 2713 1491 2795 Quamdiu
1540 2712 1698 2782 Saul
1744 2716 1811 2781 in
1856 2714 2106 2782 honore
2150 2735 2303 2798 pro·

341 2800 587 2886 phetas
652 2800 905 2869 habens
966 2801 1188 2867 Deum
1252 2801 1615 2881 invocavit,
1694 2800 2015 2871 auxilium
2093 2799 2304 2884 ipsius

342 2886 580 2966 sensit,
624 2887 756 2953 iam
803 2908 958 2954 vero
1003 2887 1209 2955 caesis
1252 2886 1521 2952 Domini
1568 2886 2011 2954 sacerdotibus
2054 2908 2302 2955 merce-

349 2970 503 3045 dem
529 2992 718 3039 suam
741 2973 996 3057 recipit.
1041 2974 1134 3040 Et
1167 2971 1283 3039 ille
1318 2970 1579 3057 quidem
1616 2973 1839 3055 eiulat,
1882 2983 1949 3040 et
1991 2980 2306 3057 tanquam

358 3066 597 3127 taurus
631 3079 746 3124 mu
798 3059 866 3140 ἰ,
909 3058 1022 3126 sed
1059 3059 1199 3125 sine
1246 3058 1494 3124 auxilio
1537 3068 1783 3144 tamen,
1823 3079 1953 3141 quo
1994 3059 2307 3144 indignus

354 3153 537 3217 erat:
575 3166 745 3228 quan
794 3143 1095 3229 oquidem
1125 3166 1258 3217 non
1286 3144 1679 3228 tangebatur
1699 3145 1871 3213 seria
1894 3154 2305 3229 peccatorum

352 3239 665 3321 μετανοίᾳε
715 3239 791 3296 ut
833 3252 1100 3298 necesse
1145 3233 1229 3297 sit
1264 3230 1478 3314 ipsum
1523 3251 1717 3314 quam
1761 3232 1828 3297 in
1872 3253 2066 3301 suum
2110 3238 2309 3316 caput

357 3318 796 3383 accersiverat
842 3316 973 3382 Dei
1019 3316 1545 3387 maledictionem
1590 3318 1897 3411 experiri,
1942 3318 2113 3385 sicut
2156 3328 2310 3383 ante

354 3401 654 3477 ,vidimus
697 3410 761 3469 et
808 3401 1114 3486 deinceps
1154 3401 1456 3492 pluribus
1501 3402 1707 3470 visuri
1752 3426 2002 3473 sumus.

536 3487 675 3555 Iam
720 3509 881 3557 vero
922 3489 1119 3575 agite,
1163 3493 1269 3555 etc.

895 3913 1391 4002 HOMILIA
1444 3918 1743 4003 XCIX.

538 4086 1476 4172 amatquesauzservis
1551 4088 2313 4172 suimeuaeritemiki

350 4172 687 4241 mulierem
738 4173 1052 4243 habentem
1097 4174 1567 4260 pythonem'd
1617 4175 1849 4243 vadam
1901 4176 1988 4242 ad
2041 4195 2201 4258 eam,
2254 4181 2312 4243 et

350 4259 1115 4341 sciscitaborperillam.
1163 4260 1580 4328 Etdixerunt
1620 4263 1789 4331 servi
1828 4262 1965 4329 eius
2007 4262 2093 4331 ad
2136 4282 2311 4331 eum.-

360 4343 494 4413 Esi
548 4344 778 4412 mulier
817 4346 1157 4431 pythonem
1209 4346 1443 4415 habens
1485 4347 1556 4414 in
1597 4347 1838 4417 Endor.
1922 4347 1983 4414 8.
2030 4344 2310 4417 Mutavit

359 4448 513 4513 59⁰
554 4430 830 4501 habitum
870 4453 1077 4512 mm,
1135 4434 1507 4516 vestitusque
1563 4438 1653 4499 est
1707 4433 1861 4501 aliis
1915 4434 2309 4515 nodamenta,

358 4517 1555 4602 dabfflspsaetduovfficumco,
2048 4520 2309 4587 adm

342 4603 586 4673 taren·
625 4608 808 4684 nocte,
865 4608 922 4669 et
965 4606 1058 4671 aii
1113 4604 1254 4672 azi:
1307 4604 1559 4672 Divina
1600 4604 1758 4675 mihi
1814 4606 1885 4672 in
1914 4604 2211 4689 pythone,
2253 4611 2312 4673 et

348 4689 603 4765 „masc-‘ta
657 4690 822 4761 mihi
873 4710 1050 4775 quesn
1091 4691 1314 4763 dixero
1354 4691 1486 4759 tibi.
1575 4690 1637 4756 9.
1681 4689 1772 4757 Et
1812 4692 1908 4761 ait
1946 4693 2181 4759 mulier
2225 4692 2311 4761 aa

356 4793 547 4845 eum:
601 4775 760 4843 Ecce
813 4781 882 4843 tu
938 4776 1103 4845 nasci
1144 4781 1378 4859 quanta
1416 4777 1630 4858 fecerit
1677 4775 1855 4854 Saul,
1910 4782 1967 4845 d
2011 4778 2311 4862 quomodo

361 4861 633 4931 eraserit
680 4880 898 4946 mayoc
953 4867 1011 4931 et
1053 4861 1329 4933 hariolos
1368 4862 1447 4929 de
1488 4867 1681 4946 terra,
1725 4883 1923 4945 quare
1964 4884 2111 4949 erpo
2153 4863 2311 4933 insi-

352 4946 580 5015 diaria
632 4948 886 5015 anionae
941 4968 1114 5019 meae
1189 4953 1261 5014 ut
1315 4948 1601 5019 ooeidat?
1692 4948 1795 5014 10.
1836 4947 2311 5017 Hiuravitm‘

360 5029 534 5101 Saul
586 5032 659 5103 in
714 5032 1026 5116 Damaso,
1076 4998 1320 5107 ducents:
1388 5033 1560 5105 Vivit
1612 5032 1933 5103 Busirim
1982 5036 2140 5117 quia
2186 5054 2311 5102 non

350 5119 730 5191 meatim
744 5119 1267 5203 qumquammli
1287 5125 1546 5204 propter
1574 5119 1738 5193 hane
1769 5140 1923 5189 rem.
1968 5121 2069 5189 11.
2094 5118 2310 5191 Dixit·

2413 758 2531 819 que
2571 741 2634 805 ei
2674 762 2823 806 rex.-
2869 738 3020 806 Noli
3061 740 3313 809 timere:
3358 740 3511 822 quid
3551 739 3822 805 vidisti?
3868 738 3956 804 Et
3998 741 4091 809 ait
4123 741 4353 807 mulier

2411 824 2501 889 ad
2547 824 2725 926 Saul,
2766 827 2910 924 deos
2950 825 3085 891 vidi
3127 826 3555 924 adscendentes
3598 826 3673 893 de
3712 830 3905 923 terra..
3984 827 4096 925 14..
4130 825 4352 892 Discit-

2410 911 3073 1079 ἷὲἷοέιὰὲυἶιωῑρῖῗ
3111 910 3549 1065 immi&
3564 1084 3577 1097 ,
3586 911 3810 1095 ἕᾶὗ.
3826 912 4357 1065 maziam

2418 1082 2579 1148 Saul
2621 1084 2784 1166 quod
2813 1082 3071 1151 Samuel
3111 1087 3284 1163 esset,
3328 1088 3384 1149 et
3425 1082 3748 1149 mdmmt
3788 1104 3858 1149 se
3896 1104 4087 1167 super
4124 1085 4353 1167 faciem

2408 1187 2596 1234 suam
2639 1170 2708 1235 in
2745 1175 2919 1238 terra
2961 1174 3018 1237 et
3059 1170 3365 1239 adoravit.

2580 1339 2914 1407 Hesterna
2957 1342 3268 1409 concione
3314 1340 3544 1407 docere
3587 1341 3920 1424 coepimus
3957 1340 4226 1409 Saulem
4270 1339 4350 1411 de

2411 1424 2538 1492 Dei
2583 1425 2797 1510 gratia
2840 1426 3291 1511 desperantem
3351 1427 3431 1492 ad
3493 1428 3836 1495 mulierem
3896 1428 4350 1513 pythonissam

2408 1523 2477 1575 et
2514 1513 2875 1581 veneficam
2914 1536 3079 1596 quae
3114 1514 3337 1579 futura
3371 1513 3499 1596 ipsi
3521 1511 3921 1596 praediceret
3961 1513 4351 1598 confugisse.

2410 1595 2590 1667 Sane
2659 1600 2840 1665 Deus
2916 1599 3018 1665 illi
3095 1621 3166 1665 se
3237 1599 3606 1665 consulenti
3681 1621 3811 1665 non
3891 1600 4352 1683 responderat:

2410 1682 2681 1753 minime
2740 1696 2955 1753 tamen
3014 1696 3360 1768 propterea
3418 1684 3659 1751 surdus
3737 1697 3852 1753 aut
3914 1699 4171 1753 mutus:
4237 1685 4350 1769 sed

2408 1770 2739 1852 quoniam,
2800 1780 2870 1835 ut
2916 1786 3067 1837 ante
3111 1770 3423 1849 diximus,
3485 1770 3832 1856 indignum
3897 1794 3967 1838 se
4013 1770 4177 1839 Saul
4221 1771 4352 1853 Dei

2406 1856 2620 1939 gratia
2664 1854 3056 1940 reddiderat,
3118 1855 3303 1925 Deus
3359 1856 3539 1922 enim
3599 1868 3905 1925 naturam
3949 1879 4136 1923 suam
4182 1880 4350 1927 nun-

2409 1962 2606 2024 quam
2652 1952 2861 2006 mutat
2903 1956 2969 2009 et
3026 1943 3295 2009 firmum
3341 1939 3504 2011 illud
3548 1952 3648 2011 est
3692 1944 3862 2026 quod
3924 1942 4157 2010 deinde
4202 1964 4348 2027 pro·

2407 2026 2609 2110 pheta
2664 2028 2933 2107 cecinit,
2994 2028 3210 2095 Deum
3268 2049 3427 2097 vera
3483 2028 3611 2095 fide
3666 2042 3734 2094 et
3786 2029 4063 2095 veritate
4132 2029 4349 2113 ipsum

2408 2113 2864 2181 invocantibus
2921 2135 3177 2215 semper
3234 2113 3460 2181 adesse
3525 2126 3591 2181 et
3660 2129 4028 2200 opportuno
4103 2116 4346 2181 auxilio

2400 2198 2652 2267 iuvare.
2719 2199 2941 2281 Quare
2983 2200 3185 2284 igitur
3208 2199 3390 2269 Sauli
3436 2222 3566 2266 non
3611 2197 4087 2284 respondebat?
4135 2201 4343 2285 Prop-

2410 2294 2515 2355 ter
2561 2285 2939 2369 iniquitates
2983 2285 3218 2370 quibus
3261 2286 3355 2352 sic
3400 2306 3439 2352 a
3479 2286 3628 2353 Deo
3673 2285 4098 2369 separabatur
4133 2296 4207 2352 ut
4249 2288 4349 2352 in-

2406 2370 2645 2456 dignus
2717 2382 2887 2439 esset
2957 2371 3069 2454 qui
3143 2371 3424 2456 gratiam
3499 2372 3673 2456 apud
3734 2373 3950 2441 Deum
4009 2376 4348 2457 reperiret.

2407 2459 2507 2523 Ac
2563 2477 2724 2527 sane
2778 2456 3031 2541 quoties
3081 2446 3322 2541 impuri
3381 2456 3682 2527 homines
3725 2460 3876 2527 ficto
3927 2468 3995 2524 et
4045 2459 4349 2529 simulato

2405 2541 2599 2611 corde
2644 2543 2728 2608 ad
2773 2545 2990 2611 Deum
3031 2542 3398 2643 accedunt..
3425 2542 3727 2627 precibus
3783 2544 3999 2628 ipsum
4043 2544 4350 2612 sollicita-

2408 2629 2559 2709 turi,
2616 2630 2892 2713 perinde
2933 2638 3035 2697 est
3076 2650 3151 2695 ac
3193 2630 3252 2695 si
3293 2651 3437 2712 quis
3481 2630 3764 2713 aliquem
3821 2629 4348 2715 compellaturus,
4450 2689 4454 2693 ,

2817 2723 3012 2799 atque
3065 2714 3343 2783 alterum
3401 2715 3657 2783 miliare
3711 2715 4062 2796 recederet,
4115 2717 4350 2783 deinde

2408 2822 2495 2867 ex
2540 2822 2615 2867 eo
2671 2802 2810 2869 loco
2867 2802 3084 2887 ipsum
3141 2800 3604 2883 alloqueretur.
3693 2800 3886 2882 Quod
3944 2824 4101 2871 sane
4159 2803 4349 2873 valde

2406 2884 2760 2957 ridiculum
2803 2888 2938 2954 fore
2979 2895 3270 2970 apparet.
3355 2886 3612 2955 Eadem
3651 2901 3752 2953 est
3792 2887 4090 2955 omnium
4134 2889 4346 2956 incre-

2410 2971 2713 3041 dulorum
2757 2974 2925 3041 ratio
2966 2974 3078 3055 qui
3121 2972 3507 3040 necessitate
3551 2970 3831 3055 quadam
3875 2974 4142 3057 impulsi
4187 2972 4346 3041 deii·

2409 3058 2673 3125 ciuntur
2714 3080 2934 3126 coram
2956 3058 3100 3125 Deo
3141 3074 3210 3125 et
3252 3079 3508 3125 summa
3529 3058 3899 3127 humilitate
3922 3058 4052 3127 Dei
4093 3060 4349 3128 miseri-

2410 3143 2699 3213 cordiam
2757 3145 3116 3228 implorant
3171 3154 3239 3211 et
3295 3144 3610 3211 auxilium
3671 3145 3741 3209 in
3800 3147 3993 3212 rebus
4052 3146 4350 3230 augustis

2409 3229 2493 3295 ab
2537 3230 2678 3328 ipso
2721 3238 3059 3315 expetunt,
3106 3250 3309 3314 quum
3366 3240 3589 3295 tamen
3632 3229 3777 3297 Deo
3837 3242 4020 3314 terga
4090 3245 4350 3301 vertant

2412 3326 2479 3383 et
2520 3337 2665 3383 eius
2719 3326 3142 3400 conspectum
3201 3326 3522 3398 quantum
3577 3318 3650 3381 in
3706 3315 3866 3400 ipsis
3921 3324 4021 3383 est
4073 3318 4349 3402 fugiant,

2412 3399 2968 3484 quemadmodum
3026 3401 3254 3469 fecisse
3309 3398 3578 3471 Saulem
3634 3412 3923 3486 apparet.
4021 3403 4349 3487 Equidem

2414 3489 2622 3557 fateor
2664 3487 3006 3555 homiuum
3048 3486 3441 3557 iustissimos
3496 3508 3626 3554 non
3686 3508 3763 3587 eo
3786 3574 3799 3589 ο
3819 3487 4035 3588 studio
4090 3498 4160 3555 et
4213 3491 4352 3559 zelo

2414 3571 3814 3742 333132‘123325303333.”sufflata
3847 3595 4057 3726 ’ἓίῗὲἓ
4095 3597 4353 3731 ῗηἜῗὲ

2416 3745 2547 3812 nisi
2603 3743 2820 3813 lutum
2879 3745 3194 3811 foetidum
3269 3760 3333 3811 et
3387 3744 3688 3813 lumbrici
3747 3747 3933 3813 humi
3991 3757 4346 3831 reptantes,

2417 3830 2693 3914 denique
2741 3851 2922 3899 mera
2959 3831 3336 3915 corruptio?
3381 3830 3446 3899 N
3449 3853 3556 3897 am
3611 3841 3679 3916 e‚t
3736 3832 3849 3915 qui
3892 3834 4348 3917 perfectissimi

2414 3918 2589 3983 inter
2631 3915 2930 3987 homines
2972 3916 3299 3996 videntur,
3357 3916 3582 3987 multis
3624 3916 3842 3985 adhuc
3887 3918 4064 3986 vitiis
4124 3934 4346 3987 tenen·

2415 4016 2545 4082 tur,
2590 4001 2750 4071 adeo
2808 4012 2883 4069 ut
2939 4003 2996 4069 si
3049 4003 3193 4069 iure
3251 4023 3510 4071 summo
3550 4001 3737 4071 Deus
3797 4015 3952 4088 agat
4008 4024 4156 4073 cum
4215 4006 4348 4072 illis

2410 4088 2647 4157 merito
2704 4088 2907 4172 possit
2971 4096 3286 4171 tanquam
3344 4088 3646 4172 indignos
3686 4090 3977 4159 reiicere.
4067 4089 4345 4157 Verum-

2412 4188 2632 4241 tamen
2677 4175 2733 4243 si
2789 4195 2910 4241 nos
2950 4173 3078 4257 ipsi
3137 4174 3555 4259 explorantes
3611 4191 3677 4242 et
3727 4176 3873 4242 sine
3928 4174 4076 4243 fuco
4123 4174 4346 4245 Deum

2410 4259 2762 4327 offendisse
2805 4261 3188 4326 confitentes
3227 4260 3470 4326 malum
3496 4259 3827 4327 oderimus
3849 4259 4018 4344 quod
4052 4261 4123 4329 in
4161 4262 4347 4330 nobis

2411 4354 2530 4425 est,
2593 4354 2662 4411 et
2718 4344 2800 4413 ad
2857 4344 3064 4429 ipsius
3121 4346 3632 4417 misericordiam
3687 4347 3832 4417 sine
3887 4346 4222 4430 hypocrisi
4281 4362 4349 4415 et

2408 4431 2827 4499 simulatione
2883 4430 3402 4520 confugerimus,
3467 4442 3718 4503 certum
3791 4442 3892 4497 est
3949 4452 4071 4499 nos
4125 4432 4344 4501 Deum

2409 4538 2666 4601 semper
2712 4516 2900 4583 nobis
2946 4518 3301 4601 propitium
3345 4528 3413 4585 et
3457 4518 3523 4581 in
3567 4538 3793 4600 preces
3829 4526 4089 4587 nostras
4129 4521 4348 4587 inten-

2408 4612 2552 4669 tum
2597 4612 2994 4687 reperturos,
3055 4613 3123 4668 et
3179 4613 3478 4687 apertum
3535 4603 3788 4686 gratiae
3841 4604 4046 4687 ipsius
4103 4605 4347 4675 ostium

2409 4689 2707 4756 futurum
2756 4689 2966 4773 nobis,
3007 4702 3073 4755 et
3116 4689 3418 4761 omnibus
3462 4686 3640 4755 curis
3669 4689 3913 4763 nocuis
3952 4711 4030 4758 ao
4061 4688 4343 4759 difficul-

2412 4775 2657 4845 tatibus
2700 4772 3199 4849 subventurum.

2583 4860 2815 4944 Longe
2859 4882 3017 4933 ,veto
3060 4860 3250 4927 aliter
3291 4857 3564 4937 affectus
3605 4858 3730 4929 fuit
3771 4856 3958 4940 Saul,
4017 4862 4129 4946 qui
4182 4883 4349 4933 sem-

2412 4967 2528 5030 per
2573 4945 2645 5013 in
2683 4945 2940 5017 malitia
2981 4968 3103 5014 sua
3146 4944 3591 5028 perseveravit
3648 4958 3712 5012 et
3766 4946 4087 5021 occalluit.
4173 4948 4346 5025 Nam

2410 5033 2471 5101 si
2513 5031 2628 5097 ille
2671 5031 2926 5101 sincero
2968 5031 3188 5107 animo
3227 5031 3503 5105 crimina
3547 5051 3716 5113 quae
3761 5031 4082 5101 Davidem
4129 5056 4347 5117 perse-

2412 5118 2674 5202 quendo
2733 5116 3087 5191 admiserat
3141 5117 3354 5189 fassus
3413 5116 3674 5201 fuisset,
3747 5130 3813 5189 et
3877 5122 4348 5202 poenitentiam

2407 2714 2493 2783 ad
2552 2736 2759 2783 unum
