5059 6059
367 253 477 319 361
1704 253 1806 320 IN
1847 252 1903 320 Ι.
1951 253 2133 321 LIB.
2179 251 2583 321 SAMUEL.
2633 251 2830 320 oAP.
2876 252 2965 321 11.
4159 283 4291 361 362

361 440 665 509 fendicula
743 441 984 508 nostris
1066 440 1554 508 adulationibus
1638 443 1936 509 fovemus
1952 444 1985 524 ,¹
2059 463 2279 509 nonne

358 527 474 594 Dei
524 535 930 608 contemptus
991 535 1108 607 est,
1167 539 1236 593 et
1291 528 1558 595 divinae
1615 528 1904 595 iustitiae
1961 531 2277 612 quaedam

360 612 789 698 oppugnatio?
837 614 1139 697 Denique
1173 613 1240 678 in
1279 613 1449 680 hanc
1485 635 1707 682 curam
1745 615 2276 693 incumbendum,

358 710 428 766 ut
477 700 704 784 quibus
748 700 816 764 in
861 698 1058 766 rebus
1105 699 1230 765 Dei
1273 700 1480 783 gloria
1521 703 1648 768 sita
1690 701 1781 766 sit
1825 702 2275 766 attendamus:

358 806 593 867 nempe,
648 797 727 850 ut
767 784 848 849 ad
891 786 1031 850 eius
1076 785 1346 850 verbum
1394 799 1774 866 tremamus,
1819 786 1901 851 de
1936 788 2277 852 maiestate

356 872 547 954 ipsius
588 870 809 935 divina
854 891 1191 954 nunquam
1236 873 1365 936 nisi
1410 872 1764 938 honorifice
1807 875 2166 938 sentiamus
2201 892 2276 938 ao

354 957 700 1041 loquamur,
756 958 898 1022 eius
953 977 1149 1041 opera
1195 957 1457 1043 singula
1501 958 1723 1043 magni
1766 958 2114 1023 faciamus:
2176 979 2276 1022 re-

353 1042 463 1108 bus
524 1042 783 1109 afflictis
862 1041 944 1108 ad
1010 1045 1152 1109 eius
1217 1065 1407 1128 opem
1473 1044 1966 1129 confugiamus,
2033 1044 2113 1109 de
2180 1055 2277 1108 tot

356 1127 669 1210 tantisque
748 1129 892 1194 eins
953 1130 1023 1193 in
1092 1151 1209 1195 nos
1276 1130 1608 1197 beneficiis
1673 1131 1916 1214 gratias
1981 1149 2272 1214 agamus,

350 1236 418 1280 ao
451 1213 711 1279 tandem
748 1233 912 1297 pura
955 1224 1022 1280 et
1063 1215 1320 1282 sincera
1362 1227 1584 1281 mente
1629 1237 1870 1281 numen
1917 1216 2059 1281 eius
2103 1216 2278 1281 cola·

349 1321 502 1367 mus.
595 1301 705 1365 En
783 1321 947 1384 quae
1009 1302 1150 1366 Deo
1223 1300 1535 1366 debeatur
1599 1301 1842 1386 gloria:
1907 1302 1988 1367 de
2045 1322 2173 1383 qua
2217 1301 2273 1366 si

347 1388 482 1468 quis
534 1388 749 1455 sciens
785 1407 861 1451 ac
903 1386 1132 1451 volens
1176 1387 1279 1453 vel
1325 1387 1658 1452 tantillum
1703 1389 2078 1464 detraxerit,
2134 1408 2274 1453 cer-

346 1482 474 1537 tum
556 1483 659 1540 est
726 1469 1006 1537 ludibrio
1065 1481 1134 1537 et
1186 1475 1588 1557 contemptui
1648 1477 1938 1539 omnium
1998 1473 2273 1538 eandem

345 1557 520 1623 illum
568 1578 921 1641 exponere,
963 1557 1221 1641 Deique
1265 1560 1729 1642 promissiones
1772 1560 2136 1643 profanare,
2201 1579 2277 1623 ac

344 1643 566 1710 melius
639 1645 886 1710 homini
951 1644 1051 1710 illi
1115 1646 1173 1709 si
1240 1666 1573 1728 nunquam
1638 1656 1835 1711 natus
1901 1655 2074 1710 esset
2115 1645 2276 1723 fore,

342 1730 650 1813 quamdiu
722 1729 792 1794 in
869 1730 992 1795 hac
1058 1730 1418 1813 pertinacia
1474 1732 1854 1814 perstiterit.
1941 1729 2273 1811 Quamob-

340 1835 467 1880 rem
523 1838 599 1882 eo
650 1816 837 1881 nobis
894 1815 1275 1900 diligentius
1342 1817 1747 1895 cavendum,
1806 1837 1932 1899 quo
2001 1816 2270 1901 gravius

343 1899 438 1967 hic
480 1915 811 1985 peccatur,
857 1921 942 1966 ne
983 1901 1053 1966 in
1099 1903 1276 1968 istud
1320 1903 1572 1967 crimen
1615 1901 2124 1969 abominandum
2173 1901 2271 1965 vi-

339 1986 538 2053 olatae
597 1987 866 2053 divinae
923 1989 1301 2067 maiestatis,
1369 2000 1438 2054 et
1494 1987 1706 2054 laesae
1762 1989 1970 2071 ipsius
2027 1987 2275 2071 gloriae

339 2073 719 2139 incidamus.
807 2073 1025 2156 Atque
1096 2072 1259 2140 adeo
1325 2075 1679 2157 primariae
1751 2073 2091 2158 dignitatis
2152 2073 2274 2139 viri

339 2158 549 2224 sedulo
597 2159 713 2225 hic
756 2158 1345 2234 animadvertunto,
1411 2161 1679 2242 gravius
1720 2162 1896 2244 ipsos
1940 2159 2273 2237 iudicium,

339 2264 454 2327 quo
508 2246 729 2311 maior
788 2256 886 2311 est
928 2244 1219 2327 ipsorum
1266 2246 1568 2330 dignitas,
1614 2265 1915 2311 manere:
1983 2246 2108 2310 nisi
2154 2264 2272 2328 pro

335 2329 574 2397 viribus
641 2331 768 2397 Dei
827 2330 1101 2416 gloriam
1148 2352 1530 2414 promovere
1573 2331 1960 2397 studuerint.
2050 2329 2270 2411 Quare

334 2416 382 2480 si
436 2437 630 2499 reges
677 2438 751 2483 ac
797 2418 1126 2500 principes
1167 2438 1325 2483 suae
1368 2419 1658 2501 ipsorum
1704 2418 1951 2501 gloriae
1993 2416 2270 2481 studiosi

332 2512 492 2577 sunt,
537 2502 806 2586 sibique
848 2503 1066 2567 omnia
1108 2502 1304 2569 licere
1347 2504 1600 2583 volunt,
1645 2514 1841 2586 atque
1885 2523 1965 2567 ex
2002 2501 2272 2567 arbitrio

333 2608 398 2653 ac
453 2587 736 2653 libidine
793 2590 1014 2652 omnia
1056 2587 1284 2668 facere,
1343 2609 1419 2655 ac
1466 2589 1589 2653 Dei
1634 2588 1883 2673 gloriae
1928 2585 2272 2653 detrahere

334 2683 399 2737 ut
436 2673 557 2756 ipsi
602 2673 963 2752 excellant,
1007 2673 1065 2740 si
1102 2695 1327 2740 veram
1365 2674 1749 2759 religionem
1785 2674 1967 2739 flocci
2005 2675 2271 2751 faciunt,

333 2757 404 2823 de
458 2761 600 2826 Deo
656 2760 1093 2843 perfunctorie
1138 2768 1393 2826 tantum
1440 2760 1813 2843 loquuntur,
1870 2759 2277 2842 superstitio-

330 2846 510 2910 nibus
568 2845 947 2930 indulgent,
1007 2857 1203 2928 atque
1243 2844 1405 2911 adeo
1454 2845 1850 2929 blasphemis
1895 2847 2160 2911 vocibus
2203 2845 2269 2910 in

332 2929 533 2995 Deum
579 2932 977 3010 efferuntur,
1039 2942 1104 2995 et
1144 2932 1216 2995 in
1262 2932 1526 3015 quasvis
1570 2930 1790 2996 foedas
1835 2930 2138 2996 libidines
2177 2933 2271 2994 ef-

328 3015 719 3101 fervescunt,
762 3039 838 3085 ac
883 3017 1381 3083 scortationibus
1423 3016 1841 3101 polluuntur:
1887 3020 1941 3083 si
1988 3018 2272 3099 denique

333 3104 511 3186 aequi
570 3104 869 3185 rectique
924 3123 1146 3169 osores
1204 3114 1380 3182 sunt,
1439 3117 1690 3168 certum
1752 3112 1854 3168 est
1897 3104 2267 3187 proximum

334 3186 582 3254 illorum
620 3210 773 3255 esse
807 3207 1029 3255 casum
1065 3200 1133 3253 et
1163 3189 1525 3267 interitum,
1572 3210 1648 3255 ac
1685 3188 1954 3270 gloriam
1980 3190 2270 3270 ipsorum

334 3273 395 3337 in
449 3276 731 3340 exitium
778 3296 853 3341 ac
896 3274 1323 3358 ignominiam
1368 3275 1896 3353 convertendam,
1963 3285 2271 3358 tantoque

335 3361 532 3443 magis
586 3363 886 3443 ipsorum
928 3362 1270 3425 interitum
1316 3362 1709 3444 stupendum
1755 3361 1913 3441 fore,
1968 3381 2095 3443 quo
2141 3380 2272 3424 ma-

333 3444 424 3509 ior
463 3446 761 3531 dignitas
803 3447 1164 3512 exstiterat.
1252 3443 1346 3511 At
1389 3466 1546 3511 vero
1588 3447 1646 3513 si
1691 3459 1824 3511 tam
1861 3467 2085 3512 severe
2121 3466 2268 3511 cum

334 3530 464 3597 istis
501 3535 746 3615 agitur,
808 3551 1081 3615 quorum
1128 3541 1351 3596 tantus
1399 3531 1609 3597 honor
1653 3546 1810 3609 erat,
1858 3543 1931 3597 ut
1975 3553 2102 3596 non
2152 3531 2269 3595 ho·

332 3618 486 3698 nori,
553 3640 694 3684 non
750 3617 1022 3701 gloriae,
1081 3638 1212 3682 non
1257 3616 1561 3698 dignitati
1607 3630 1933 3702 parcatur,
1988 3617 2144 3701 quid
2189 3618 2272 3682 iis

332 3702 473 3781 flet,
553 3704 674 3788 qui
756 3702 908 3769 licet
971 3704 1262 3768 abiectae
1326 3701 1715 3769 conditionis
1785 3705 2270 3778 homunciones,

332 3785 445 3853 Dei
483 3801 712 3855 tamen
748 3790 1073 3855 maiestati
1115 3788 1356 3854 bellum
1396 3788 1680 3857 indicere
1719 3789 1888 3857 velle
1926 3787 2269 3856 videntur?

333 3870 547 3954 Quare
615 3878 816 3959 agite,
885 3874 1134 3941 viribus
1197 3875 1500 3941 omnibus
1565 3876 1634 3940 in
1701 3875 1826 3941 Dei
1881 3876 2158 3960 gloriam
2204 3884 2273 3939 et

330 3957 640 4026 honorem
691 3961 965 4038 collatis,
1025 3961 1151 4045 ipsi
1198 3960 1384 4026 nobis
1426 3981 1791 4036 caveamus,
1857 3974 2051 4044 atquo
2110 3960 2271 4025 adeo

332 4045 449 4110 Dei
494 4047 791 4112 nominis
832 4047 1098 4130 gloriae,
1164 4046 1452 4112 iustitiae
1496 4048 1944 4131 propagationi
1990 4049 2085 4111 sic
2132 4060 2270 4111 stu·

328 4128 612 4210 deamus,
676 4144 751 4198 ut
793 4133 933 4216 ipse
979 4152 1097 4216 pro
1139 4133 1278 4198 suis
1322 4153 1440 4197 nos
1481 4134 1759 4217 agnitos,
1818 4133 2067 4218 gloriae
2112 4152 2271 4197 suae

328 4221 495 4283 notis
554 4219 654 4285 sic
700 4217 1037 4302 insigniat,
1095 4230 1169 4283 ut
1211 4220 1420 4301 magis
1464 4238 1541 4284 ac
1585 4219 1797 4303 magis
1841 4220 2268 4303 glorificetur:

330 4324 569 4388 nosque
660 4305 967 4370 omnibus
1047 4324 1212 4388 quae
1290 4304 1612 4369 voluntati
1680 4307 1881 4387 ipsius
1946 4304 2271 4369 contraria

329 4404 478 4455 sunt
521 4390 926 4467 resistentes,
973 4390 1325 4475 diligenter
1366 4410 1715 4455 caveamus
1760 4411 1844 4455 ne
1890 4412 2122 4456 nomen
2167 4393 2266 4474 ip·

328 4477 456 4541 sius
528 4476 933 4543 contumelia
988 4475 1305 4541 laedatur.
1395 4476 1564 4540 Nam
1625 4497 1784 4541 sane
1843 4476 2265 4540 metuendum

328 4582 405 4626 ne
448 4562 504 4627 si
549 4562 946 4644 corruptelis
990 4574 1055 4626 et
1101 4560 1569 4644 pollutionibus
1614 4562 1839 4627 domos
1875 4582 1950 4627 ac
1988 4560 2267 4626 familias

326 4648 499 4714 infici
546 4659 775 4713 nostra
818 4647 1228 4731 indulgentia
1273 4648 1782 4730 permiserimus,
1828 4649 2076 4713 meritis
2121 4657 2265 4710 tan·

328 4731 468 4798 dem
531 4736 764 4817 poenis
808 4734 1187 4807 afficiamur,
1248 4745 1331 4808 et,
1389 4732 1559 4814 quod
1606 4736 1897 4798 minatur
1947 4735 2142 4812 Deus,
2186 4732 2267 4798 ab

325 4818 529 4902 ipsius
589 4818 784 4886 domo
842 4820 1064 4902 procul
1124 4819 1477 4884 eiiciamur.
1567 4817 1814 4884 Ooutra
1871 4818 2265 4898 sperandum

328 4924 462 4982 nos,
528 4906 661 4971 etsi
716 4906 939 4970 muudi
1002 4904 1283 4970 dedecus
1337 4904 1566 4984 simus,
1624 4918 1693 4968 et
1736 4926 1856 4988 pro
1902 4904 2268 4988 quisquiliis

326 5010 398 5055 ac
433 4992 886 5074 purgamentis
926 4990 1303 5068 habeamur,
1341 4989 1604 5055 tandem
1646 5005 1864 5055 tamen
1905 5013 1942 5054 a
1985 4991 2266 5055 Domino

326 5074 389 5140 in
446 5077 819 5143 libertatem
879 5075 1287 5156 asserendos,
1345 5096 1422 5141 ac
1465 5076 1673 5161 gloria
1717 5078 2113 5158 sempiterna
2157 5075 2269 5140 do·

2386 449 2809 526 tempestates
2868 444 3293 528 imperterriti
3358 444 3608 510 cultum
3665 444 3764 510 illi
3821 443 4045 522 debim
4105 474 4264 543 offe·

2386 550 2628 594 ramus.
2718 529 2937 612 Atque
2982 530 3090 597 hie
3133 530 3427 595 omnium
3473 530 3788 596 bonorum
3834 531 3991 614 quib
4034 568 4073 612 a
4107 553 4253 632 Deo

2383 614 2675 700 quotidie
2737 616 3153 682 cumulamur
3217 618 3368 681 finis
3435 627 3553 696 est,
3641 626 3715 681 ut
3782 616 3971 700 gloria
4037 635 4243 718 ipsius

2383 709 2775 785 quaerentes
2858 722 3102 768 novum
3165 716 3629 787 argumentum
3687 703 3829 768 eius
3890 703 4019 779 lats
4077 746 4226 803 cum

2381 787 2630 852 laetitia
2674 786 3090 871 praedicandi
3137 808 3212 853 ac
3257 788 3627 854 celebrandi
3672 787 3970 874 habeam!

2551 872 2691 939 Nos
2734 874 2952 958 itaque
2997 874 3324 959 supplices
3368 884 3488 940 etc.

2979 1165 3108 1247 H(
3116 1165 3482 1249 >MILIA
3525 1166 3718 1248 XII.

2552 1337 2655 1402 31.
2717 1335 2877 1402 Ecce
2931 1335 3074 1402 dies
3128 1337 3398 1419 veniunt,
3474 1340 3530 1402 et
3578 1336 3945 1417 praecidam
3963 1350 4155 1434 :mum

2379 1427 2576 1503 tuum,
2620 1428 2676 1488 et
2719 1420 3041 1487 brachium
3083 1423 3302 1490 domus
3332 1423 3552 1505 patris
3591 1424 3705 1500 tui,
3749 1427 3821 1487 ut
3863 1442 4148 1518 ”⁰ssenex

2379 1509 2448 1573 in
2527 1508 2705 1573 domo
2781 1512 2911 1572 tua.
2998 1507 3102 1574 32.
3186 1506 3275 1572 Et
3335 1507 3572 1574 videbis
3634 1508 4002 1587 aemulum„
4066 1537 4136 1604 ὑ,

2378 1594 2616 1676 templa
2659 1596 2731 1659 in
2764 1595 3082 1660 universis
3113 1596 3443 1675 prosperis
3465 1591 3704 1658 Israe‘l:
3747 1600 3801 1658 et
3834 1615 4131 1688 nonem

2379 1682 2450 1745 in
2500 1681 2683 1746 domo
2738 1685 2850 1744 tua
2907 1679 3194 1745 omnibus
3233 1679 3470 1745 diebus.
3556 1677 3661 1743 33.
3723 1678 3968 1748 Verumt
3991 1719 4114 1774 non

2379 1767 2674 1847 auferam
2703 1768 2969 1847 penitus
3023 1767 3237 1831 virum
3294 1784 3370 1829 ex
3425 1771 3482 1830 te
3526 1763 3604 1829 ab
3649 1765 3841 1830 altari
3885 1782 4002 1848 ma
4037 1800 4110 1858 ut

2379 1852 2677 1933 deficiant
2743 1851 2906 1917 oculi
2970 1852 3087 1932 tui,
3152 1856 3208 1916 et
3262 1849 3531 1916 tabescat
3585 1852 3807 1915 anima
3856 1857 4103 1945 tuam„

2379 1957 2610 2021 mayna
2651 1937 2873 2003 domus
2910 1940 3052 2001 tuae
3096 1937 3398 2002 morietur
3440 1957 3630 2019 quum
3667 1937 3752 2003 ad
3784 1936 4092 2030 ”²⁶⁷5th

2383 2024 2635 2087 venerit.
2724 2021 2830 2089 34.
2893 2021 3028 2088 Hoc
3082 2027 3288 2087 autem
3342 2023 3462 2087 erit
3517 2020 3631 2087 tibi
3671 2022 3927 2105 siynum
3965 2059 4079 2112 m

2380 2114 2592 2175 turum
2637 2115 2729 2173 est
2769 2107 3013 2174 duobus
3049 2108 3210 2191 filiis
3251 2108 3382 2173 tuis
3430 2106 3637 2189 Oplmi
3678 2115 3735 2173 et
3770 2106 4073 2200 Phi'ffldie

2377 2215 2503 2260 uno
2561 2194 2902 2259 morientur
2962 2193 3161 2259 ambo.
3248 2193 3354 2259 35.
3412 2192 3502 2258 Et
3556 2194 3865 2259 suscitabo
3918 2211 4056 2281 atr,

2376 2282 2575 2346 dotem
2611 2279 2872 2361 fidetem,
2927 2281 3038 2362 qui
3080 2281 3263 2345 iuxta
3305 2299 3408 2345 cor
3449 2299 3654 2344 meum
3698 2283 3754 2343 et
3793 2281 4046 2370 am‘m,m

2371 2366 2590 2448 faciet.-
2649 2370 2706 2430 et
2756 2365 3094 2447 aedificabo
3153 2366 3212 2431 ei
3266 2365 3520 2431 domum
3568 2364 3833 2450 fidelem,
3888 2369 3944 2430 et
3969 2381 4043 2455 ῥα

2374 2472 2585 2518 coram
2649 2450 2895 2517 Christo
2938 2471 3069 2516 meo
3103 2452 3341 2516 cunctis
3372 2449 3604 2516 diebus.
3692 2451 3797 2516 36.
3859 2449 4034 2540 Fau-2

2376 2542 2586 2603 autem
2641 2542 2714 2601 ut
2768 2538 3116 2619 quicunque
3171 2538 3547 2602 remanserit
3586 2536 3658 2601 in
3699 2538 3878 2603 dorna
3930 2544 3954 2603 t
3994 2566 4022 2624 t

2376 2628 2447 2688 ut
2487 2624 2769 2688 incurvet
2808 2642 2876 2688 se
2916 2623 2978 2687 ei
3008 2627 3231 2704 petens
3269 2642 3610 2705 nummum,
3653 2627 3712 2688 et

2376 2709 2661 2790 dicatque
2676 2732 2696 2773 .·
2785 2707 3051 2774 Dimitte
3119 2728 3233 2784 me,
3327 2706 3590 2787 obsecra,
3677 2708 3765 2773 ad
3825 2697 4006 2798 unat}

2376 2793 2834 2874 sacer-dotabat,
2889 2799 2960 2860 ut
3002 2794 3310 2860 comedam
3352 2792 3678 2860 buccellam
3714 2795 3930 2877 pani-3.

2549 2930 2881 2996 Hesterna
2957 2931 3265 2998 concione
3323 2930 3892 2996 comminationem
3950 2932 3976 2996 i

2378 3016 2539 3081 mini
2599 3016 2994 3094 audivimus,
3053 3038 3181 3100 qua
3224 3015 3630 3101 spoliandum
3677 3016 3978 3084 sacerdot

2378 3113 2513 3166 tate
2559 3112 2693 3166 tam
2739 3101 2915 3183 Heli,
2961 3122 3156 3185 quam
3200 3103 3408 3186 ipsius
3453 3114 3743 3186 posteros
3778 3102 3978 3170 Domi

2379 3188 2667 3252 minatus
2753 3188 2966 3254 fuerit.
3056 3187 3310 3271 Nempe
3388 3187 3559 3272 quod
3629 3210 3829 3271 quum
3895 3195 3980 3256 sal

2380 3273 2722 3358 dignitatis
2780 3274 2887 3338 hic
2930 3284 3105 3340 esset
3148 3276 3319 3354 finis,
3384 3284 3463 3339 ut
3506 3272 3652 3339 Deo
3696 3274 3980 3339 debitus*

2377 3359 2582 3424 honos
2642 3358 3057 3425 redderetur:
3119 3359 3275 3424 Heli
3332 3380 3492 3425 vero
3537 3360 3740 3425 nimia
3781 3362 3850 3426 in
3895 3353 3983 3432 fill

2375 3447 2600 3531 gentia
2641 3444 2977 3525 effecisset,
3022 3457 3099 3510 ut
3142 3444 3272 3511 Dei
3317 3445 3533 3511 cultus
3568 3445 3742 3529 apud
3783 3444 3984 3530 popul

2377 3541 2573 3605 ceret,
2618 3542 2684 3596 et
2728 3532 2793 3595 in
2839 3544 3285 3614 contemptum
3333 3532 3608 3607 veniret,
3668 3544 3861 3616 atque
3905 3547 3983 3610 ou

2381 3616 2712 3682 sanatione
2756 3627 2823 3682 et
2865 3617 3246 3683 confusione
3294 3616 3490 3699 plena
3532 3627 3772 3700 essent,
3831 3623 3984 3714 aeqq

2379 3724 2457 3768 ea
2516 3702 2839 3787 dignitate
2882 3705 3126 3786 privari
3171 3715 3239 3768 et
3280 3702 3569 3787 spoliari,
3614 3724 3830 3787 quam.
3888 3724 3985 3787 qut

2378 3810 2448 3854 se
2507 3802 2670 3868 erat,
2732 3788 3259 3861 dedecoraverat,
3304 3808 3380 3854 ac
3424 3809 3500 3852 ea
3545 3789 3821 3871 proinde
3862 3789 3984 3860 ind

2379 3873 2746 3956 praebebat.
2836 3875 2978 3939 Iam
3046 3895 3201 3941 vero
3246 3874 3459 3959 pergit
3502 3893 3542 3937 a
3589 3875 3729 3941 Deo
3772 3877 3986 3950 missu}

2377 3959 2490 4025 lim
2541 3960 2876 4044 propheta,
2921 3960 3256 4044 speciatim
3304 3959 3553 4036 docere,
3610 3962 3848 4044 quibus
3891 3962 3955 4026 Η

2376 4066 2413 4111 a
2474 4045 2615 4111 Deo
2658 4065 2805 4111 cum
2852 4059 2987 4111 tota
3034 4048 3414 4129 posteritate
3456 4046 3545 4110 sit
3589 4046 3881 4114 affectus.

2377 4151 2503 4214 que
2546 4131 2871 4197 brachium
2913 4132 3014 4198 iai
3071 4131 3559 4212 amputandum.-
3623 4133 3690 4196 id
3729 4144 3829 4198 est
3886 4153 3919 4195 r

2374 4217 2922 4295 exscindendam,
3018 4217 3460 4299 metaphorica
3561 4218 3944 4301 loquutione

2374 4305 2788 4368 autoritatem
2851 4303 3033 4368 illam
3093 4323 3286 4385 quam
3347 4303 3642 4386 patribus
3699 4305 3907 4388 ipsius

2373 4388 2653 4473 largitus
2710 4402 2884 4454 erat:
2939 4395 2997 4455 et
3053 4387 3375 4454 brachium
3427 4389 3651 4456 domus
3693 4391 3913 4471 patris

2373 4488 2472 4539 est
2530 4474 2948 4540 auferendam
3006 4474 3471 4540 sacerdotalem
3523 4476 3931 4560 dignitatem,

2373 4561 2514 4625 eius
2561 4561 2870 4625 familiam
2917 4563 2983 4625 in
3031 4572 3474 4643 contemptum
3515 4577 3879 4641 venturam,
3923 4581 3960 4623 a

2372 4648 2664 4711 omnium
2748 4646 3225 4729 exponendam.
3318 4644 3574 4711 Deinde
3639 4650 3898 4730 signum

2371 4733 2988 4798 comminationibus
3032 4730 3392 4798 faciendam
3437 4732 3676 4808 adiicit,
3722 4732 3882 4797 duos
3918 4731 3959 4795 il

2373 4818 2515 4903 gios
2561 4819 2804 4885 scilicet
2842 4821 3212 4884 sacerdotes
3249 4828 3317 4882 et
3352 4819 3570 4899 populi
3613 4829 3894 4883 rectores

2373 4924 2652 4987 quorum
2712 4905 2958 4988 rapinis
3002 4917 3067 4969 et
3110 4905 3614 4968 scortationibus
3658 4905 3870 4987 ipsum

2377 4990 2683 5055 naculum
2734 4993 2945 5056 fuerat
2989 4990 3428 5075 profanatum,
3505 5009 3635 5052 una
3694 4988 3894 5053 simul

2373 5085 2575 5142 turos.
2664 5078 2888 5142 Tertio
2954 5076 3137 5141 addit
3204 5073 3409 5138 Deum
3471 5073 3599 5138 sibi
3646 5073 3896 5156 fidelem

326 5160 596 5242 nandos,
667 5182 869 5248 eaque
927 5163 1298 5231 constantia
1351 5175 1428 5226 ut
1481 5163 1796 5230 adversus
1851 5182 2269 5246 quascunque
2372 5163 2878 5229 suscitaturum:
2924 5183 3114 5246 porro
3158 5158 3418 5225 fidelem
3455 5158 3772 5245 intellige,
3817 5160 3920 5226 vel
3947 5159 3985 5278 ³¹

3951 5289 3984 5504 ‘1'
