5059 6059
871 303 995 369 291

875 490 1243 557 inducendo
1289 510 1329 554 a
1374 485 1610 571 quibus
1654 486 1889 552 structi
1936 486 2225 550 fuerant:
2271 486 2818 568 quemadmodum

879 585 948 644 et
990 577 1117 641 alio
1152 575 1292 640 loco
1336 574 1406 638 in
1446 572 1728 638 Psalmis
1767 570 2090 656 propheta
2124 568 2298 648 dicit,
2342 571 2577 655 impios
2616 574 2821 638 fossas

879 663 1120 728 multas
1184 672 1582 726 excavantes
1647 669 1712 722 et
1778 660 2040 741 laqueos
2106 667 2460 737 nectentes,
2541 658 2610 722 in
2675 658 2820 722 illos

880 748 1130 814 dandos
1188 767 1332 812 esse
1388 744 1798 828 praecipites,
1858 764 2116 808 summa
2159 764 2305 808 cum
2353 743 2714 827 ignominia
2757 755 2823 810 et

878 834 1270 901 confusione.
1359 832 1570 895 Porro
1617 827 1832 894 David
1876 849 2008 893 non
2054 839 2502 895 commovetur
2546 831 2819 895 istorum

878 940 1196 994 sermone.
1243 937 1456 1000 neque
1499 916 1592 980 illi
1639 915 1769 981 tale
1803 916 2289 980 matrimonium
2329 916 2662 1000 probatur,
2706 915 2819 981 sed

877 1012 1332 1090 paupertatem
1412 1003 1757 1086 gentisque
1823 1020 1898 1065 ac
1979 1000 2262 1064 familiae
2342 1001 2819 1085 ignobilitatem

879 1091 1120 1168 obiicit,
1177 1109 1343 1174 qnae
1399 1090 1610 1171 ipsum
1673 1107 1714 1152 a
1772 1086 1888 1151 tali
1933 1085 2255 1170 dignitate
2314 1087 2541 1169 procul
2586 1095 2820 1165 arceat,

881 1177 1041 1243 satis
1105 1174 1402 1243 conscius
1469 1172 1765 1256 repulsae
1831 1193 2020 1254 quam
2089 1180 2232 1236 erat
2284 1171 2417 1237 iam
2476 1174 2542 1238 in
2605 1174 2823 1256 priore

881 1263 1020 1328 filia
1071 1281 1320 1345 passus.
1411 1261 1509 1324 Ac
1566 1279 1725 1323 sane
1778 1257 2137 1322 verisimile
2195 1267 2296 1322 est
2340 1258 2665 1324 Davidem
2722 1279 2822 1322 re-

882 1347 1137 1431 pulsam
1183 1366 1443 1430 passnm
1491 1342 1798 1409 abiecisse
1842 1345 2131 1408 animum
2179 1353 2248 1408 et
2291 1366 2331 1407 a
2365 1346 2612 1428 nuptiis
2648 1346 2822 1410 filiae

882 1435 1061 1518 regis
1104 1432 1470 1507 abstulisse,
1518 1441 1583 1495 et
1618 1430 1782 1494 tales
1816 1428 2096 1494 honores
2131 1430 2316 1495 flocci
2351 1431 2609 1512 fecisse;
2654 1451 2821 1514 quae

883 1540 1043 1585 sane
1087 1519 1210 1582 fnit
1253 1516 1534 1599 insignis
1576 1513 1855 1580 Davidis
1901 1516 2131 1580 virtus.
2219 1515 2390 1580 Nam
2434 1516 2597 1583 alias
2641 1516 2819 1582 vide-

886 1626 1034 1670 mus
1070 1623 1198 1687 quo
1243 1603 1464 1667 studio
1510 1601 1894 1684 plerumque
1937 1611 2322 1666 exaestuant
2363 1601 2636 1685 ignobili
2680 1602 2822 1667 loco

884 1702 950 1755 et
984 1710 1272 1774 paupere
1307 1689 1470 1765 nati,
1516 1688 1570 1751 si
1606 1706 1719 1770 spe
1757 1686 2097 1769 dignitatis
2135 1688 2468 1751 excidant:
2514 1697 2581 1752 et
2617 1710 2822 1771 quan-

885 1784 1110 1858 topere
1155 1775 1291 1839 suis
1337 1772 1677 1839 affectibus
1712 1772 2113 1855 indulgeant,
2159 1782 2235 1836 ut
2269 1792 2643 1855 quanquam
2681 1773 2821 1838 ani-

883 1859 1303 1926 madvertant
1369 1859 1587 1923 Deum
1669 1860 1959 1941 ipsorum
2044 1857 2314 1923 consilia
2381 1860 2685 1943 frangere
2757 1869 2823 1923 et

887 1947 1146 2012 irritum
1204 1945 1495 2011 laborem
1552 1944 1785 2023 facere,
1846 1965 1976 2007 non
2038 1953 2259 2008 tamen
2303 1944 2607 2009 desinant
2650 1944 2821 2029 quod

886 2035 1105 2097 animo
1150 2030 1352 2096 semel
1399 2039 1829 2112 susceperunt
1875 2031 2205 2112 persequi:
2254 2039 2319 2094 et
2360 2030 2823 2113 cupiditatibus

887 2118 1210 2183 dominari
1271 2128 1631 2199 nequeant,
1685 2135 1896 2197 neque
1958 2114 2299 2179 affectibus
2344 2116 2699 2196 moderari;
2757 2126 2825 2181 et

886 2204 943 2268 si
990 2204 1111 2269 hac
1157 2224 1288 2267 non
1334 2201 1644 2267 successit
1689 2201 1815 2265 alia
1851 2201 2320 2284 aggrediantur
2357 2202 2485 2279 via,
2531 2213 2606 2267 ut
2640 2204 2821 2286 quasi

885 2288 1031 2354 Deo
1089 2289 1303 2354 invito
1348 2288 1555 2353 velint
1594 2286 1673 2349 ad
1721 2287 2052 2364 fastigium
2097 2308 2223 2370 quo
2273 2288 2551 2352 tendunt
2595 2310 2820 2371 perve-

886 2374 1051 2440 nire.
1142 2374 1392 2439 Verum
1439 2372 1806 2438 istiusmodi
1852 2371 2149 2438 homines
2194 2374 2442 2438 frustra
2486 2395 2628 2439 sese
2672 2374 2819 2439 fati-

887 2470 1065 2544 gant,
1113 2470 1176 2524 et
1222 2460 1459 2523 multos
1501 2458 1572 2522 in
1616 2478 1862 2523 vanum
1908 2458 2161 2523 labores
2205 2459 2592 2541 suscipiunt,
2649 2458 2819 2543 quod

887 2566 1102 2628 neque
1164 2546 1299 2609 suis
1355 2544 1693 2608 affectibus
1748 2543 2094 2624 moderari,
2163 2565 2374 2628 neque
2416 2568 2486 2610 se
2535 2544 2660 2610 Dei
2706 2568 2817 2610 vo·

886 2631 1125 2696 luntati
1188 2629 1503 2695 subiicere
1571 2630 1839 2711 possint.
1943 2629 2123 2696 Hinc
2187 2631 2408 2713 itaque
2474 2630 2819 2709 discamus,

886 2716 1031 2781 Deo
1085 2737 1214 2780 non
1276 2715 1695 2798 permittente
1750 2724 1829 2779 ut
1870 2715 2010 2780 voti
2053 2715 2348 2795 alicuius,
2405 2715 2579 2799 quod
2623 2719 2818 2782 etiam

890 2803 1074 2867 bonis
1118 2800 1479 2866 rationibus
1524 2801 1873 2881 nitebatur,
1916 2800 2155 2866 fiamus
2199 2812 2551 2885 compotes,
2610 2805 2821 2886 quies-

885 2906 1049 2965 cere,
1086 2895 1549 2970 cognoscentes
1573 2885 1787 2951 Deum
1829 2886 2007 2951 nolle
2041 2907 2162 2952 nos
2187 2887 2464 2954 ulterius
2485 2889 2818 2975 progredi:

885 2993 1088 3057 quare
1147 2972 1406 3054 incepto
1450 2971 1856 3052 desistamus,
1922 2983 1988 3037 et
2050 2972 2294 3038 nostris
2359 2974 2820 3057 cupiditatibus

885 3058 1326 3125 resistendum
1374 3063 1684 3134 norimus,
1732 3068 1799 3121 et
1831 3078 1942 3122 eas
1981 3057 2355 3138 domandas,
2403 3071 2479 3124 ut
2515 3061 2660 3126 Deo
2706 3082 2823 3126 nos

883 3155 1116 3229 sponte
1174 3144 1613 3222 subiiciamus,
1672 3153 1739 3208 et
1795 3143 1875 3207 ad
1932 3144 2137 3227 ipsius
2177 3144 2519 3210 arbitrium
2568 3156 2823 3230 compo-

883 3251 1137 3295 namus.
1226 3230 1446 3294 Huius
1493 3230 1586 3294 rei
1623 3229 1995 3313 exemplum
2040 3240 2144 3293 est
2190 3229 2426 3309 David,
2470 3233 2582 3315 qui
2619 3253 2819 3316 quum

883 3316 966 3382 ad
1026 3316 1207 3381 filiae
1261 3317 1433 3398 regis
1499 3316 1763 3397 nuptias
1828 3316 2118 3379 animum
2187 3316 2625 3400 applicuisset,
2691 3339 2820 3383 non

887 3402 1150 3485 quidem
1198 3422 1339 3466 sese
1383 3401 1555 3465 ultro
1601 3403 1926 3484 ingerens,
1989 3400 2102 3464 sed
2148 3401 2319 3466 ultro
2365 3424 2404 3467 a
2460 3424 2616 3487 rege
2675 3425 2823 3487 pro·

885 3490 1085 3552 missa
1129 3488 1250 3569 ipsi
1298 3486 1449 3567 filia,
1506 3496 1573 3551 et
1618 3486 1762 3568 ipsa
1816 3486 2014 3550 etiam
2052 3486 2549 3571 desponsatione
2592 3492 2827 3556 confir-

887 3583 1086 3655 mata,
1130 3573 1560 3637 nihilominus
1596 3584 1813 3636 tamen
1852 3572 2182 3655 repulsam
2219 3593 2447 3656 passus
2484 3587 2601 3640 est.
2648 3574 2823 3657 Quid

887 3657 1000 3722 ille
1062 3657 1262 3722 vero?
1330 3658 1470 3722 Nae
1530 3657 1916 3741 denegatam
1981 3660 2122 3723 iure
2179 3669 2434 3742 poterat
2478 3682 2597 3726 sno
2644 3682 2825 3744 repe-

888 3753 1059 3808 tere:
1117 3741 1229 3807 sed
1277 3744 1346 3807 in
1393 3764 1558 3826 quas
1600 3764 1671 3809 se
1717 3743 2132 3809 difficultates
2178 3747 2603 3811 coniecisset?
2663 3768 2826 3830 quas

890 3849 1113 3894 cruces
1156 3827 1280 3893 sibi
1328 3827 1626 3893 fixisset?
1682 3850 1845 3913 quos
1889 3829 2150 3910 inferos,
2195 3851 2359 3914 quas
2403 3832 2607 3897 furias
2650 3833 2827 3898 exci-

888 3912 1140 3979 tasset?
1189 3912 1319 3980 Sed
1362 3934 1605 3996 magna
1649 3914 1719 3978 in
1764 3914 1879 3978 illo
1924 3917 2134 3980 virtus
2177 3917 2418 3982 multas
2454 3930 2520 3981 et
2556 3939 2828 4002 magnas

889 3998 1312 4065 difficultates
1357 4002 1708 4081 superavit.
1798 3999 2150 4080 Quiescere
2209 4003 2438 4067 maluit
2491 4025 2685 4088 quam
2733 4016 2829 4068 tot

887 4085 1218 4150 laboribus
1290 4086 1397 4149 ius
1471 4106 1659 4150 suum
1729 4085 2070 4152 redimere.
2169 4086 2395 4168 Quare
2461 4110 2828 4155 sermonem

888 4170 1332 4235 iniioientibus
1377 4170 1459 4234 de
1501 4170 1707 4234 altera
1752 4172 1904 4250 filia,
1952 4184 2402 4257 paupertatem
2449 4197 2633 4241 suam
2671 4175 2830 4241 obii-

898 4259 1007 4334 cit,
1063 4265 1131 4320 et
1175 4255 1389 4341 gentis
1433 4256 1929 4339 ignobilitatem,
1988 4278 2064 4323 ac
2103 4261 2278 4323 vitae
2322 4261 2634 4342 pristinae
2678 4283 2830 4327 con-

899 4343 1232 4420 ditionem,
1305 4361 1435 4424 qua
1500 4363 1571 4407 se
1635 4352 2014 4408 contentum
2080 4345 2173 4409 ait
2237 4345 2432 4411 malle
2497 4348 2827 4431 privatum

898 4430 1145 4507 vivere,
1190 4438 1256 4493 et
1299 4427 1380 4493 ad
1425 4427 1649 4492 ovium
1686 4440 1870 4510 septa
1913 4428 2149 4510 redire,
2193 4451 2386 4513 quam
2423 4433 2596 4515 regis
2631 4433 2830 4498 filiam

895 4514 1209 4666 {mbiff'b
1227 4523 1302 4613 et
1351 4533 1499 4580 cum
1547 4521 1923 4597 contemptu
1967 4516 2296 4598 repulsam
2343 4517 2496 4599 pati,
2556 4526 2623 4582 et
2666 4518 2832 4583 ludi-

940 4621 1037 4665 rio
1127 4621 1167 4665 a
1211 4620 1326 4665 eri.

1068 4686 1277 4750 Porro
1317 4685 1481 4751 Saul
1543 4684 1766 4750 audito
1810 4684 2092 4751 Davidis
2131 4707 2440 4769 responso
2478 4689 2675 4754 iussit
2716 4710 2835 4772 per

893 4771 1347 4837 internuncios
1391 4771 1538 4836 illos
1583 4771 1709 4853 ipsi
1750 4771 2001 4851 referri,
2061 4792 2281 4857 regem
2339 4772 2587 4839 nullam
2634 4775 2828 4840 aliam

893 4877 1164 4940 poscere
1225 4855 1440 4921 dotem
1500 4877 1693 4939 qnam
1741 4867 2004 4922 centum
2051 4858 2398 4924 interficiat
2442 4859 2833 4927 Philistaeos

895 4963 1176 5026 quorum
1223 4942 1304 5006 ad
1351 4963 1571 5026 regem
1617 4942 1785 5006 ferat
1826 4943 2186 5025 praeputia.
2253 4943 2387 5009 Sed
2431 4945 2833 5029 impossibile

892 5026 1074 5093 istud
1134 5026 1381 5092 Davidi
1438 5029 1577 5092 fore
1630 5028 2063 5107 existimabat,
2130 5039 2198 5094 et
2250 5042 2465 5095 tamen
2524 5033 2831 5114 quoniam

892 5113 1082 5178 fortis
1126 5123 1267 5178 erat
1312 5122 1379 5177 et
1418 5115 1879 5197 magnanimus
1920 5135 2060 5179 rem
2098 5136 2584 5200 aggressurum,
2630 5127 2697 5183 et
2741 5119 2831 5184 ita

889 5198 965 5264 in
1000 5197 1510 5264 Philistaeornm
1548 5208 1929 5283 potestatem
1965 5209 2322 5267 venturum
2347 5221 2422 5266 ac
2445 5203 2828 5286 periturum.

2510 297 2922 365 HOMILIA
2967 293 3228 362 LXIX.

4678 303 4767 369 292

2922 485 3110 550 Haec
3154 482 3378 550 Saulis
3435 482 3705 548 fuerunt
3761 482 4052 564 consilia,
4110 484 4350 569 quibus
4402 487 4682 556 Davidem
4724 496 4769 558 in

2921 569 3284 654 periculum
3332 569 3560 634 mortis
3604 570 3923 634 coniicere
3960 571 4234 652 volebat,
4276 575 4552 656 specioso
4581 578 4770 659 quidem

2923 667 3291 740 praetextu,
3347 654 3458 719 sed
3505 654 3726 721 doloso
3785 666 4027 721 tamen.
4110 659 4662 728 Verumenimvero
4709 687 4775 730 se-

2923 762 3071 809 cum
3131 742 3252 806 has
3313 742 3601 806 rationes
3672 742 3913 807 frustra
3979 742 4264 826 deputat,
4328 747 4772 830 qnandoquidem

2922 828 3107 894 Deus
3162 848 3362 910 penes
3422 849 3491 892 se
3547 827 3963 893 consiliorum
4015 829 4289 895 istorum
4330 832 4573 897 exitum
4609 838 4778 900 retine-

2925 913 3072 978 bat:
3116 913 3295 978 solus
3341 913 3515 977 enim
3561 933 3678 995 pro
3722 914 3991 979 arbitrio
4034 918 4204 998 regit
4246 930 4310 981 et
4355 918 4653 1000 gubernat
4686 941 4779 984 om-

2925 1000 3055 1065 nia.
3143 998 3396 1064 Idcirco
3462 1000 3655 1063 etiam
3727 997 4038 1065 Solomon
4107 1002 4265 1068 dicit
4330 1002 4615 1070 homines
4664 1006 4781 1071 inire

2925 1085 3136 1149 multa
3178 1085 3466 1158 consilia,
3513 1083 3625 1149 sed
3671 1085 3887 1150 Deum
3931 1086 4044 1151 illa
4089 1086 4467 1171 disponere:
4506 1089 4647 1156 adeo
4681 1096 4783 1175 qui·

2926 1170 3072 1235 dem
3118 1179 3194 1235 ιιι
3236 1191 3363 1235 non
3410 1169 3602 1234 modo
3645 1171 3779 1235 sint
3823 1171 3934 1236 illa
3977 1172 4165 1238 irrita
4207 1176 4446 1254 omnia,
4502 1177 4607 1241 sed
4644 1182 4780 1243 etiam

2925 1265 3002 1321 ut
3045 1277 3130 1321 ne
3174 1256 3467 1340 linguam
3527 1256 3786 1339 quidem
3832 1277 4097 1323 movere
4139 1262 4411 1342 possint,
4472 1264 4605 1327 sine
4642 1264 4785 1347 ipsius

2925 1343 3280 1407 voluntate.
3327 1342 3794 1407 Verumtamen
3834 1362 3910 1409 ea
3951 1354 4052 1408 est
4096 1344 4437 1412 hominum
4483 1351 4785 1433 arrogantia

2924 1439 2990 1492 et
3047 1429 3401 1505 temeritas,
3463 1436 3535 1491 nt
3593 1426 3714 1492 sibi
3769 1428 4205 1511 persuadeant
4257 1452 4327 1496 se
4370 1433 4439 1497 in
4487 1456 4665 1499 manu
4703 1436 4787 1500 Dei

2925 1514 3283 1597 potentiam
3343 1512 3613 1578 habere:
3661 1515 3832 1596 quod
3878 1515 4109 1580 vitium
4172 1539 4297 1582 non
4346 1528 4599 1584 tantum
4632 1522 4689 1584 in
4723 1543 4789 1584 re·

2922 1600 3116 1684 gibus
3159 1610 3228 1664 et
3272 1598 3671 1683 principibus
3715 1600 3925 1665 locum
3975 1600 4193 1682 habet,
4236 1603 4348 1669 sed
4392 1624 4613 1671 omnes
4650 1606 4792 1671 etiam

2923 1688 3374 1767 cuiuscunque
3417 1686 3553 1750 sint
3595 1685 3841 1751 ordinis
3886 1696 3954 1750 et
3995 1687 4383 1755 conditionis
4432 1691 4796 1757 homincsin-

2926 1773 3116 1837 vasit.
3216 1772 3614 1837 Mercatores
3666 1773 3874 1837 maria
3931 1781 4215 1852 tranant,
4282 1776 4360 1839 ad
4428 1790 4798 1844 mereat-uram

2926 1855 3379 1933 exercendam,
3425 1857 3724 1937 diemque
3759 1857 4007 1923 reditus
4042 1860 4142 1924 sui
4189 1861 4434 1939 dicunt,
4481 1866 4652 1946 quasi
4681 1865 4799 1927 nihil

2926 1944 3099 2026 ipsos
3145 1953 3362 2025 posset
3403 1945 3733 2007 remorari.
3799 1944 3938 2009 Alii
3984 1944 4261 2028 denique
4304 1947 4383 2012 de
4436 1948 4559 2015 boc
4602 1949 4691 2013 vel
4723 1949 4802 2013 illo

2927 2029 3285 2112 disponunt
3342 2028 3615 2111 negotio,
3681 2041 3756 2093 ut
3808 2051 4001 2094 nemo
4060 2042 4191 2095 tam
4253 2033 4547 2099 abiectus
4588 2036 4682 2111 sit,
4729 2037 4803 2116 qui

2926 2136 3057 2179 non
3125 2114 3296 2196 quod
3364 2115 3581 2178 animo
3648 2116 3943 2199 concepit·
3996 2117 4176 2197 velit,
4246 2130 4559 2203 tanquam
4615 2122 4676 2185 in
4724 2141 4803 2184 suu

2925 2208 3247 2284 potestate
3276 2198 3492 2264 Deum
3535 2200 3821 2275 haberet,
3858 2204 4188 2284 perficere.
4236 2202 4364 2270 Sed
4404 2216 4633 2272 contra
4661 2208 4805 2271 etiam

2926 2297 3196 2369 apparet
3241 2285 3559 2367 quomodo
3602 2287 3789 2351 Deus
3835 2297 4077 2352 tantam
4128 2289 4468 2356 hominum
4518 2294 4803 2357 stultitiam

2926 2372 3163 2436 rideat:
3234 2371 3613 2452 praesertim
3673 2393 3868 2455 quum
3933 2395 4011 2438 ea
4075 2376 4341 2441 consilia
4400 2377 4632 2444 ineunt
4687 2398 4808 2462 quse

2923 2457 3077 2522 licet
3135 2456 3317 2521 Deus
3377 2458 3702 2540 improbat
3759 2469 3826 2523 et
3883 2458 4293 2540 condemnat,
4350 2463 4589 2529 volunt
4640 2476 4805 2529 tamen

2923 2544 3249 2626 perficere.
3338 2542 3508 2607 Nam
3567 2543 4089 2627 quandoquidem
4148 2546 4468 2614 adversus
4514 2552 4710 2634 ipsum
4744 2550 4811 2613 in-

2924 2640 3228 2713 surgunt,
3276 2628 3454 2711 quid,
3499 2649 3757 2711 quaeso,
3802 2631 4070 2695 tandem
4116 2634 4650 2716 promovebunt?
4691 2635 4811 2700 Con·

2924 2716 3219 2797 spiounm
3277 2710 3454 2780 istud
3512 2716 3813 2797 exemplo
3867 2713 4105 2796 Saulis,
4164 2721 4272 2802 qui
4329 2730 4407 2785 ut
4453 2722 4612 2805 dixi,
4660 2741 4809 2805 quum

2923 2821 3142 2867 secum
3179 2821 3331 2866 suas
3374 2800 3659 2866 rationes
3717 2801 3932 2882 iniret,
3992 2812 4059 2867 et
4100 2805 4230 2869 iam
4275 2819 4581 2890 speraret
4621 2829 4683 2872 se
4718 2806 4812 2869 Da·

2923 2886 3139 2950 videm
3187 2887 3255 2950 in
3292 2894 3583 2966 apertam
3621 2895 3894 2952 mortem
3931 2891 4298 2965 coniecisse.
4343 2906 4418 2957 et
4454 2894 4811 2959 innocentem

2925 2972 3247 3049 obruisse,
3302 2970 3565 3053 Deique
3609 2972 3885 3055 gratiam
3947 2994 4114 3056 quae
4156 2977 4227 3041 in
4271 2975 4545 3044 Davide
4587 2981 4815 3044 maxime

2926 3056 3324 3140 splendebat,
3371 3064 3446 3122 ut
3489 3067 3642 3122 ante
3686 3058 3972 3125 vidimus
4007 3068 4075 3125 ot
4118 3061 4289 3126 infra
4324 3066 4535 3129 etiam
4570 3063 4814 3151 pluribus

2927 3143 3314 3222 videbimus,
3358 3142 3738 3224 abolevisse,
3800 3142 4116 3212 diabolico
4170 3168 4331 3212 sane
4376 3151 4605 3216 furore
4646 3164 4704 3214 et
4736 3171 4816 3214 au·

2929 3229 3113 3295 dacia
3169 3229 3454 3312 percitus
3513 3230 3579 3293 in
3643 3230 3856 3313 ipsum
3913 3230 4131 3297 Deum
4190 3232 4561 3317 ferebatur,
4623 3236 4816 3318 sibique

2926 3315 3091 3380 nihil
3149 3314 3616 3395 impedimento
3678 3317 3812 3380 fore
3858 3318 4207 3400 quominus
4252 3321 4567 3403 impleret
4607 3321 4819 3386 consilia

2926 3399 3362 3466 existimabat.
3414 3403 3504 3464 At
3547 3400 3739 3484 longe
3779 3422 3899 3467 sna
3943 3404 4246 3486 opinione
4282 3405 4605 3491 deceptus
4644 3418 4744 3485 est,
4774 3418 4817 3467 et

2922 3487 2995 3551 in
3041 3485 3447 3552 contrarium
3493 3487 3618 3570 ipsi
3665 3488 3935 3553 consilia
3982 3510 4171 3555 versa
4214 3504 4391 3558 sunt.
4472 3493 4614 3560 Nos
4653 3495 4820 3574 itaque

2927 3572 3255 3638 discamus
3299 3592 3425 3636 non
3474 3572 3700 3656 decipi,
3746 3583 3815 3638 et
3858 3595 3991 3639 non
4029 3574 4373 3660 indulgere
4413 3579 4603 3644 vitiis
4637 3576 4821 3663 nostris

2927 3666 2993 3722 et
3034 3658 3529 3740 cupiditatibus:
3588 3659 3701 3724 sed
3746 3660 3816 3724 in
3861 3660 4076 3726 Deum
4130 3672 4195 3727 et
4238 3664 4455 3745 ipsius
4500 3664 4820 3749 promissio·

2927 3765 3047 3809 nes
3089 3764 3271 3825 spem
3316 3744 3652 3822 coniicere,
3697 3752 3765 3810 et
3808 3746 4031 3827 procul
4080 3770 4119 3813 a
4162 3750 4349 3814 nobis
4398 3750 4711 3834 quidquid
4745 3750 4824 3812 ho·

2930 3830 3141 3894 mines
3176 3830 3710 3912 imaginabuntur
3753 3832 4037 3899 reiicere.
4081 3833 4210 3899 Dei
4254 3856 4421 3899 vero
4459 3846 4639 3902 certo
4678 3833 4821 3900 fastis

2928 3914 3115 3980 nobis
3159 3914 3691 3996 promissionibus
3734 3917 4029 3997 fidamus,
4074 3919 4287 4002 ipsum
4324 3932 4568 3988 nostra
4608 3920 4823 3988 consili:

2928 4010 2995 4066 et
3049 4011 3321 4066 conatus
3363 4002 3889 4083 secundaturum,
3949 4005 4139 4070 modo
4194 4006 4262 4071 in
4308 4007 4531 4091 ipsius
4574 4009 4694 4073 viis
4730 4026 4822 4070 am-

2930 4086 3249 4164 bulemus,
3308 4086 3373 4151 id
3419 4097 3537 4167 est,
3596 4110 3680 4153 ne
3724 4089 3805 4152 ad
3851 4088 4151 4156 dextram
4197 4102 4310 4157 aut
4353 4093 4699 4160 sinistram
4747 4090 4823 4155 do-

2929 4173 3268 4238 fleotamus
3331 4171 3414 4238 ab
3476 4173 3683 4257 ipsius
3748 4174 4111 4242 mandatis:
4178 4178 4291 4243 sed
4358 4190 4614 4247 rectam
4678 4179 4821 4247 viam,

2933 4278 3127 4340 qnam
3188 4257 3385 4322 verbo
3444 4280 3562 4324 suo
3635 4260 4034 4343 praescribit,
4105 4263 4526 4348 insistamus,
4591 4264 4823 4346 nihilque

2933 4344 3061 4409 nisi
3121 4343 3438 4408 voluntati
3495 4344 3705 4427 ipsius
3769 4366 4122 4413 consonum
4190 4351 4653 4434 suscipiamus.
4726 4348 4823 4413 Nos

2934 4428 3215 4512 denique
3258 4438 3437 4494 certo
3479 4431 3763 4498 sciamus
3808 4432 3975 4499 hanc
4012 4434 4187 4499 viam
4233 4436 4626 4504 insistentes
4664 4455 4699 4501 a
4725 4433 4825 4499 Deo

2935 4514 3429 4596 benedicendos,
3488 4526 3553 4581 et
3611 4537 3832 4582 rerum
3889 4530 4258 4585 nostrarum
4322 4535 4617 4590 eventus
4656 4540 4825 4587 secan-

2935 4600 3220 4666 dandos:
3279 4601 3390 4668 sed
3447 4602 3502 4667 si
3561 4614 3789 4668 contra
3846 4604 4015 4670 laxis
4058 4606 4331 4672 habenis
4376 4611 4629 4675 nostris
4667 4600 4825 4673 indul·

2933 4708 3090 4772 gere
3145 4688 3628 4771 cupiditatibus,
3685 4699 3752 4754 et
3793 4689 4222 4776 quodcunque
4280 4693 4492 4760 libido
4540 4692 4824 4761 dictaverit

2933 4775 3149 4839 facere
3190 4773 3612 4851 voluerimus,
3657 4784 3834 4841 certo
3875 4776 4096 4842 Deum
4141 4781 4364 4843 omnia
4411 4781 4683 4849 consilia
4716 4795 4821 4842 nm·

2934 4868 3038 4924 tra
3095 4880 3501 4942 eversurum,
3560 4871 3630 4925 et
3686 4881 3760 4926 re
3808 4863 3949 4946 ipsa
3997 4872 4303 4930 testatum
4346 4866 4693 4941 facturum,
4740 4880 4824 4926 noe

2933 4944 3103 5009 nibil
3147 4966 3288 5011 esse
3333 4946 3460 5010 nisi
3507 4946 3995 5015 homunciones.

3103 5030 3209 5097 De
3252 5031 3610 5116 praeputiis
3652 5053 3829 5114 vero,
3872 5035 4114 5099 mirum
4159 5045 4259 5101 est
4303 5034 4585 5103 Saulem
4626 5044 4821 5123 partem

2931 5115 3114 5181 illam
3160 5118 3433 5183 humani
3490 5120 3781 5202 corporis
3836 5120 4121 5186 voluisse
4177 5121 4300 5187 sibi
4356 5143 4401 5187 a
4446 5123 4699 5189 Davidc
4740 5115 4819 5183 ad·

2930 5201 3122 5268 ferri:
3168 5202 3342 5287 quod
3376 5204 3447 5268 in
3483 5204 3702 5270 odium
3739 5204 3893 5272 licet
3912 5205 4315 5274 idololatriae
4334 5209 4580 5278 fecisse
4600 5206 4821 5279 videm,
