5059 6059
291 367 407 434 493

297 565 535 638 suisset,
579 580 709 626 non
738 571 958 626 tamen
982 561 1104 645 ipsi
1136 562 1475 628 videretur
1505 565 1876 631 satisfacere
1912 564 2221 648 potuisse.

293 647 417 718 Sed
460 656 793 731 praeterea
835 668 1036 732 quum
1081 647 1328 714 Davidi
1374 650 1623 716 struxit
1661 651 1950 730 insidias,
2010 657 2078 715 et
2122 650 2223 714 in·

295 743 473 803 cauto
532 733 736 800 vitam
797 733 1050 817 eripere
1106 741 1382 801 conatus
1427 744 1545 815 est,
1601 757 1734 802 non
1780 735 2033 803 destitit
2074 756 2223 800 eum

301 818 511 886 David
555 820 732 884 omni
778 817 1086 903 obsequio
1145 831 1211 884 et
1268 821 1501 888 officiis
1542 822 1862 907 prosequi,
1916 829 1982 886 et
2025 841 2224 906 quum

298 905 608 972 malitiose
651 903 815 970 Saul
861 907 1073 988 ipsum
1121 905 1419 983 irridens,
1467 915 1534 972 et
1578 907 1890 974 dedecore
1933 907 2227 973 afficiens

292 993 482 1058 filiam
517 991 640 1074 ipsi
679 989 1137 1074 desponsatam
1176 991 1553 1059 tradidisset
1591 993 1798 1071 alteri,
1835 1014 1963 1058 non
2001 1002 2225 1057 tamen

291 1077 369 1143 ab
422 1077 630 1143 officio
675 1074 1000 1142 Davidem
1060 1078 1190 1143 ista
1234 1077 1547 1145 dedecora
1591 1087 1658 1144 et
1701 1079 1977 1144 iniuriae
2023 1078 2222 1143 dimo·

292 1185 435 1229 vere
489 1170 869 1247 potuerunt.
957 1162 1101 1228 Iam
1163 1184 1321 1229 vero
1364 1185 1568 1247 quum
1614 1163 1772 1231 Saul
1821 1163 1902 1229 ad
1947 1172 2224 1228 mortem

292 1252 498 1334 ipsum
523 1256 1044 1332 persequeretur,
1084 1253 1150 1315 et
1173 1249 1503 1331 miserum,
1542 1252 1977 1328 innocentem,
2019 1250 2230 1334 patria

295 1334 656 1419 expulsum,
719 1345 783 1398 et
839 1342 1168 1400 extorrem
1229 1343 1394 1401 testa
1453 1336 1720 1421 lutoque
1777 1338 2225 1413 insectaretur,

300 1429 362 1487 et
416 1419 687 1487 collecto
742 1420 1056 1486 adversus
1099 1421 1314 1506 ipsum
1363 1424 1653 1489 exercitu
1696 1421 1903 1506 ipsius
1947 1431 2227 1487 mortem

298 1515 655 1592 quaereret,
715 1506 1095 1590 coelumque
1140 1514 1354 1572 terrae
1399 1509 1658 1575 misceri
1706 1506 1950 1587 mallet,
1998 1515 2072 1572 ut
2116 1506 2225 1571 ad·

289 1613 511 1658 versus
558 1591 884 1657 Davidem
930 1592 1199 1658 consilia
1242 1612 1363 1657 sua
1407 1601 1887 1678 exsequeretur,
1940 1593 2230 1677 profecto

288 1679 442 1744 satis
495 1680 670 1743 iusta
727 1677 963 1742 Davidi
1024 1678 1209 1743 illata
1266 1675 1610 1745 videbatur
1667 1681 1918 1746 occasio
1977 1677 2060 1766 (si
2101 1696 2230 1762 qua

285 1765 448 1830 iusta
504 1776 722 1848 potest
776 1783 917 1830 csse
961 1765 1028 1827 in
1076 1764 1414 1830 hominum
1463 1764 1741 1853 malitia)
1784 1763 2116 1831 iudicandi
2161 1784 2230 1828 se

288 1850 440 1915 satis
497 1849 708 1914 multa
768 1869 1051 1933 passum,
1111 1850 1243 1914 imo
1305 1850 1510 1915 nimia
1554 1852 1871 1935 patientia
1914 1850 2231 1916 adversus

289 1933 554 2002 Saulem
598 1956 815 2001 usum.
898 1934 1030 2000 Sed
1079 1943 1300 2001 tamen
1343 1937 1648 2003 omnibus
1691 1937 1824 2002 illis
1865 1936 2232 2002 rationibus

290 2020 505 2088 David
570 2021 652 2087 ab
712 2020 924 2087 officio
972 2021 1286 2087 dimoveri
1333 2042 1460 2087 non
1506 2024 1742 2107 potuit.
1831 2023 1965 2088 Nos
2006 2022 2232 2105 itaque

288 2107 341 2172 si
422 2107 584 2172 laesi
648 2108 730 2173 ab
798 2108 1016 2190 aliquo
1081 2107 1490 2192 gravissimis
1556 2109 1815 2175 iniuriis
1880 2107 2232 2173 fuerimus:

288 2192 619 2258 Davidem
683 2194 1047 2277 cogitemus
1102 2193 1523 2279 gravioribus
1588 2195 1837 2260 laesum
1898 2215 1938 2259 a
1996 2191 2232 2259 Saule:

286 2279 522 2361 quibus
563 2286 782 2344 tamen
808 2277 1030 2344 David
1076 2278 1312 2346 abduci
1356 2301 1484 2345 non
1580 2282 1764 2359 otuit,
1808 2289 1886 2345 ut
1929 2300 1970 2345 a
2013 2278 2234 2344 divino

279 2364 594 2430 mandato
639 2365 745 2430 vel
793 2365 1001 2430 latum
1036 2385 1326 2447 unguem
1373 2388 1520 2431 rece
1567 2375 1725 2432 eret.
1818 2368 1914 2431 Ac
1958 2363 2233 2450 proinde

279 2450 559 2515 Davidis
616 2450 916 2533 exemplo
975 2471 1192 2517 coram
1256 2450 1401 2517 Deo
1462 2452 1819 2519 iudicatum
1881 2451 1983 2530 iri,
2044 2449 2231 2516 cuius

277 2557 352 2600 eo
408 2546 710 2620 tempore
778 2556 908 2600 non
972 2537 1097 2601 fuit
1152 2544 1288 2601 tam
1346 2536 1538 2604 claris
1593 2537 1999 2604 documentis
2042 2555 2230 2601 mens

272 2621 603 2688 illustrata
670 2642 865 2706 quam
933 2622 1127 2688 hodie
1193 2629 1418 2688 nostra
1481 2631 1613 2704 est,
1678 2624 1788 2708 qui
1855 2621 2228 2704 exemplum

277 2704 556 2774 Domini
615 2709 824 2773 nostri
870 2707 1021 2773 Iesu
1067 2708 1317 2774 Christi
1364 2708 1701 2788 habemus,
1763 2708 1843 2774 ad
1933 2708 2060 2774 uod
2107 2726 2230 2771 nos

274 2802 538 2877 oportet
582 2793 997 2860 conformari.
1078 2794 1297 2860 David
1342 2794 1603 2878 quidem
1648 2798 1855 2861 fateor
1954 2791 2229 2860 amuelis

275 2888 513 2947 unctus
584 2880 949 2946 ministerio
1017 2879 1144 2945 fuit
1210 2880 1479 2946 Domini
1543 2882 1749 2947 nostri
1816 2882 2068 2966 figura,
2151 2882 2231 2942 ut

272 2984 464 3049 saepe
501 2967 638 3031 iam
676 2973 830 3032 ante
875 2965 1123 3031 dictum
1170 2973 1301 3032 est:
1346 2975 1805 3033 verumtamen
1850 2986 1984 3032 non
2020 2963 2233 3049 potuit

269 3070 386 3117 suo
466 3058 767 3136 tempore
842 3050 1066 3116 David
1146 3051 1365 3117 Iesum
1444 3051 1785 3119 Christum
1866 3052 2228 3116 Dominum

274 3144 581 3204 nostrum
620 3138 715 3203 sic
751 3137 993 3203 intueri
1031 3146 1106 3204 ut
1141 3137 1333 3204 hodie
1379 3137 1568 3204 nobis
1612 3137 1975 3214 exhibetur,
2022 3156 2230 3220 agnus

276 3223 602 3290 nimirum
670 3223 781 3308 qui
847 3244 922 3288 os
987 3244 1123 3288 non
1181 3224 1441 3314 aperuit
1498 3245 1700 3308 quum
1761 3222 1841 3288 ad
1900 3221 2229 3287 lanienam

273 3309 682 3391 traheretur,
728 3316 796 3373 et
829 3309 1006 3375 omni
1050 3330 1289 3394 genere
1335 3309 1878 3376 contumeliarum
1926 3307 2230 3373 obruere-

275 3403 404 3461 tur.
497 3395 641 3461 Nos
700 3394 906 3481 igitur
961 3392 1159 3460 hodie
1216 3395 1527 3461 docemur
1569 3397 1765 3479 capiti
1810 3403 2031 3459 nostro
2076 3412 2230 3459 con·

271 3480 552 3547 formari
600 3482 752 3546 Iesu
777 3479 1065 3562 Christo,
1110 3481 1224 3566 qui
1266 3482 1452 3547 nobis
1494 3482 1880 3565 proponitur
1921 3489 2230 3563 tanquam

273 3567 627 3652 exemplar
668 3565 1079 3632 imitandum.
1152 3567 1595 3648 Quamobrem
1641 3566 1856 3634 omnis
1899 3564 2229 3632 excusatio

274 3653 465 3719 nobis
531 3653 867 3729 adimitur,
927 3652 1051 3718 nisi
1113 3653 1492 3735 passionum
1548 3661 1925 3720 nostrarum
1979 3649 2228 3720 violen-

267 3739 429 3804 tiam
499 3759 766 3804 omnem
833 3750 897 3802 et
958 3746 1067 3803 tur
1113 3737 1432 3804 itudinem
1488 3739 1581 3805 sic
1639 3737 2087 3818 cohibeamus,
2155 3741 2230 3800 ut

268 3821 415 3889 Deo
487 3845 614 3890 nos
671 3823 926 3908 placide
993 3845 1071 3890 su
1119 3822 1444 3904 iiciamus,
1511 3833 1576 3889 et
1635 3845 1764 3889 non
1826 3832 2083 3888 tantum
2147 3818 2231 3887 ab

266 3910 451 3976 omni
488 3911 563 3977 vi
603 3917 672 3976 et
714 3910 1030 3976 violentia
1072 3910 1535 3995 abstineamus,
1579 3909 1693 3976 sed
1737 3909 1935 3973 etiam
1979 3907 2225 3974 malum

269 3994 443 4062 bono
490 4016 1029 4079 compensemus:
1074 4006 1142 4060 et
1185 3995 1308 4061 hoc
1351 3995 1612 4079 quidem
1655 3995 1864 4061 fateor
1907 4016 2042 4058 non
2086 3993 2229 4060 sine

267 4101 519 4167 magno
566 4082 926 4149 certamine
969 4103 1155 4165 posse
1200 4102 1238 4145 a
1284 4082 1470 4148 nobis
1514 4082 1757 4165 perfici.

446 4168 627 4234 Nam
710 4176 777 4234 et
841 4169 982 4250 ipse
1047 4166 1269 4232 David
1337 4188 1540 4251 quum
1605 4188 1646 4233 a
1710 4167 1845 4233 suis
1909 4162 2228 4230 militibus

268 4262 631 4340 urgeretur
695 4253 777 4319 ad
845 4252 1115 4319 Saulem
1180 4252 1706 4320 interficiendum
1731 4302 1747 4332 ,
1833 4249 2226 4315 commoveri

266 4337 763 4422 quodammodo
820 4341 1049 4423 potuit,
1109 4346 1175 4404 et
1234 4337 1480 4423 aliquid
1527 4338 1797 4404 humaui
1843 4338 1996 4419 pati,
2057 4334 2226 4420 quod

264 4425 548 4509 quidam
603 4424 986 4510 intelligunt
1029 4445 1230 4507 quum
1276 4425 1466 4492 dicit:
1511 4425 1824 4508 quispiam
1867 4422 2034 4488 dixit
2072 4420 2233 4486 mihi

266 4514 462 4595 quasi
561 4514 819 4577 animus
896 4509 1177 4575 Davidis
1255 4512 1471 4594 ipsum
1553 4509 1637 4577 ad
1707 4507 1925 4575 Saulis
2002 4528 2225 4573 necem

265 4597 665 4664 cohortatus
688 4603 880 4672 esset,
904 4615 1070 4679 quae
1092 4606 1315 4661 tamen
1343 4596 1660 4680 expositio
1685 4595 1945 4661 videtur
1978 4593 2226 4658 aliena:

264 4683 609 4768 siquidem
666 4682 929 4747 aliunde
988 4683 1205 4766 ipsum
1252 4682 1672 4747 sollicitatum
1716 4680 1923 4746 fuisse
1965 4680 2225 4756 scimus,

266 4779 337 4833 et
403 4771 655 4853 ipsum,
723 4767 1158 4850 undecunque
1221 4766 1607 4834 sollicitatus
1675 4767 1897 4843 fuerit,
1965 4785 2223 4829 omnem

265 4853 692 4922 iracundiam
730 4863 799 4920 et
836 4854 1161 4920 vindictae
1195 4852 1615 4936 cupiditatem
1664 4851 2053 4935 deposuisse,
2099 4871 2227 4935 qua

353 4950 541 5006 terat
577 4940 657 5005 ad
681 4938 905 5007 Saulis
949 4938 1406 5006 crudelitatem
1449 4936 1885 5005 ulciscendam
1932 4937 2224 5001 excitari.

323 5025 409 5092 ed
467 5034 725 5091 ’tamen
807 5046 1010 5109 quum
1101 5024 1170 5089 in
1239 5024 1427 5092 uobis
1508 5025 1794 5108 aliquam
1859 5020 2224 5087 istiusmodi

260 5110 550 5193 luctam,
607 5117 676 5178 et
717 5113 1078 5178 contrarios
1122 5111 1395 5176 affectus
1438 5111 1779 5192 sentimus,
1821 5107 2060 5191 quibus
2102 5107 2224 5172 im-

261 5197 591 5281 pedimur
666 5219 752 5263 ne
829 5199 1038 5281 primo
1104 5196 1235 5262 ictu
1302 5216 1418 5261 nos
1480 5196 1562 5261 ad
1630 5194 1754 5260 Dei
1820 5193 2223 5258 voluntatem

261 5283 480 5350 verbo
543 5282 754 5367 ipsius
805 5283 1199 5369 patefactam
1258 5300 1741 5366 componamus,
1803 5281 2053 5347 fortiter
2110 5278 2223 5346 ad·

1551 375 1651 441 IN
1692 373 1749 439 1.
1793 375 1973 442 LIB.
2024 374 2423 443 SAMUEL.
2469 373 2666 442 OAP.
2713 373 2976 441 XXIV.

4138 372 4268 436 494

2325 582 2555 628 versus
2611 583 2730 627 nos
2787 562 2962 646 ipsos
3021 561 3401 628 certandum
3448 571 3570 645 est,
3624 567 3690 627 et
3734 562 3834 627 vis
3875 560 4063 624 nobis
4109 561 4269 643 ipsis

2323 645 2699 725 adferenda,
2756 647 2959 715 donec
3018 669 3249 713 sensus
3306 669 3532 714 omnes
3577 654 3839 714 nostros
3883 653 3950 710 et
3994 646 4266 712 affectus

2326 733 2789 810 domuerimus,
2849 743 2918 799 et
2974 734 3268 816 captivos
3326 734 3727 799 duxerimus.
3816 730 4002 797 Istud
4048 739 4267 797 autem

2324 819 2439 883 fiet
2496 818 2554 884 si
2609 817 2690 882 ad
2736 818 2955 885 Deum
2999 820 3215 902 ipsum
3263 840 3705 903 assurgamus,
3752 829 3818 882 et
3861 815 4263 883 voluntatem

2325 904 2528 987 ipsius
2573 902 2968 970 intueamur.
3037 904 3370 987 Quamdiu
3415 905 3594 970 enim
3633 904 3702 969 in
3747 902 3964 969 hostss
4006 911 4267 969 nostros

2326 989 2665 1055 intuemur
2708 989 2905 1056 licere
2959 991 3148 1057 nobis
3192 991 3413 1056 omnia
3454 990 3925 1067 existimamus,
3987 995 4056 1053 et
4098 989 4265 1053 inte-

2329 1074 2637 1159 gritatem
2684 1085 2975 1141 nostram
3013 1097 3160 1142 cum
3197 1076 3376 1142 illius
3421 1075 3667 1140 malitia
3726 1074 3834 1159 qui
3879 1095 4003 1142 nos
4047 1094 4265 1156 perse-

2330 1159 2570 1243 quitur,
2616 1169 3072 1244 comparantes
3106 1163 3419 1227 iuiuriam
3452 1160 3597 1227 fieri
3620 1160 3806 1226 nobis
3843 1159 4266 1239 arbitramur,

2331 1245 2458 1310 uisi
2501 1249 2634 1310 vim
2680 1247 2750 1310 vi
2810 1246 3185 1329 repellendi,
3245 1261 3307 1311 et
3370 1249 3619 1313 hostem
3680 1245 4032 1312 ulciscendi
4078 1245 4266 1310 nobis

2331 1340 2620 1414 potestas
2654 1332 2806 1396 fiat:
2853 1354 3006 1397 nam
3032 1332 3136 1398 vel
3172 1335 3347 1416 ipsos
3379 1333 3674 1399 ethnicos
3696 1332 3999 1397 videmus
4033 1332 4267 1397 virtuti

2333 1416 2740 1500 adcripsisse,
2800 1420 2855 1483 si
2912 1419 3058 1502 quis
3111 1418 3347 1483 iniuria
3405 1427 3791 1502 provocatus
3834 1417 4011 1482 illam
4054 1416 4268 1500 depel-

2332 1502 2512 1580 leret,
2551 1513 2616 1568 et
2643 1503 2772 1568 vim
2799 1504 2865 1570 vi
2888 1503 3251 1588 repelleret,
3288 1503 3540 1582 fortem,
3577 1505 3862 1587 inquam,
3907 1510 3974 1568 et
3995 1521 4265 1588 magna-

2333 1589 2581 1652 nimum
2628 1589 2995 1655 istiusmodi
3041 1591 3255 1656 virum
3300 1589 3571 1667 dixisse,
3615 1591 3725 1673 qui
3772 1610 3891 1672 per
3930 1589 4266 1673 ignaviam

2332 1673 2458 1738 sibi
2504 1674 2648 1739 fieri
2670 1675 2978 1740 iniuriam
3002 1697 3131 1740 non
3170 1685 3517 1759 pateretur.
3563 1674 4006 1757 Quamobrem
4042 1694 4268 1757 quam-

2334 1760 2444 1825 diu
2503 1761 2571 1822 in
2632 1759 2929 1826 homines
2972 1762 3194 1827 oculos
3235 1763 3519 1827 intentos
3572 1761 4013 1835 habuerimus,
4071 1760 4264 1824 licere

2333 1844 2517 1910 nobis
2555 1844 3017 1912 arbitrabimur
3051 1847 3287 1912 bonam
3313 1868 3575 1913 causam
3601 1866 3989 1929 quacunque
4011 1845 4266 1911 ratione

2333 1929 2702 2007 defendere,
2748 1942 2814 1996 et
2858 1933 2937 1997 de
2974 1931 3270 1998 hostibus
3314 1934 3623 1998 iniuriam
3668 1931 4096 1997 inferentibus
4128 1931 4271 1995 vin-

2333 2015 2574 2081 dictam
2609 2037 2885 2098 sumere,
2930 2017 3043 2084 sed
3078 2039 3282 2101 quum
3320 2018 3401 2083 ad
3424 2017 3641 2084 Deum
3664 2039 3871 2102 usque
3895 2036 4271 2082 assurrexe-

2333 2101 2563 2180 rimus,
2623 2110 2691 2167 et
2750 2103 2946 2169 verbo
3004 2103 3216 2188 ipsius
3280 2105 3752 2188 praescriptum
3820 2103 4105 2168 officium
4166 2102 4270 2168 in-

2332 2187 2778 2270 spexerimus,
2846 2209 3102 2255 omnem
3170 2189 3350 2254 illam
3417 2191 3788 2273 opinionem
3862 2211 3983 2260 ex.
4032 2189 4271 2254 animis

2332 2274 2578 2338 nostris
2621 2272 2765 2337 tolli
2808 2294 3076 2342 necesse
3117 2275 3276 2340 erit:
3323 2295 3397 2341 ac
3440 2274 3710 2359 proinde
3755 2275 3921 2341 scire
3956 2272 4269 2339 debemus

2336 2357 2591 2425 mundo
2635 2359 2787 2425 licet
2840 2359 3029 2426 nobis
3094 2361 3564 2445 applaudente,
3631 2361 3797 2426 nihil
3864 2369 4082 2425 tamen
4148 2381 4271 2426 uos

2331 2443 2755 2528 promovisse,
2816 2448 2870 2512 si
2931 2446 3015 2511 ab
3071 2466 3169 2527 eo,
3229 2448 3342 2531 qui
3396 2448 3573 2513 solus
3629 2446 3829 2512 iudex
3888 2455 4111 2511 noster
4168 2455 4272 2509 est

2333 2527 2863 2597 condemnamur.
2902 2531 3073 2597 Nam
3105 2533 3262 2615 quid
3286 2534 3552 2599 obsecro
3576 2531 3833 2597 iuvabit
3853 2551 3975 2597 nos
3999 2550 4270 2596 sexcen-

2334 2624 2577 2691 torum,
2614 2627 2687 2681 ut
2713 2617 2806 2680 ita
2840 2616 3072 2701 dicam,
3108 2618 3500 2684 mundorum
3538 2639 3576 2684 a
3623 2617 3908 2702 plausus,
3944 2616 4003 2683 si
4030 2616 4268 2682 summi

2333 2701 2565 2767 iudicis
2625 2702 2749 2767 Dei
2816 2705 3139 2769 sententia
3202 2639 3620 2769 iudicamur?
3681 2704 3882 2787 Atqui
3947 2721 4173 2768 omnes
4230 2722 4270 2766 a

2333 2787 2620 2852 maximo
2687 2787 2769 2853 ad
2835 2789 3184 2854 minimum
3259 2810 3477 2856 coram
3559 2789 3763 2874 ipsius
3828 2787 4062 2853 iudicio
4126 2787 4268 2852 sisti

2334 2879 2607 2957 oportet.
2689 2872 3130 2955 Quamobrem
3176 2874 3258 2940 ad
3301 2876 3677 2959 passionum
3718 2881 4085 2939 nostrarum
4131 2872 4268 2937 vim

2336 2964 2404 3023 et
2438 2958 2816 3024 violentiam
2852 2960 3277 3026 coercendam
3323 2959 3406 3026 ad
3443 2961 3683 3038 Deum,
3732 2961 3840 3026 cui
3885 2978 4113 3023 omnes
4159 2956 4268 3022 de·

2336 3044 2537 3111 vincti
2585 3053 2761 3122 sunt,
2807 3066 3148 3130 assurgere
3192 3067 3310 3112 nos
3352 3054 3625 3130 oportet.
3703 3044 3876 3110 Nam
3921 3044 3980 3109 si
4022 3042 4262 3107 dixeri·

2335 3150 2483 3197 mus
2526 3128 2684 3214 quid
2728 3130 2947 3211 debeo,
3006 3140 3122 3197 aut
3164 3152 3295 3215 qua
3338 3133 3407 3196 in
3462 3152 3533 3197 re
3586 3131 3694 3196 isti
3741 3129 4081 3196 devinctus
4123 3148 4269 3193 sum

2336 3215 2450 3298 qui
2492 3216 2791 3301 ingratus
2835 3226 2953 3296 est,
3010 3217 3122 3300 qui
3167 3238 3274 3282 me
3315 3218 3557 3282 iniuste
3600 3217 4032 3300 persequitur,
4075 3233 4270 3298 quem

2334 3322 2456 3385 ego
2500 3302 2683 3367 nulla
2728 3323 3012 3387 unquam
3069 3303 3310 3368 iniuria
3353 3303 3558 3380 affeci,
3619 3322 3808 3387 quem
3869 3300 4086 3385 potius
4170 3299 4270 3365 ui·

2335 3386 2714 3471 buscunque
2737 3389 2917 3469 potui
2941 3389 3271 3456 beneficiis
3293 3389 3642 3466 cumulavi,
3722 3407 3878 3452 uum
3900 3319 4270 3451 mercedem

2335 3494 2451 3556 pro
2495 3475 2698 3539 tantis
2744 3474 3075 3541 beneficiis
3119 3472 3440 3558 rependit,
3485 3485 3553 3540 et
3586 3495 3696 3539 mu
3724 3481 3792 3538 ta
3825 3472 3970 3539 istis
4008 3471 4268 3549 similia,

2334 3579 2498 3643 quae
2543 3558 2845 3624 homines
2899 3566 3297 3644 praetexunt
3344 3562 3483 3626 suis
3539 3558 3911 3625 affectibus:
3989 3556 4269 3625 sciamus

2332 3655 2553 3710 tamen
2612 3646 2802 3710 irrita
2842 3653 2910 3711 et
2961 3647 3183 3711 inania
3236 3664 3455 3726 coram
3500 3645 3643 3710 Deo
3691 3643 3852 3710 fore.
3932 3642 4099 3708 Nam
4146 3643 4270 3710 etsi

2331 3731 2504 3797 hosti
2534 3731 2642 3796 vel
2676 3731 3053 3798 adversario
3097 3753 3227 3796 non
3268 3730 3555 3797 devincti
3592 3731 3816 3810 simus,
3858 3728 4001 3794 Deo
4042 3736 4267 3794 tamen

2332 3817 2455 3884 hoc
2476 3815 2789 3883 debemus
2810 3837 3005 3902 quem
3027 3816 3273 3882 sufficit
3309 3816 3434 3883 hoc
3457 3836 3579 3882 nos
3613 3815 3867 3882 iubere:
3914 3815 4269 3881 facesssant

2330 3904 2537 3988 igitur
2577 3902 2945 3970 istiusmodi
2990 3901 3405 3986 exceptiones
3449 3902 3763 3967 adversus
3797 3900 3927 3966 Dei
3972 3900 4266 3976 verbum,

2332 3990 2569 4074 quibus
2604 4008 2867 4056 causam
2912 4000 3202 4055 nostram
3240 4008 3453 4072 agere,
3498 3987 3705 4052 veluti
3749 4005 3969 4055 coram
4004 3985 4267 4051 mortali

2331 4074 2636 4141 solemus.
2682 4073 2815 4142 Sed
2861 4075 3080 4158 potius
3119 4075 3357 4139 animis
3406 4074 3649 4140 nostris
3684 4074 4036 4158 infigamus
4079 4071 4267 4137 nobis

2331 4182 2482 4229 cum
2521 4162 2666 4227 Deo
2712 4162 3050 4246 negotium
3108 4181 3268 4239 esse,
3330 4161 3440 4243 qui
3499 4159 3905 4225 maiestatem
3963 4175 4148 4222 suam
4192 4156 4262 4220 in

2332 4257 2513 4314 tanto
2558 4245 2765 4331 pretio
2809 4245 2982 4331 apud
3022 4266 3145 4311 nos
3180 4265 3321 4311 esse
3358 4244 3523 4329 vult,
3568 4254 3642 4310 ut
3675 4253 3971 4326 acceptas
4015 4241 4097 4306 ab
4120 4241 4265 4307 aliis

2329 4334 2610 4399 iniurias
2652 4332 2857 4415 ipsius
2893 4351 3113 4397 amore
3146 4330 3603 4398 condonemus.
3649 4329 3818 4394 Nam
3853 4347 4056 4409 quum
4086 4326 4267 4391 iubet

2331 4441 2450 4485 nos
2492 4419 2786 4485 hostibus
2830 4418 3103 4483 iniurias
3146 4417 3498 4497 remittere,
3538 4437 3668 4481 non
3707 4434 3783 4479 ea
3816 4413 4069 4478 ratione
4110 4413 4267 4477 facit

2331 4504 2502 4590 quod
2568 4503 2846 4589 improbi
2912 4511 3067 4569 sunt
3135 4511 3202 4567 et
3257 4502 3585 4581 crudeles,
3648 4498 3759 4564 sed
3819 4497 3991 4583 quod
4058 4498 4264 4581 ipsius

2328 4600 2665 4657 creaturae
2707 4599 2879 4669 sunt,
2940 4609 3216 4674 quorum
3260 4588 3575 4653 malitiam
3630 4586 3772 4668 ipse
3822 4592 4035 4668 potest
4089 4602 4261 4648 com-

2329 4686 2608 4761 mutare,
2636 4695 2923 4760 suaeque
2954 4673 3432 4741 misericordiae
3448 4673 3661 4737 Iocum
3678 4669 3909 4735 mere.
3947 4669 4258 4734 Nostrum

2331 4784 2483 4828 vero
2529 4783 2661 4827 non
2705 4770 2805 4828 est
2848 4780 3077 4826 eorum
3123 4760 3398 4826 exitium
3458 4764 3778 4840 expetere,
3836 4774 4110 4839 quorum
4157 4774 4260 4820 sa-

2327 4848 2529 4915 lutem
2578 4866 2926 4930 procurare
2971 4846 3295 4912 debemus.
3376 4841 3491 4910 Sic
3547 4843 3750 4925 igitur
3792 4840 3918 4905 Dei
3963 4839 4261 4905 habenda

2328 4934 2512 5010 ratio,
2559 4942 2624 5000 et
2667 4931 2749 4997 ad
2793 4934 3004 5015 ipsum
3052 4927 3522 5016 assurgendum
3566 4936 3642 4993 ut
3675 4928 3957 4993 sciamus
4002 4933 4257 5011 gratum

2324 5020 2422 5085 illi
2470 5040 2612 5086 esse
2648 5018 2820 5084 istud
2855 5017 3156 5093 officium,
3200 5025 3268 5080 et
3291 5024 3603 5097 tanquam
3638 5012 3789 5078 boni
3811 5010 4025 5077 odoris
4061 5010 4258 5077 sacri·

2326 5106 2548 5170 ficium
2621 5111 2955 5188 acceptum
3022 5100 3146 5185 ipsi
3206 5121 3380 5178 esse,
3449 5119 3650 5182 quum
3719 5096 3938 5163 hostes
4002 5106 4259 5163 nostros

2328 5192 2682 5276 diligimus,
2727 5201 2794 5256 et
2836 5189 3017 5275 ipsos
3051 5186 3274 5252 ulcisci
3312 5206 3443 5250 non
3479 5184 3864 5270 expetimus,
3898 5183 4012 5249 sed
4048 5183 4260 5267 potius

2327 5277 2574 5343 malum
2622 5278 2790 5343 bono
2831 5291 3246 5357 compensare
3289 5269 3648 5336 studemus.
