5059 6059
356 384 461 459 601
1592 382 1692 449 IN
1734 383 1788 450 1.
1836 382 2018 449 LIB.
2065 380 2467 451 SAMUEL.
2516 383 2716 450 GAP.
2763 383 3028 451 XXVI.
4192 384 4322 457 602

356 574 486 643 Hoc
520 572 729 656 igitur
764 570 994 639 sedulo
1032 582 1134 639 est
1168 570 1673 650 observandum,
1718 593 1806 639 ex
1841 572 1971 638 ista
1993 570 2274 637 Davidis
2376 570 2572 637 οσαῑᾰε
2627 574 2757 639 tuis
2811 573 2922 641 hoc
2975 575 3116 657 ipso
3173 575 3310 653 die,
3379 594 3535 654 ecce,
3607 574 3793 641 stulte
3846 576 3946 660 eyi
3999 579 4054 641 et
4107 574 4321 643 erravi

355 657 770 736 conclusione,
814 669 891 724 ut
926 660 1195 740 sanguis
1230 659 1435 741 ipsius
1459 668 1713 723 tantum
1739 678 1955 723 coram
1986 656 2279 722 Domino

354 745 730 822 effundatur,
790 743 1024 828 quibus
1070 745 1287 810 verbis
1331 743 1622 819 Saulem,
1665 759 1731 807 et
1777 744 2165 809 temeritatis
2211 752 2277 809 et

354 831 748 910 arrogantiae
806 831 1133 914 insinuat,
1200 852 1259 913 q.
1323 830 1383 895 d.
1443 830 1833 914 sanguinem
1891 851 2081 894 suum
2141 850 2273 893 non

350 939 519 1003 posse
556 915 807 983 effundi
843 916 1000 999 quin
1027 915 1211 982 Deus
1255 937 1386 981 non
1428 916 1640 981 solum
1687 914 1922 994 videat,
1970 916 2275 999 quoniam

349 1006 459 1089 ipsi
503 1004 726 1069 omnia
768 1004 1170 1085 praesentia,
1224 1001 1339 1067 sed
1397 1002 1595 1069 etiam
1659 1023 1731 1066 re
1775 1002 1919 1084 ipsa
1975 1000 2275 1067 ostendat

348 1089 454 1157 sibi
510 1110 708 1156 curae
755 1108 898 1153 esse
936 1088 1224 1153 filiorum
1270 1108 1535 1153 suorum
1583 1087 1665 1152 ad
1710 1108 1783 1152 se
1823 1087 2045 1153 oculos
2088 1088 2271 1153 attol-

347 1176 607 1242 lentium
673 1175 1132 1257 querimoniae,
1201 1175 1509 1257 queniam
1579 1195 1689 1240 eos
1754 1173 2055 1239 custodit.
2166 1172 2276 1237 Ex

346 1283 458 1347 quo
530 1260 731 1327 verbo
813 1259 1011 1326 aliam
1087 1260 1286 1326 etiam
1370 1259 1732 1325 doctrinam
1799 1260 2035 1325 elicere
2101 1257 2271 1336 licet,

343 1368 562 1431 nempe
619 1345 772 1413 licet
814 1346 1194 1413 existiment
1235 1346 1419 1428 impii
1462 1367 1533 1411 se
1573 1346 1842 1428 impune
1884 1346 2273 1430 sanguinem

342 1444 625 1500 nostrum
702 1435 916 1498 instar
996 1452 1204 1515 aquae
1282 1430 1652 1515 effundere,
1731 1443 1799 1498 et
1873 1453 2023 1497 eum
2079 1429 2275 1495 nihili

338 1521 572 1588 faciant
605 1530 874 1603 propter
917 1518 1361 1601 arrogantiam
1407 1528 1475 1582 et
1516 1516 1992 1597 crudelitatem,
2038 1515 2273 1580 nihilo-

335 1606 541 1673 minus
600 1618 822 1669 tamen
880 1605 1208 1687 guttulam
1269 1605 1411 1669 eius
1469 1624 1599 1668 non
1658 1624 1955 1669 casuram
2014 1601 2141 1667 nisi
2200 1603 2270 1666 in

332 1693 692 1778 praesentia
756 1690 1062 1766 Domini,
1129 1700 1194 1755 et
1257 1691 1399 1755 eius
1464 1710 1682 1756 coram
1749 1691 1891 1772 ipso
1951 1689 2268 1753 rationem

333 1780 475 1845 olim
510 1797 655 1843 esse
691 1774 1083 1841 reddituros.
1146 1774 1223 1841 Si
1268 1776 1463 1854 enim,
1510 1787 1587 1839 ut
1617 1776 1687 1839 in
1712 1775 1977 1841 Psalmo
2013 1774 2268 1850 dicitur,

575 1884 651 1928 ae
687 1872 948 1929 nostrae
984 1873 1143 1927 sunt
1179 1860 1277 1926 illi
1314 1862 1382 1925 in
1418 1862 1647 1944 pretio,
1693 1873 1760 1927 et
1794 1882 1905 1927 eas
1940 1862 2010 1925 in
2047 1859 2271 1942 phiala

330 1950 734 2019 absconditas
814 1957 1035 2012 servat
1062 1997 1076 2025 ,
1154 1966 1375 2013 nonne
1440 1946 1651 2012 multo
1716 1948 1930 2031 magis
1995 1944 2270 2030 sanguis

329 2035 586 2102 noster?
673 2032 857 2101 Hinc
913 2034 1119 2117 igitur
1177 2033 1501 2099 discamus
1542 2042 1723 2099 certo
1765 2032 1955 2099 nobis
1998 2052 2267 2116 persua·

324 2124 488 2201 dere,
533 2120 757 2186 Deum
818 2140 959 2185 esse
1016 2130 1314 2184 nostrum
1357 2128 1811 2201 protectorem,
1873 2139 1993 2185 nec
2037 2138 2268 2202 passu·

323 2229 461 2277 rum
508 2209 746 2290 ipsum,
794 2212 867 2269 ut
904 2205 1179 2288 capillus
1222 2226 1308 2269 ex
1352 2207 1563 2287 capite
1609 2214 1831 2271 nostro
1877 2206 2019 2270 siue
2063 2205 2270 2286 ipsius

320 2294 658 2360 voluntate
716 2290 927 2368 cadat,
980 2300 1047 2355 et
1105 2312 1225 2356 nos
1284 2289 1366 2354 ab
1422 2291 1721 2358 hostibus
1765 2291 2010 2356 nostris
2063 2289 2271 2355 vindi-

320 2391 634 2456 catarum,
681 2385 746 2441 et
783 2386 940 2442 tunc
974 2397 1179 2459 quum
1217 2398 1339 2442 nos
1373 2377 1642 2443 caedere
1676 2388 1745 2443 et
1787 2377 2020 2441 ultimo
2065 2374 2269 2440 exitio

314 2466 587 2550 perdere
642 2464 1073 2539 conabuntur,
1128 2463 1347 2528 Deum
1407 2484 1535 2528 non
1597 2484 1981 2529 aversurum
2045 2461 2268 2527 oculos

317 2574 354 2617 a
393 2551 605 2631 nobis,
669 2570 788 2614 nec
830 2550 899 2613 in
947 2548 1138 2614 malis
1183 2548 1426 2614 nostris
1470 2568 1736 2617 caecum
1781 2550 2096 2614 futurum.
2165 2549 2265 2613 Ac

312 2637 583 2722 proinde
656 2636 810 2701 licet
881 2635 1171 2717 patiatur
1244 2654 1365 2699 nos
1422 2634 1505 2698 ad
1564 2644 1825 2717 tempus
1886 2635 2139 2714 vexari,
2197 2644 2266 2700 et

310 2724 529 2789 hostes
587 2721 778 2787 nobis
837 2721 1207 2803 superiores
1264 2741 1438 2797 esse,
1509 2721 1943 2787 nihilominus
2001 2719 2265 2804 singula

309 2810 543 2893 quibus
600 2828 722 2873 nos
782 2806 1092 2883 afficient,
1152 2806 1327 2870 mala
1382 2827 1599 2872 coram
1644 2805 1790 2872 Deo
1844 2816 2143 2885 ventura,
2198 2815 2267 2870 et

308 2916 524 2965 coram
594 2894 805 2977 ipsius
874 2891 1189 2957 tribunali
1256 2893 1550 2956 omnium
1617 2893 1881 2958 illorum
1939 2893 2262 2956 rationem

308 2981 482 3065 ipsos
560 2978 843 3045 reddere
922 2978 1189 3043 tandem
1267 2987 1566 3045 coactum
1630 2978 1732 3043 iri.
1842 2978 1993 3043 Hoc
2057 2978 2263 3061 igitur

305 3068 597 3151 primum
645 3080 746 3130 est
790 3064 978 3130 nobis
1018 3063 1405 3144 notandum,
1465 3075 1538 3129 ut
1580 3065 1901 3131 consolari
1946 3083 2069 3129 nos
2110 3083 2263 3145 pos-

306 3154 509 3219 simus
555 3151 881 3219 adversus
926 3171 1153 3217 omnes
1197 3150 1601 3217 tentationes
1645 3162 1711 3215 et
1754 3148 2261 3233 persecutiones,

303 3239 542 3321 quibus
625 3259 668 3303 a
746 3236 985 3301 diaboli
1051 3235 1442 3302 satellitibus
1509 3236 1889 3319 premimur.
2003 3235 2263 3301 Deinde

305 3323 620 3393 docemur
693 3322 776 3389 ab
831 3321 1133 3388 omnibus
1190 3322 1506 3391 conviciis
1562 3323 1881 3389 adversus
1933 3321 2265 3404 proximos

300 3418 565 3477 nostros
614 3408 964 3475 abstinere.
1032 3408 1290 3473 Animis
1332 3409 1512 3473 enim
1554 3409 1801 3474 nostris
1842 3406 2020 3474 istud
2065 3407 2266 3473 altius

301 3497 485 3580 infigi
550 3504 818 3579 oportet
843 3545 858 3572 ,
929 3492 1150 3559 Deum
1213 3495 1474 3578 singula
1547 3496 1894 3560 hominum
1964 3494 2138 3561 facta
2198 3502 2266 3556 et

302 3581 472 3649 dicta
544 3580 1103 3659 animadvertere,
1169 3587 1237 3645 et
1297 3581 1603 3662 quamvis
1667 3580 2010 3645 hominum
2077 3598 2265 3662 prae-

298 3669 587 3735 sentiam
637 3668 867 3750 fugere
910 3667 1255 3749 possimus,
1298 3667 1735 3732 nihilominus
1781 3676 2000 3731 tamen
2047 3665 2262 3730 Deum

295 3775 562 3838 semper
627 3754 880 3819 iustum
941 3773 1085 3818 esse
1142 3752 1457 3819 iudicem:
1525 3751 1697 3835 quod
1753 3763 1820 3817 et
1878 3753 1960 3817 ab
2016 3752 2266 3816 effectis

292 3841 459 3924 ipsis
526 3839 975 3924 agnoscimus.
1087 3837 1257 3919 Quis
1315 3839 1493 3903 enim
1556 3839 1750 3903 testis
1814 3836 2046 3903 aderat
2112 3852 2267 3903 tunc

294 3946 498 4010 quum
553 3926 734 3992 Oain
792 3927 1059 3990 fratrem
1118 3945 1309 3991 suum
1356 3923 1629 3989 Abelem
1689 3923 2017 3989 interfecit
2036 3922 2069 3986 ⁴?
2117 3943 2266 3987 san-

290 4014 440 4095 guis
478 4022 719 4078 tamen
756 4011 964 4093 ipsius
1000 4008 1352 4076 vindictam
1396 4029 1437 4075 a
1456 4009 1744 4075 Domino
1787 4010 2090 4092 flagitare
2134 4028 2265 4073 non

294 4098 672 4165 desinebat.
732 4094 848 4162 Sic
891 4098 1099 4181 igitur
1141 4096 1266 4161 etsi
1312 4097 1657 4162 malefacta
1700 4104 1928 4163 nostra
1969 4104 2037 4159 et
2077 4094 2269 4177 flagi-

291 4183 383 4256 tia
436 4193 886 4269 conspectum
943 4183 1281 4249 hominum
1340 4182 1637 4266 fugiant,
1691 4192 1761 4247 et
1826 4202 2043 4247 coram
2104 4180 2267 4263 ipsis

291 4270 551 4339 nullius
587 4269 967 4336 iniustitiae
1004 4269 1299 4337 accusari
1344 4269 1687 4350 possimus,
1733 4277 1957 4332 tamen
2000 4285 2268 4331 necesse

286 4366 387 4423 est
431 4366 516 4425 ut
558 4357 725 4421 Deo
780 4355 978 4420 corda
1035 4363 1259 4420 nostra
1313 4354 1688 4436 probentur,
1747 4364 1815 4417 et
1856 4373 2076 4418 coram
2120 4355 2266 4435 ipso

287 4441 771 4524 iustifioemur,
813 4450 894 4505 ut
928 4460 1048 4507 nos
1081 4441 1222 4522 ipse
1254 4450 1461 4524 regat,
1504 4452 1575 4506 et
1601 4450 1831 4505 sancto
1867 4460 1986 4504 suo
2028 4438 2267 4521 spiritu

285 4528 491 4609 afflet,
539 4539 628 4595 ut
668 4527 752 4593 ab
788 4528 968 4592 omni
1013 4526 1328 4591 violentia
1350 4536 1423 4591 et
1464 4522 1769 4591 omnibus
1812 4524 2075 4590 iniuriis
2117 4524 2265 4590 abs·

282 4615 665 4685 tineamus.
724 4613 781 4677 si
830 4633 1050 4681 ceram
1082 4611 1230 4693 ipso
1271 4610 1481 4677 bonae
1520 4612 1958 4679 conscientiae
2001 4622 2269 4679 nostrae

281 4699 641 4769 rationem
706 4698 983 4765 reddere
1039 4699 1363 4780 cupimus,
1420 4708 1488 4762 et
1544 4697 1643 4761 illi
1688 4698 1863 4780 g-rati
1906 4706 1977 4761 et
2016 4698 2268 4780 accepti

281 4806 447 4852 esse.
538 4786 923 4851 Discamus
980 4792 1321 4867 praeterea
1377 4804 1497 4851 nos
1552 4783 1755 4849 solari
1796 4804 2001 4866 quum
2045 4792 2270 4850 tantae

283 4889 485 4939 curae
559 4873 725 4937 Deo
796 4890 918 4935 nos
990 4889 1169 4949 esse,
1250 4880 1321 4935 et.
1396 4879 1656 4935 nostros
1716 4890 1951 4954 passus
2016 4888 2269 4953 regere,

275 4977 718 5040 manumque
770 4976 958 5025 suam
1022 4956 1105 5023 ad
1166 4974 1288 5023 nos
1344 4956 1659 5023 tutandos
1718 4964 1788 5020 et
1830 4954 2267 5038 protegendos

274 5044 712 5126 protendere
754 5042 1085 5126 dignetur.

452 5131 939 5196 &meamus
984 5127 1077 5192 ad
1125 5126 1359 5195 Saulis
1411 5126 1916 5193 confessionem:
1982 5122 2271 5205 Paneuei,

267 5222 607 5285 ’mnae
660 5214 921 5297 fili-vm·
977 5213 1233 5294 David,
1292 5232 1419 5281 non
1470 5212 1641 5279 evuin·
1696 5212 2101 5295 ωσῑείαοίαηι
2156 5211 2271 5276 tibi

266 5298 1975 5386 emm,prqptoeeaqwdprdiosaoime.avita
2017 5299 2271 5365 min

2375 658 2930 740 quamplurimum.
3022 659 3393 727 Stultitiam
3438 682 3626 727 suam
3674 660 3836 729 Saul
3883 682 4018 729 non
4063 672 4320 727 tantum

2378 745 2688 824 agnoscit,
2749 745 2865 812 sed
2923 748 3120 813 etiam
3177 756 3550 831 exaggerat,
3612 768 3813 831 quum
3868 748 3963 813 ait
4003 767 4075 813 se
4119 746 4320 813 stulte

2377 830 2588 913 egisse
2645 840 2713 895 et
2769 834 3095 898 erravisse
3149 833 3530 916 plurimum.
3619 833 3726 899 Ex
3771 833 4004 917 quibus
4048 843 4324 916 apparet

2378 913 2646 982 Saulem
2725 940 2858 983 non
2936 919 3144 985 obiter
3218 930 3474 985 tantum
3555 928 3621 983 et
3697 920 4167 1003 perfunctorie,
4246 930 4322 985 ut

2379 1001 2763 1084 plerumque
2809 1004 3110 1071 homines
3151 1004 3366 1071 solent
3423 1004 3685 1089 culpam
3724 1025 3911 1071 suam
3956 1004 4319 1090 agnovisse,

2378 1087 2493 1151 sed
2544 1109 2614 1153 se
2671 1089 3012 1167 iudicasse,
3071 1111 3146 1156 ac
3201 1092 3258 1157 si
3303 1090 3621 1157 adversus
3663 1110 3734 1156 se
3775 1091 3993 1174 ipsum
4034 1091 4237 1157 latam
4281 1111 4323 1156 a

2376 1171 2664 1240 Domino
2706 1177 3105 1242 sententiam
3150 1177 3524 1260 accepisset.
3590 1177 3742 1245 Rex
3785 1188 3927 1242 erat
3971 1174 4158 1253 Saul,
4203 1174 4319 1243 sed

2377 1267 2600 1326 tamen
2677 1261 2954 1326 stultum
3035 1263 3296 1328 fatetur.
3408 1262 3635 1346 Neque
3714 1272 3970 1329 tantum
4042 1261 4322 1329 stultum

2375 1343 2640 1411 Davide
2693 1348 3142 1430 persequendo
3200 1348 3403 1415 fuisse
3461 1347 3651 1429 dicit,
3709 1347 3825 1414 sed
3880 1349 4082 1414 etiam
4138 1369 4319 1415 erra-

2376 1431 2551 1498 visse
2614 1454 2809 1516 quam
2870 1433 3249 1517 plurimum.
3335 1434 3637 1500 Profecto
3693 1455 3825 1500 non
3885 1433 4318 1499 dubitandum

2375 1517 2534 1598 quin
2578 1519 2704 1601 ipsi
2748 1519 2935 1584 Deus
2978 1521 3446 1586 confessionem
3491 1519 3674 1585 illam
3711 1519 4076 1589 extorserit.
4144 1518 4320 1585 Nam

2375 1603 2485 1685 qui
2540 1612 2726 1669 tanta
2779 1607 3103 1688 superbia,
3157 1616 3224 1671 et
3281 1606 3483 1673 animi
3544 1604 3933 1689 impotentia
3986 1604 4317 1671 ferebatur

2374 1689 2691 1756 adversus
2712 1691 3127 1757 innocentem
3152 1692 3472 1774 quomodo
3496 1692 3820 1776 potuisset
3854 1691 4030 1757 ultro
4053 1691 4316 1776 culpam

2372 1773 2565 1841 fitteri
2623 1787 2691 1840 et
2743 1779 2989 1841 crimen
3045 1798 3416 1861 agnoscere,
3475 1778 3606 1844 nisi
3661 1778 3845 1845 Deus
3903 1778 4114 1843 invito
4165 1797 4316 1842 con·

2372 1858 2727 1927 sessionem
2800 1864 2870 1927 in
2924 1862 3204 1929 Davidis
3269 1864 3548 1947 gratiam
3623 1876 3690 1929 et
3742 1866 4034 1931 favorem
4097 1872 4317 1928 extor-

2372 1947 2583 2013 sisset.
2654 1948 2760 2013 Ex
2804 1970 2933 2031 quo
2977 1962 3249 2033 apparet
3292 1950 3522 2032 quanti
3566 1949 3792 2017 fecerit
3833 1949 4022 2015 Deus
4112 1948 4314 2013 atien-

2374 2033 2530 2097 tiam
2577 2032 2889 2111 Davidis‚
2958 2047 3023 2101 et
3066 2035 3545 2101 humanitatem
3611 2057 3741 2118 qua
3807 2056 3966 2119 erga
4095 2033 4312 2102 aulem

2373 2140 2529 2185 usus
2591 2120 2819 2186 fuerat.
2906 2120 3048 2187 Nae
3109 2122 3164 2186 si
3210 2143 3279 2187 se
3323 2121 3545 2187 David
3590 2121 3767 2205 regis
3810 2142 3928 2187 san
4025 2120 4040 2134 '
4095 2141 4131 2186 e
4174 2120 4315 2205 pol-

2371 2202 2625 2289 luisset,
2681 2216 2994 2289 perpetuo
3055 2205 3368 2274 dedecore
3412 2218 3478 2271 et
3519 2206 3885 2291 ignominia
3955 2207 4160 2273 uisset
4199 2207 4315 2272 ob-

2370 2299 2579 2372 rutus,
2615 2306 2684 2357 et
2718 2292 2892 2375 apud
2929 2314 3157 2358 omnes
3191 2303 3460 2377 propter
3493 2292 4044 2359 inhumanitatem
4083 2293 4317 2357 merito

2370 2396 2610 2443 exosus
2649 2377 2899 2455 fuisset,
2944 2388 3010 2443 et
3045 2379 3541 2445 abominandus.
3620 2379 3854 2461 Itaque
3896 2377 4120 2444 David
4165 2377 4319 2444 licet

2371 2484 2501 2528 non
2548 2463 2571 2526 i
2619 2474 2885 2528 noraret
2927 2485 3271 2547 nunquam
3313 2465 3437 2530 sibi
3478 2465 3616 2530 fore
3659 2466 3859 2531 vitam
3896 2463 4314 2546 tranquillam

2369 2569 2566 2632 quam
2619 2550 2680 2614 'u
2726 2548 2886 2616 Saul
2930 2549 3205 2629 viveret,
3251 2551 3488 2617 maluit
3531 2564 3752 2616 tamen
3799 2569 4064 2634 parcere
4106 2551 4309 2633 ipsius

2369 2634 2551 2699 vitae
2607 2656 2809 2719 quam
2860 2637 3184 2721 sanguine
3240 2637 3452 2720 ipsius
3506 2657 3738 2703 manus
3792 2658 3948 2703 suas
4003 2635 4313 2719 polluere.

2370 2719 2504 2788 Sed
2543 2721 2713 2788 hanc
2750 2722 3132 2807 patientiam
3161 2723 3436 2790 Davidis
3456 2722 3642 2789 Deus
3679 2731 4076 2800 remunerat,
4114 2743 4315 2803 quum

2372 2805 2642 2875 Saulem
2701 2809 2783 2873 ad
2843 2808 3071 2892 culpae
3113 2830 3274 2875 suae
3316 2809 3719 2892 agnitionem
3767 2808 3993 2893 adigit.
4081 2807 4314 2890 Neque

2369 2895 2543 2959 enim
2605 2894 2874 2959 dubium
2932 2906 3034 2960 est
3075 2894 3235 2977 quin
3284 2893 3458 2979 apud
3503 2915 3730 2961 omnes
3774 2895 4143 2959 innotuerit
4183 2893 4314 2957 ista

2368 2977 2593 3045 Saulis
2615 2980 2952 3057 confessio,
2989 3001 3120 3046 non
3143 2979 3316 3062 apud
3353 3002 3557 3046 unum
3593 2990 3710 3046 aut
3743 2979 4024 3045 alterum
4057 2988 4318 3057 testem,

2368 3063 2483 3131 sed
2541 3085 2762 3131 coram
2820 3075 2957 3131 toto
3012 3067 3304 3132 exercitu
3361 3068 3550 3132 facta.
3634 3066 3808 3132 Nam
3869 3062 4080 3132 tribus
4137 3063 4317 3130 mille

2369 3149 2745 3217 hominibus
2797 3151 3185 3234 stipabatur,
3241 3153 3307 3218 in
3365 3172 3640 3235 quorum
3699 3151 4072 3235 praesentia
4127 3172 4316 3217 suam

2368 3237 2780 3320 iniquitatem
2825 3238 3037 3303 fassus
3080 3248 3215 3318 est,
3269 3245 3339 3303 et
3379 3259 3451 3304 se
3507 3258 3637 3302 non
3698 3257 4013 3320 quaerere
4072 3237 4317 3321 effugia

2369 3333 2486 3388 aut
2552 3341 2758 3388 vanas
2821 3323 3280 3391 excusationes
3343 3322 3841 3399 demonstravit,
3905 3342 4110 3407 quum
4177 3344 4310 3389 uon

2367 3408 2559 3474 modo
2624 3410 2887 3493 culpam
2949 3430 3083 3475 non
3149 3410 3417 3489 minuit,
3495 3408 3612 3475 sed
3679 3410 3891 3492 magis
3955 3430 4032 3475 ac
4097 3409 4310 3492 magis

2368 3496 2572 3560 auxit.
2633 3494 2868 3578 Itaque
2897 3504 3158 3563 certum
3192 3506 3294 3563 est
3317 3494 3585 3562 Saulem
3622 3504 3935 3578 tanquam
3981 3490 4314 3578 publicum

2367 3600 2758 3664 praeconem
2819 3602 3036 3648 coram
3092 3583 3399 3649 universo
3453 3581 3744 3647 exercitu
3803 3577 4081 3645 Davidis
4123 3579 4313 3645 inno·

2367 3668 2651 3732 centiam
2694 3667 3123 3750 praedicasse,
3164 3678 3239 3732 ut
3281 3667 3363 3732 ad
3408 3687 3636 3733 omnes
3679 3667 4070 3749 perveniret.
4133 3666 4314 3733 Hinc

2368 3752 2573 3836 igitur
2635 3753 3056 3819 observemus
3120 3766 3619 3837 quantacunque
3665 3749 4142 3837 ingratitudine
4197 3751 4314 3816 ho·

2366 3838 2582 3904 mines
2619 3838 2931 3919 laborent,
2975 3859 3094 3904 nos
3138 3840 3196 3904 si
3239 3839 3564 3922 patienter
3607 3837 3958 3903 tulerimus
4000 3835 4312 3921 quidquid

2369 3945 2409 3990 a
2450 3925 2597 3990 Deo
2641 3926 3009 3991 immissum
3053 3926 3274 4004 fuerit,
3323 3924 3587 3991 tandem
3631 3923 3713 3988 ab
3760 3925 3904 4007 ipso
3947 3923 4313 4011 locupletet

2369 4010 2899 4087 remunerandos,
2960 4012 3072 4094 qui
3117 4012 3184 4075 in
3233 4022 3530 4077 nostrum
3572 4010 3988 4077 commodum
4029 4019 4097 4076 et
4139 4009 4314 4075 utili-

2370 4106 2575 4163 tatem
2609 4117 2835 4162 omnes
2869 4096 3147 4163 iniurias
3189 4094 3272 4162 ab
3314 4096 3598 4163 inimicis
3642 4096 3827 4163 nobis
3869 4095 4077 4163 factas
4121 4094 4313 4161 facile

2370 4183 2458 4247 sit
2530 4202 2986 4249 conversurus.
3088 4182 3236 4248 Etsi
3305 4184 3519 4266 prima
3573 4183 3789 4249 fronte
3843 4190 3914 4248 et
3973 4179 4314 4247 hominum

2369 4269 2676 4351 opinione
2736 4268 2817 4334 de
2873 4267 3063 4334 nobis
3121 4277 3341 4335 aetum
3396 4267 3715 4345 videatur,
3773 4278 3840 4333 et
3895 4287 4002 4333 res
4051 4276 4314 4331 nostrae

2370 4355 2655 4438 pessimo
2733 4355 2872 4421 loco
2948 4354 3227 4438 positae:
3306 4354 3527 4421 Deum
3605 4369 3822 4420 tamen
3897 4352 3966 4416 in
4032 4351 4312 4419 salutem

2370 4451 2666 4506 nostram
2712 4442 2933 4507 omnia
2975 4460 3472 4520 conversurum,
3515 4439 3572 4505 si
3617 4437 3896 4505 Davidis
3937 4436 4312 4521 exemplum

2370 4526 2630 4610 sequuti
2693 4527 3028 4593 fuerimus.
3137 4526 3493 4593 Caeterum
3555 4524 3981 4591 observemus
3999 4572 4022 4601 ‚
4091 4523 4312 4590 Deum

2370 4611 2702 4697 improbos
2761 4612 3061 4678 homines
3117 4612 3200 4679 ad
3259 4620 3670 4696 peccatorum
3729 4610 4134 4693 agnitionem
4177 4608 4315 4675 adi-

2456 4706 2636 4766 utem
2655 4720 2732 4764 eo
2745 4700 3116 4782 graviorem
3137 4698 3350 4764 facere
3373 4698 3661 4780 ipsorum
3683 4695 4313 4761 condemnationem.

2515 4806 2554 4849 e
2611 4794 2885 4868 apparet
2927 4782 3197 4851 Saulem
3253 4804 3384 4850 non
3435 4781 3630 4847 fateri
3682 4766 3946 4866 culpam
3989 4802 4106 4865 per
4147 4779 4316 4849 ludi-

2370 4871 2607 4951 brium,
2651 4871 2766 4936 sed
2802 4870 2900 4935 ita
2929 4870 3134 4937 fuisse
3168 4869 3494 4944 affectum
3540 4876 3614 4932 ut
3649 4867 3897 4934 diceret
3933 4888 4002 4932 se
4035 4866 4315 4933 stultum

2373 4968 2441 5021 et
2484 4957 2788 5023 insanum
2832 4977 2977 5023 esse
3018 4970 3084 5021 et
3129 4954 3421 5037 graviter
3464 4973 3738 5033 errasse,
3782 4953 3935 5019 licet
3979 4962 4200 5019 tamen
4239 4953 4312 5021 in

2372 5050 2712 5125 posterum
2773 5042 2860 5108 ad
2925 5040 3262 5107 meliorem
3325 5039 3582 5123 frugem
3645 5060 3778 5105 non
3843 5040 3930 5104 sit
3991 5059 4312 5109 reversus.

2372 5128 2474 5197 Eo
2559 5129 2780 5211 itaque
2847 5128 3061 5195 maior
3129 5126 3253 5192 fnit
3311 5124 3522 5208 ipsius
3584 5124 4076 5204 condemnatio,
4139 5122 4316 5208 quod

2373 5214 2591 5364 mm
2661 5235 2788 5281 sua
2864 5211 3262 5281 conscientia
3337 5209 3696 5294 redarguit.
3807 5208 4032 5292 Quare
4109 5230 4314 5294 quum

2737 5310 2967 5367 contra
3019 5296 3456 5365 conscientiae
3509 5317 3802 5365 morsum
3845 5294 4174 5363 Davidem
4216 5304 4318 5363 est
