5059 6059
804 320 937 387 419

810 532 963 578 rum
999 510 1374 596 cupiditate,
1407 530 1543 575 non
1579 507 1795 575 ambio
1824 507 2072 592 regiam
2095 506 2519 592 dignitatem:
2557 527 2759 591 quare

810 617 970 682 ergo
1005 598 1230 663 darem
1265 595 1667 663 occasionem
1707 593 2010 661 omnibus
2042 592 2416 677 suspicandi
2450 614 2558 658 me
2590 592 2759 659 velle

809 703 1087 768 regnum
1154 679 1513 748 invadere?
1599 679 1837 746 Nonne
1903 700 2010 745 me
2067 678 2256 744 Deus
2310 679 2383 744 in
2438 678 2759 745 Iudaeam

811 771 1042 836 venire
1096 768 1331 833 iubens
1388 766 1649 834 videtur
1707 775 2020 848 tanquam
2064 765 2357 851 ingentis
2399 764 2547 830 saxi
2590 766 2760 831 mole

675 915 686 932 ‚
809 856 1084 922 obruere
1142 851 1358 921 velle?
1414 873 1750 937 quousque
1805 851 2070 917 tandem
2126 869 2277 917 cum
2337 851 2545 916 tantis
2588 851 2758 917 diffi-

807 939 1161 1009 cultatibus
1202 936 1553 1006 luctabor?
1600 937 1908 1003 nullusne
1944 938 2208 1003 futurus
2242 937 2397 1002 finis
2434 937 2758 1003 malorum

808 1026 939 1092 nisi
983 1047 1187 1110 quum
1232 1046 1270 1091 e
1327 1025 1499 1090 vivis
1541 1022 1923 1091 excessero?
1985 1022 2305 1107 quomodo
2361 1044 2485 1107 ego
2529 1023 2758 1107 paucis

806 1112 1089 1195 stipatus
1144 1110 1464 1177 militibus
1520 1108 1744 1176 Saulis
1785 1108 2036 1176 viribus
2078 1109 2381 1175 resistam
2396 1108 2428 1173 ⁴?
2484 1130 2617 1193 qua
2659 1131 2760 1174 ra·

806 1198 986 1265 tione
1029 1197 1312 1281 denique
1359 1197 1531 1261 vitae
1576 1215 1760 1261 meae
1803 1195 2138 1262 consulam
2154 1194 2186 1259 ’ἶ

982 1282 1255 1350 Talibus
1288 1283 1495 1367 igitur
1529 1302 1604 1347 ac
1638 1280 1960 1347 similibus
1996 1279 2496 1366 cogitationibus
2532 1279 2757 1345 David

807 1379 1070 1455 poterat
1103 1370 1311 1437 Gathi
1348 1368 1651 1434 nuntium
1689 1365 1989 1434 eludere:
2022 1367 2137 1432 sed
2173 1365 2322 1452 plus
2356 1364 2535 1450 apud
2567 1366 2755 1433 illum

807 1455 993 1523 verbi
1039 1455 1247 1523 divini
1291 1455 1396 1521 vis
1438 1473 1630 1536 quam
1678 1452 2138 1518 difficultatum
2180 1451 2475 1518 omnium
2521 1473 2755 1537 appre-

806 1542 1041 1610 hensio
1096 1541 1325 1625 potuit.
1416 1538 1862 1622 Quamobrem
1923 1537 2249 1605 discamus
2303 1538 2388 1604 ad
2431 1538 2563 1604 Dei
2605 1559 2754 1605 ver-

807 1629 965 1696 bum
1024 1625 1491 1710 recipiendum,
1550 1635 1618 1691 et
1658 1624 1742 1690 ad
1785 1647 1978 1691 usum
2024 1633 2324 1691 nostrum
2368 1635 2754 1692 converten-

808 1713 987 1791 dum,
1045 1712 1439 1778 avertendos
1496 1711 1738 1777 oculos.
1778 1732 1922 1777 esse
1979 1708 2062 1776 ab
2118 1709 2424 1776 omuibus
2481 1709 2754 1776 obiectis

805 1811 874 1866 et
926 1798 1421 1865 difficultatibus
1477 1798 1710 1881 quibus
1769 1798 1851 1862 ab
1910 1796 2127 1863 officio
2170 1796 2483 1861 deterreri
2527 1817 2750 1879 posse·

800 1907 967 1966 mus,
1012 1896 1080 1950 et
1123 1906 1161 1948 a
1206 1905 1364 1950 vera
1407 1893 1479 1949 et
1518 1904 1654 1948 non
1697 1884 1850 1949 ficta
1895 1884 2021 1949 Dei
2065 1882 2434 1949 obedientia
2476 1881 2751 1948 resilire.

800 1970 1243 2054 Quamobrem
1308 1968 1826 2053 quotiescunque
1887 1970 2070 2034 Deus
2125 1989 2205 2034 ea
2259 1968 2529 2034 iusserit
2584 1987 2753 2051 quae

797 2057 1040 2124 iudicio
1106 2070 1172 2122 et
1230 2057 1472 2122 rationi
1527 2056 1966 2140 repugnantia
2024 2054 2444 2132 videbuntur,
2520 2075 2753 2119 seusus

739 2159 756 2176 ·
798 2152 1056 2210 nostros
1100 2143 1510 2226 captivemus
1553 2141 1828 2224 eiusque
1874 2140 2203 2205 voluntati
2245 2145 2365 2205 nos
2400 2147 2576 2206 totos
2608 2161 2754 2223 per·

800 2229 1162 2304 mittamus,
1241 2235 1312 2294 et
1388 2247 1776 2311 quacunque
1857 2225 2127 2292 duxerit
2189 2246 2563 2308 sequamur.
2654 2228 2752 2292 Ac

799 2315 952 2381 lieet
986 2333 1458 2397 nonnunquam
1494 2334 1617 2380 nos
1651 2312 1733 2377 ad
1770 2312 2097 2378 lanienam
2136 2311 2399 2377 trahere
2430 2311 2752 2396 videatur,

800 2399 1124 2482 intrepide
1169 2408 1391 2464 tamen
1433 2398 1767 2465 iubentem
1812 2418 2187 2481 sequamur,
2245 2397 2518 2463 minime
2563 2396 2753 2463 dubi·

799 2497 1020 2552 tantes
1079 2487 1248 2569 quin
1304 2486 1591 2552 rationes
1646 2482 1885 2549 habeat
1941 2491 2151 2550 certas
2197 2491 2459 2550 nostrae
2501 2484 2751 2562 salutis,

801 2573 957 2639 licet
991 2570 1181 2638 nobis
1224 2570 1613 2654 incognitas.
1702 2568 1923 2635 David
1966 2570 2193 2653 igitur,
2234 2569 2387 2636 lieet
2430 2569 2753 2653 propheta

800 2658 1018 2725 solum
1037 2657 1164 2721 Dei
1203 2657 1583 2722 mandatum
1630 2656 1711 2722 de
1756 2655 2186 2740 relinquenda
2227 2654 2541 2738 spelunca
2575 2665 2754 2720 attu-

798 2745 1004 2822 lisset,
1048 2763 1261 2824 neque
1305 2752 1421 2807 aut
1460 2762 1644 2807 arma
1672 2750 1787 2807 aut
1821 2743 2044 2826 copias
2079 2740 2581 2825 suppeditasset,
2622 2740 2752 2806 Dei

799 2839 1023 2896 tamen
1077 2828 1463 2912 sapientiam
1525 2828 1868 2894 hominum
1911 2827 2433 2912 apprehensione
2476 2848 2753 2912 cognos-

797 2937 955 2985 cens
999 2915 1193 2999 longe
1235 2935 1378 2980 esse
1422 2915 1849 2997 superiorem,
1895 2915 2038 2980 sine
2075 2912 2459 2979 difficultate
2495 2922 2565 2979 et
2600 2934 2752 2979 con-

797 3000 1183 3069 tradictione
1218 3021 1362 3066 sese
1399 2999 1670 3066 Domini
1707 2999 2039 3065 mandatis
2074 2998 2536 3083 obsequentem
2572 3021 2757 3085 prae-

798 3088 971 3156 buit:
1034 3107 1190 3152 nam
1250 3086 1482 3152 relicta
1539 3087 1852 3171 spelunca
1907 3086 2022 3151 illa
2080 3084 2384 3151 Odollam
2445 3088 2628 3152 venit
2680 3088 2753 3149 in

799 3176 1037 3243 saltum
1105 3172 1346 3238 Hareti
1412 3173 1524 3256 qui
1593 3181 1738 3237 erat
1803 3174 1873 3238 in
1941 3170 2206 3237 Iudaea.
2309 3171 2461 3237 Non
2527 3173 2757 3255 itaque

800 3260 1157 3328 terminum
1201 3258 1487 3342 aliquem
1533 3258 1655 3325 sibi
1694 3259 1967 3343 praefigi
2003 3258 2085 3324 ad
2130 3257 2505 3324 exeundum
2532 3257 2754 3324 David

802 3345 1243 3431 exspectavit:
1287 3343 1404 3410 sed
1449 3353 1720 3429 repente
1764 3364 1836 3410 se
1877 3343 2149 3408 Domini
2195 3342 2524 3409 mandatis
2569 3345 2754 3410 obse-

804 3441 1112 3518 quentem
1172 3429 1494 3514 praebuit.
1584 3430 1733 3512 Quo
1789 3430 2093 3513 exemplo
2136 3429 2353 3495 Deum
2413 3439 2757 3496 vocantem

804 3518 1009 3602 sequi,
1056 3539 1190 3583 non
1234 3517 1545 3601 speciosis
1589 3517 1857 3601 quidem
1915 3525 1981 3581 et
2025 3518 2217 3583 vanis
2271 3516 2759 3599 protestationi-

805 3605 932 3672 bus
989 3614 1056 3669 et
1111 3604 1536 3670 caeremoniis
1559 3615 1608 3682 ,'
1640 3602 1754 3669 sed
1813 3622 1964 3669 cum
2023 3601 2362 3668 alacritate
2427 3612 2494 3667 et
2553 3603 2758 3668 animi

803 3689 1335 3776 promptitudine,
1381 3690 1525 3755 sine
1568 3709 1906 3754 murmure
1941 3710 2018 3756 ac
2060 3688 2576 3755 contradictione
2612 3710 2756 3754 nos-

806 3798 933 3861 que
991 3776 1116 3858 ipsi
1159 3776 1494 3858 regendos
1560 3795 1642 3840 ex
1698 3775 1906 3859 ipsius
1978 3774 2317 3840 voluntate
2374 3776 2758 3858 permittere

809 3863 1136 3929 docemur.
1197 3860 1346 3942 Qua
1378 3862 1624 3927 virtute
1661 3860 2030 3944 praeditum
2070 3859 2397 3928 Davidem
2439 3860 2755 3942 videmus,

808 3949 996 4017 cuius
1042 3966 1228 4011 exem
1279 3946 1418 4010 lum
1463 3967 1586 4012 nos
1605 3955 1860 4030 oportet
1883 3947 2145 4023 imitari,
2192 3946 2304 4029 qui
2336 3946 2491 4012 licet
2511 3947 2757 4014 multas

808 4032 1225 4103 contradicen
1276 4034 1296 4095 i
1354 4033 1724 4098 occasiones
1786 4032 2027 4098 habere
2103 4032 2472 4110 videretur,
2532 4031 2754 4098 Deum

808 4133 1029 4187 tamen
1084 4119 1149 4182 in
1213 4116 1526 4182 Iudaeam
1582 4120 1677 4184 ire
1742 4118 2072 4184 iubentem
2129 4118 2378 4201 placide
2436 4133 2755 4201 sequutus

809 4216 927 4275 est.
989 4206 1082 4271 Et
1126 4203 1319 4270 divus
1355 4203 1603 4270 Paulus
1639 4206 1810 4271 hauc
1832 4203 2210 4289 generalem
2234 4204 2529 4287 regulam
2567 4205 2757 4271 nobis

805 4290 1212 4382 praescribit,
1257 4311 1457 4373 quum
1496 4289 1577 4354 de
1611 4300 1800 4373 patre
1822 4301 2044 4356 nostro
2065 4289 2444 4355 Abrabamo
2487 4291 2759 4374 loquens

808 4381 900 4446 ait
944 4380 1163 4460 ipsum
1208 4376 1562 4441 credidisse
1607 4376 2022 4458 promissioni
2085 4378 2293 4441 factae
2338 4375 2463 4442 sibi
2509 4376 2592 4441 de
2637 4398 2756 4443 suo

807 4467 1075 4542 semine,
1119 4471 1186 4529 et
1223 4481 1360 4530 aon
1406 4464 1774 4544 respexisse
1818 4482 2055 4546 corpus
2107 4483 2301 4527 suum
2361 4462 2488 4526 iam
2550 4484 2757 4528 emor·

806 4561 1017 4628 tuum,
1065 4569 1276 4632 neque
1302 4547 1526 4613 uxoris
1569 4547 1997 4624 sterilitatem,
2044 4547 2157 4613 sed
2179 4547 2325 4613 Deo
2372 4548 2757 4631 simpliciter

808 4639 1290 4719 obtemperasse
1349 4644 1418 4698 et
1476 4632 2019 4717 promissionibus
2095 4635 2301 4717 ipsius
2374 4634 2570 4700 fidem
2640 4634 2754 4700 ad·

808 4724 1115 4790 hibuisse.
1208 4719 1630 4785 Abrahamus
1673 4720 1878 4803 igitur
1918 4741 2051 4784 non
2095 4740 2173 4784 ea
2233 4740 2397 4803 quae
2454 4721 2755 4787 sensibus

809 4811 1051 4875 nostris
1115 4815 1489 4891 repugnant
1555 4820 1622 4871 et
1686 4805 1922 4888 quibus
1987 4805 2068 4870 ad
2135 4805 2603 4884 diffidentiam,
2671 4806 2753 4872 ad

810 4916 1003 4979 quam
1086 4904 1324 4959 natura
1398 4913 1626 4958 sumus
1713 4891 2133 4976 procliviores
2160 4943 2176 4973 ,
2277 4892 2757 4959 solicitaremur

809 4981 1129 5065 respexit:
1190 4978 1305 5045 sed
1351 4977 1422 5042 iu
1468 4978 1612 5044 Deo
1658 4988 1887 5044 contra
1929 4999 2111 5060 spem
2172 4978 2569 5060 sperandum
2613 5000 2755 5045 esse

808 5065 1145 5133 constituit
1168 5116 1184 5144 ,
1270 5075 1449 5131 certo
1530 5085 1877 5148 persuasus
1950 5064 2168 5128 Deum
2247 5076 2550 5129 nostrum
2615 5087 2757 5132 esse

806 5161 1239 5237 protectorem
1285 5162 1352 5216 et
1410 5149 1835 5234 defensorem,
1894 5150 2153 5216 etiamsi
2211 5171 2251 5214 a
2306 5151 2554 5216 mundo
2608 5152 2756 5215 reii-

809 5240 1060 5306 ciamur
1125 5247 1191 5301 et
1254 5235 1437 5301 nulla
1500 5237 1730 5302 salutis
1809 5258 1957 5319 spes
2037 5245 2363 5319 appareat.
2473 5236 2753 5302 Interim

2424 315 2839 385 HOMILIA
2882 316 3214 384 LXXIX.

4637 315 4728 383 420

2865 516 3087 573 tamen
3130 528 3262 574 nou
3307 506 3450 574 sine
3493 517 3674 574 metu
3731 506 3949 590 aliquo
4002 505 4204 572 fuisse
4248 505 4557 571 Davidem
4603 507 4736 574 vitle-

2861 613 3033 671 mus,
3100 613 3304 679 quum
3357 595 3429 659 in
3487 594 3730 660 saltum
3787 591 3978 658 illum
4035 592 4263 676 procul
4318 593 4401 656 ab
4462 591 4737 660 hominum

2862 690 3215 764 conspectu
3235 727 3255 765 ,
3320 679 3542 760 venit,
3596 680 3754 746 licet
3810 679 4098 763 alioquin
4168 678 4381 763 ipsum
4454 678 4733 745 excellenti

2861 766 3405 851 magnanimitate
3448 776 3515 830 et
3558 763 3938 832 fortitudine
3974 764 4175 830 fuisse
4194 762 4553 848 praeditum
4570 764 4736 831 videa—

2862 873 3033 918 mus.
3102 853 3582 919 Verumtamen
3615 853 3836 917 animo
3876 853 4227 917 fluctuasse
4260 851 4473 934 ipsum
4513 863 4741 933 apparet,

2863 948 2931 1003 et
2974 939 3198 1005 varias
3243 958 3439 1005 curas
3481 939 3787 1023 agitasse.
3872 938 3934 1003 N
3938 957 4043 1002 am
4089 939 4145 1004 ei
4189 936 4661 1002 Bethlehemam
4690 937 4739 1002 in

2862 1026 3070 1107 patris
3128 1033 3246 1090 aut
3308 1037 3736 1109 cognatorum
3807 1023 4074 1090 domum
4147 1043 4423 1091 vacuam
4498 1023 4739 1106 venisset,

2863 1112 3045 1177 visus
3090 1111 3319 1177 fuisset
3359 1111 3560 1195 plane
3603 1111 4060 1176 confirmatus:
4117 1108 4232 1175 sed
4275 1129 4475 1192 quum
4516 1106 4579 1173 iu
4615 1107 4741 1173 saltz:

2862 1194 3245 1263 delitescere
3287 1196 3561 1280 cogitur,
3606 1197 3676 1261 in
3723 1216 3851 1279 quo
3894 1194 4081 1261 nulla
4122 1204 4267 1261 erat
4308 1194 4626 1272 habitatio,
4660 1214 4743 1259 ne-

2861 1302 2991 1365 que
3030 1281 3307 1368 parandi
3353 1283 3565 1350 victus
3606 1283 3792 1363 ratio,
3837 1302 3921 1347 ex
3966 1301 4043 1347 eo
4090 1289 4364 1366 apparet
4404 1289 4551 1345 ante
4586 1280 4745 1364 ipsius

2861 1368 3087 1436 oculos
3128 1379 3405 1435 mortem
3442 1369 3643 1434 fuisse
3677 1388 3937 1451 semper
3970 1368 4415 1434 obversatam:
4478 1365 4584 1433 sed
4614 1365 4746 1430 nibi-

2858 1452 3147 1522 lominus
3186 1466 3408 1520 tameu
3460 1455 3701 1539 ipsum,
3759 1473 4196 1538 quaecunque
4238 1452 4459 1518 animo
4499 1451 4745 1530 versat-it,

2858 1541 2927 1605 in
2972 1539 3119 1607 Deo
3162 1560 3505 1625 sperasse:
3549 1562 3705 1607 nam
3745 1541 3801 1606 si
3847 1540 4104 1605 nullum
4146 1537 4509 1622 periculum
4549 1538 4747 1604 timuis

2859 1635 2962 1692 set
3003 1647 3147 1693 sese
3169 1626 3389 1712 palam
3418 1627 3933 1711 imperterritum
3970 1625 4386 1692 declarasset.
4456 1622 4748 1689 Caeterum

2858 1734 2987 1777 non
3032 1712 3302 1796 ignavia
3345 1722 3461 1779 aut
3502 1714 3704 1778 nimio
3747 1723 3930 1777 metu
3976 1713 4050 1777 in
4102 1712 4275 1777 saltu
4318 1710 4435 1776 illo
4491 1709 4749 1789 substitit,

2858 1798 2973 1864 sed
3018 1808 3241 1864 tamen
3298 1799 3569 1883 periculi
3623 1799 4030 1864 imminentis
4084 1796 4599 1881 apprehensione
4646 1813 4750 1860 sem

2857 1884 2927 1948 in
2980 1883 3096 1949 illo
3151 1885 3496 1966 continuit,
3554 1883 3734 1968 quod
3786 1884 3858 1949 ni
3915 1883 4197 1962 fecisset,
4255 1882 4457 1966 plane
4506 1878 4750 1964 stupidus

2855 1969 3060 2036 fuisse
3103 1969 3459 2037 videretur.
3544 1970 3781 2052 Itaque
3821 1991 3907 2036 ex
3949 1980 4140 2053 parte
4182 1967 4459 2052 periculi
4499 1988 4673 2034 sensu
4704 1975 4752 2031 et

2856 2053 3373 2139 apprehensione
3428 2055 3687 2122 delituit
3703 2106 3718 2134 ‚
3782 2076 3868 2121 ex
3941 2066 4125 2139 parte
4177 2076 4336 2121 vero
4411 2051 4751 2139 singularem

2855 2143 3291 2209 constantiam
3336 2141 3499 2207 fides
3541 2143 3752 2227 ipsius
3811 2142 4063 2227 peperit
4105 2161 4235 2225 qua
4290 2162 4366 2206 se
4409 2141 4550 2207 Deo
4599 2158 4753 2222 quum

2857 2249 2963 2293 res
3006 2227 3368 2310 postulavit
3410 2228 3876 2311 obsequentem
3929 2227 4250 2312 praebuit.
4338 2226 4490 2292 Hoc
4530 2222 4752 2289 Davidis

2857 2314 3232 2397 exemplum
3291 2334 3414 2380 nos
3469 2313 3655 2379 decet
3724 2314 3999 2392 imitari,
4077 2324 4154 2377 ut
4215 2313 4512 2397 pericula
4568 2307 4752 2394 quibas

2857 2399 3149 2484 undique
3194 2399 3683 2466 circumdamur
3738 2399 4075 2465 intuentes
4140 2397 4379 2465 soliciti
4438 2397 4675 2482 quidem
4705 2403 4754 2458 et

2859 2486 3040 2550 anxii
3084 2486 3291 2552 simus
3334 2495 3660 2569 quatenus
3702 2486 3888 2552 Deus
3932 2485 4125 2551 nobis
4168 2485 4573 2551 occasionem
4612 2501 4754 2566 prse-

2862 2571 3001 2637 bet:
3045 2571 3161 2638 sed
3205 2572 3467 2638 interim
3511 2592 3648 2636 non
3690 2571 3888 2655 plane
3930 2571 4335 2638 collabamur
4391 2579 4461 2635 et
4515 2569 4754 2635 animum

2858 2656 3417 2741 despondeamus,
3490 2658 3605 2724 sed
3675 2656 3798 2725 sub
3855 2657 4159 2723 umbram
4217 2656 4478 2721 alarum
4534 2651 4753 2719 Domini

2858 2744 3334 2828 confugiamus,
3390 2751 3461 2809 et
3515 2742 3795 2810 assiduis
3848 2744 4151 2827 precibus
4221 2763 4376 2806 eum
4438 2744 4756 2807 invocemus

2858 2839 2932 2894 ut
2975 2850 3101 2895 sua
3144 2829 3315 2895 dona
3353 2839 3720 2914 perpetuet,
3765 2849 4016 2912 nosque
4054 2850 4176 2896 suo
4221 2829 4451 2893 favore
4507 2835 4570 2892 et
4606 2826 4756 2890 bene·

2856 2915 3151 2982 volentia
3193 2925 3492 3001 protegat
3535 2925 3603 2980 et
3658 2924 3944 2981 tueatur.
4032 2914 4263 2998 Neque
4322 2934 4487 2980 vero
4542 2910 4758 2978 dubium

2857 3010 2957 3067 est
3000 3003 3161 3083 quin
3220 3002 3276 3068 si
3329 3001 3627 3086 persuasi
3687 3003 3892 3067 simus
3936 3000 4157 3066 Deum
4220 3020 4261 3063 a
4326 3000 4569 3065 nostris
4626 3005 4758 3061 stare

2858 3087 3177 3173 partibus,
3222 3095 3291 3154 et
3334 3089 3504 3154 feri-e
3548 3084 3737 3153 nobis
3780 3087 4234 3153 laborantibus
4288 3085 4621 3169 suppetias
4653 3099 4758 3148 esst

2858 3181 3184 3257 paratum,
3229 3174 3520 3324 pericula
3540 3175 3778 3257 quibus
3802 3172 4093 3257 undique
4115 3172 4452 3256 cingimur
4490 3167 4757 3268 ⁰¹².qu

2858 3279 3007 3326 mus
3053 3270 3121 3324 et
3162 3280 3237 3325 sa
3264 3269 3447 3325 utem
3490 3280 3982 3342 consequamur.
4072 3258 4220 3324 Hoc
4263 3258 4322 3322 si
4384 3265 4620 3324 nostris
4654 3272 4760 3319 am·

2858 3346 2985 3412 mis
3028 3346 3305 3411 infixum
3349 3348 3494 3428 erit,
3537 3356 3603 3411 et
3646 3356 3822 3412 certo
3864 3345 4164 3427 persuasi
4204 3344 4531 3409 fuerimus
4571 3339 4642 3405 de
4668 3337 4760 3403 Dei

2858 3433 3116 3499 favore:
3175 3432 3544 3498 cavendum
3598 3433 3728 3497 erit
3782 3430 4133 3516 diligenter
4175 3450 4260 3495 ne
4296 3429 4458 3513 quid
4502 3449 4583 3494 ex
4619 3423 4760 3492 nobis

2855 3518 3017 3602 ipsis
3060 3517 3514 3602 suscipiamus.
3605 3516 3739 3585 Sed
3781 3516 3912 3581 Dei
3955 3517 4233 3584 verbum
4276 3537 4352 3581 se
4400 3535 4643 3592 namur,
4676 3529 4761 3594 qm

2859 3625 3089 3670 murus
3168 3603 3357 3671 nobis
3435 3605 3563 3670 erit
3639 3603 3948 3674 aheneus.
4075 3602 4341 3684 Quema
4388 3601 4643 3667 modum
4708 3601 4757 3657 et

2859 3688 3186 3756 Davidem
3255 3690 3386 3756 Dei
3447 3689 3988 3776 promissionibus
4053 3689 4284 3754 nixum
4361 3688 4660 3753 invictam
4708 3699 4763 3744 111

2860 3774 3326 3844 afflictionibus
3372 3777 3805 3843 constantiam
3830 3776 4183 3843 retinuisse
4217 3773 4604 3841 videbimus.
4658 3766 4761 3832 Noa

2858 3863 3082 3946 itaque
3146 3863 3303 3930 licet
3366 3862 3543 3929 aliud
3608 3863 3900 3928 humana
3965 3864 4132 3927 ratio
4215 3860 4594 3934 dictaverit,
4660 3872 4763 3918 non

2859 3957 3116 4032 oportet
3160 3963 3380 4014 tamen
3427 3949 3783 4032 quidquam
3828 3956 4077 4013 temere
4136 3946 4512 4031 imaginari,
4564 3941 4665 4008 sed
4700 3935 4759 4001 td

2862 4036 3079 4100 Deum
3122 4055 3467 4119 assurgere
3511 4045 3579 4100 et
3636 4034 3862 4100 sedulo
3904 4034 4163 4118 precari
4221 4045 4295 4098 ut
4359 4033 4501 4098 vias
4554 4037 4763 4094 ηοω

2860 4121 3119 4206 dirigat,
3166 4129 3234 4186 et
3276 4142 3396 4187 nos
3442 4120 3523 4187 ad
3568 4142 3760 4187 suum
3807 4133 4042 4185 nutum
4077 4129 4432 4202 componat
4476 4125 4544 4182 et
4573 4110 4761 4179 ‹100ssoe

2859 4207 3110 4286 reddat,
3155 4219 3230 4272 ut
3265 4207 3419 4273 licet
3458 4208 3585 4292 ipsi
3620 4207 4078 4285 caecutiamus,
4124 4206 4266 4289 ipse
4304 4225 4430 4270 nos
4464 4222 4578 4270 sua
4606 4213 4761 4266 mann

2860 4292 3072 4372 ducat,
3119 4302 3185 4357 et
3224 4295 3475 4359 exitum
3521 4293 3776 4358 felicem
3820 4292 4152 4360 concedat.

3030 4379 3174 4445 Iam
3223 4399 3381 4446 vero
3426 4380 3623 4465 agite,
3666 4385 3768 4444 etc.
