5059 6059
796 287 924 357 363

798 473 1058 559 quidem
1119 493 1361 538 nomen
1413 472 1708 539 divinum
1767 474 2178 548 advocatum,
2237 494 2368 539 non
2425 473 2597 540 sinet
2637 474 2736 540 in-

798 561 938 628 ulta
980 559 1279 643 periuria.

970 645 1202 729 Pergit
1261 643 1670 709 Ionathanus
1741 642 2021 709 adiicere
2092 664 2337 709 novum
2407 645 2735 711 iusiuran-

803 734 992 798 dum:
1043 729 1149 795 Βία
1191 729 1508 797 Dominus
1565 729 1728 795 inter
1778 749 1876 795 me
1935 734 1991 794 et
2047 734 2104 794 te
2159 750 2354 811 usque
2395 730 2468 796 in
2507 731 2737 812 sempi-

798 825 1059 895 ternum,
1114 837 1241 899 quo
1300 815 1511 899 magis
1569 837 1643 881 ac
1703 814 1911 898 magis
1969 815 2272 880 ostendat
2327 836 2398 881 se
2444 817 2736 881 alienum

800 925 942 970 esse
986 902 1068 967 ab
1111 900 1244 966 illis
1289 902 1591 967 omnibus
1636 899 1973 966 fraudibus
2017 913 2084 965 et
2125 899 2293 966 dolis
2337 902 2572 984 quibus
2614 900 2735 968 ho·

802 991 1012 1055 mines
1056 987 1440 1070 plerumque
1482 1006 1603 1053 sua
1643 986 1927 1068 periuria
1970 997 2190 1070 tegere
2232 1003 2734 1067 consueverunt,

797 1074 1073 1160 pulchre
1117 1092 1339 1139 secum
1384 1073 1489 1157 agi
1535 1073 2009 1151 existimantes,
2072 1073 2127 1137 si
2171 1092 2389 1137 coram
2451 1073 2733 1138 homini-

794 1163 915 1227 bus
960 1159 1252 1225 occultae
1288 1172 1444 1223 sunt
1486 1160 1776 1242 ipsorum
1825 1157 2106 1236 fraudes,
2152 1157 2231 1222 de
2274 1159 2506 1241 quibus
2545 1159 2731 1243 argui

801 1269 933 1312 non
978 1247 1249 1329 possint,
1305 1264 1467 1326 quos
1525 1254 1744 1310 tamen
1791 1244 2130 1326 opertebat
2171 1246 2457 1328 cogitare
2515 1265 2729 1310 coram

803 1333 946 1400 Deo
992 1351 1123 1397 non
1163 1350 1304 1395 esse
1341 1330 1641 1406 occultas.
1688 1329 1802 1395 sed
1847 1329 1927 1392 de
1970 1327 2102 1396 illis
2136 1329 2291 1396 olim
2333 1329 2731 1395 reddendam

799 1421 922 1500 ipsi
981 1438 1122 1483 esse
1175 1418 1514 1481 rationem.
1601 1415 1854 1481 Idcirco
1912 1416 2107 1480 etiam
2166 1414 2462 1480 adbiberi
2521 1416 2735 1481 solent

800 1510 881 1571 ab
945 1503 1316 1568 hominibus
1375 1504 1744 1565 iuramenta
1813 1521 2123 1583 tanquam
2184 1501 2473 1566 remedia
2537 1522 2731 1584 quae·

797 1589 967 1667 dam,
1035 1608 1235 1671 quum
1303 1608 1406 1653 res
1472 1587 1762 1653 occultae
1829 1597 1984 1651 suut
2049 1598 2113 1650 et
2179 1585 2379 1650 nullis
2438 1586 2732 1663 testibus,

799 1677 928 1741 nisi
973 1675 1102 1739 Dei
1146 1674 1410 1740 nomine
1451 1673 1785 1747 advocato,
1833 1672 2048 1756 detegi
2094 1684 2385 1755 possunt.
2477 1671 2731 1737 Verum

801 1762 1030 1844 hodie,
1112 1759 1279 1844 proh
1345 1759 1560 1824 dolor!
1640 1779 1839 1841 quam
1920 1757 2081 1825 haec
2147 1759 2439 1823 doctrina
2501 1780 2732 1841 parum

802 1845 975 1930 apud
1018 1846 1316 1913 homines
1361 1846 1551 1924 valet,
1612 1845 1720 1926 qui
1782 1845 1837 1909 si
1884 1848 1964 1909 de
2006 1844 2202 1910 rebus
2247 1844 2518 1911 occultis
2561 1845 2733 1908 iura·

799 1935 1043 2013 verint,
1110 1952 1243 1997 non
1303 1933 1526 2015 magni
1585 1931 1831 1997 faciunt
1889 1930 2363 2006 iusiurandum,
2429 1931 2553 1995 nisi
2591 1932 2737 2011 qui-

802 2017 1076 2084 busdam
1121 2017 1434 2082 adhibitis
1491 2016 1743 2094 ritibus,
1826 2026 1891 2081 et
1949 2016 2227 2081 testibus
2286 2017 2739 2101 praesentibus

804 2125 843 2169 a
911 2102 1164 2169 notario
1236 2104 1306 2167 in
1365 2111 1511 2167 acta
1567 2103 1821 2186 publica
1896 2102 2312 2185 redigantur:
2378 2114 2574 2184 atque
2634 2100 2738 2167 bic

804 2192 1320 2256 iuramentorum
1365 2199 1776 2270 contemptus
1835 2198 2056 2253 tantus
2113 2200 2212 2253 est
2271 2199 2343 2253 ut
2384 2208 2496 2254 eos
2542 2189 2735 2253 etiam

807 2278 917 2360 qui
962 2297 1032 2341 se
1077 2276 1444 2359 gloriantur
1477 2275 1702 2340 fideles
1744 2274 2124 2356 pervaserit.
2189 2274 2283 2340 At
2347 2295 2466 2340 nos
2508 2289 2738 2340 contra

806 2361 998 2426 docet
1061 2361 1170 2425 hic
1235 2361 1434 2438 locus,
1504 2360 1794 2442 periuros
1863 2360 2014 2425 licet
2070 2362 2316 2426 centies
2374 2361 2737 2442 periurium

806 2447 1223 2523 occultarint,
1308 2466 1436 2512 uon
1515 2444 1662 2511 ideo
1728 2457 1942 2510 tamen
2024 2464 2061 2508 a
2126 2467 2330 2528 poena
2391 2446 2736 2523 immunes,

808 2531 978 2616 quod
1046 2531 1173 2596 Dei
1254 2531 1488 2597 iudicis
1544 2530 1762 2598 oculos
1842 2542 1910 2597 et
1974 2531 2329 2597 vindictam
2396 2550 2737 2613 nunquam

809 2617 1145 2701 effugiant,
1192 2617 1304 2699 qui
1352 2628 1678 2699 pastorum
1726 2628 1793 2682 et
1826 2627 2298 2683 conventorum
2335 2618 2578 2683 arbiter
2619 2626 2737 2696 est,

810 2713 875 2769 et
918 2705 1091 2767 inter
1134 2703 1595 2769 contrahentes
1641 2703 1984 2787 praesidet.
2063 2702 2157 2768 At
2201 2703 2437 2769 mirum
2483 2713 2586 2768 est
2628 2721 2738 2768 eos

808 2790 917 2871 qui
964 2787 1232 2853 nomine
1275 2788 1627 2855 christiano
1663 2789 2029 2873 gloriantur
2062 2788 2224 2854 adeo
2266 2788 2562 2871 stupidos
2598 2808 2740 2854 esse

808 2884 885 2939 ut
952 2874 1144 2941 huius
1222 2874 1486 2940 sceleris
1566 2874 2081 2958 magnitudinem
2160 2896 2296 2939 non
2362 2887 2739 2958 agnoscant,

809 2981 1009 3044 quum
1055 2968 1275 3024 tamen
1319 2959 1494 3044 ipsos
1533 2960 1826 3026 ethnicos
1879 2960 2003 3027 hac
2045 2959 2358 3046 religione
2400 2958 2742 3024 videamus

808 3046 1014 3111 fuisse
1079 3052 1401 3111 retentos:
1484 3046 1828 3130 Deumque
1892 3046 2063 3112 hanc
2143 3045 2437 3113 omnium
2505 3045 2743 3110 animis

811 3142 1047 3196 natura
1093 3131 1302 3215 legem
1339 3131 1765 3214 inscripsisse,
1811 3153 1943 3198 non
1982 3154 2124 3198 esse
2169 3133 2464 3214 proximo
2507 3132 2742 3196 facien-

810 3217 962 3297 dam
1004 3216 1342 3282 iniuriam:
1389 3216 1605 3283 Deum
1642 3227 1874 3283 testem
1918 3218 2188 3284 unicum
2234 3239 2372 3284 esse
2417 3216 2743 3281 sufficien-

811 3311 965 3378 tem,
1011 3302 1165 3368 licet
1199 3323 1303 3367 res
1342 3324 1567 3369 omnes
1602 3313 1856 3370 creatas
1891 3304 2252 3387 periurium
2288 3304 2505 3368 lateat.
2566 3300 2742 3369 Sane

810 3388 1161 3454 Labanum
1206 3388 1614 3455 idololatram
1658 3388 1860 3457 fuisse
1905 3392 2167 3474 scimus,
2227 3403 2293 3454 et
2338 3388 2585 3473 rapinis
2630 3387 2742 3452 de·

813 3473 1023 3539 ditum
1067 3475 1209 3540 sine
1251 3474 1379 3540 fide
1417 3482 1485 3540 et
1526 3476 1877 3557 aequitate:
1940 3496 2165 3541 verum
2212 3488 2427 3541 tamen
2472 3473 2588 3539 ille
2630 3493 2742 3556 pa·

812 3557 944 3623 lam
1014 3561 1389 3643 profitetur,
1470 3582 1782 3645 generum
1850 3562 2215 3644 alloquens,
2294 3562 2466 3640 fore,
2546 3572 2623 3624 ut
2686 3558 2743 3624 si

811 3645 1032 3710 nullus
1075 3645 1240 3710 alius
1283 3647 1571 3726 iniurias,
1631 3647 1688 3711 si
1730 3668 1900 3729 quae
1945 3647 2204 3713 filiabus
2245 3647 2583 3723 inferatur,
2644 3644 2742 3710 ul-

812 3731 1111 3811 ciscatur,
1153 3730 1337 3797 Deus
1380 3742 1600 3799 tamen
1660 3751 1769 3797 eas
1824 3732 2125 3798 vindicet.
2210 3732 2407 3799 Unde
2449 3731 2562 3797 isti
2604 3730 2741 3796 ido·

811 3814 1088 3881 lolatrae
1155 3816 1264 3883 hic
1328 3838 1576 3896 sensus,
1637 3818 1764 3884 nisi
1823 3838 1863 3882 a
1917 3817 2200 3884 natura?
2270 3817 2542 3883 Ethnici
2587 3836 2744 3883 sane

812 3901 894 3966 de
956 3902 1341 3968 iuramentis
1405 3904 1768 3987 magnificis
1837 3905 2050 3972 verbis
2115 3904 2366 3987 loquuti
2432 3916 2605 3983 sunt,
2670 3912 2744 3967 ut

810 3986 938 4052 Dei
991 3987 1398 4053 maiestatem
1458 3990 1983 4073 magnifacerent.
2086 3987 2311 4072 Quare
2364 4009 2568 4072 quum
2624 3989 2741 4054 ho-

810 4072 1027 4139 mines
1093 4074 1162 4139 in
1227 4074 1611 4141 iuramentis
1668 4075 2105 4158 concipiendis
2160 4085 2294 4140 tam
2353 4075 2535 4141 leves
2592 4074 2746 4155 sint,

810 4170 878 4224 et
923 4171 1056 4224 tam
1102 4159 1293 4242 proni
1354 4158 1436 4223 ad
1499 4159 1762 4227 divinae
1804 4163 2159 4228 maiestatis
2202 4170 2607 4244 conceptum,
2669 4182 2744 4224 eo

812 4244 1061 4310 maiore
1117 4264 1272 4310 cura
1328 4256 1396 4310 et
1459 4242 1677 4311 studio
1737 4246 2108 4313 meditanda
2165 4257 2265 4312 est
2329 4247 2516 4313 nobis
2581 4266 2746 4329 quae

814 4330 942 4396 hoc
984 4328 1127 4396 loco
1174 4329 1453 4396 traditur
1496 4330 1805 4410 doctrina,
1854 4353 2118 4417 nempe:
2162 4333 2523 4398 Dominum
2572 4335 2746 4396 inter

811 4416 1276 4482 contrahentes
1334 4415 1559 4482 sedere
1596 4418 1915 4484 arbitrum
1974 4431 2039 4484 et
2097 4418 2415 4485 iudicem:
2475 4439 2553 4485 ac
2595 4438 2745 4501 pro-

810 4502 965 4566 inde
1010 4502 1190 4567 nulla
1232 4524 1569 4586 superesse
1608 4503 1978 4570 hominibus
2021 4505 2281 4588 effugia,
2325 4506 2480 4587 quin
2524 4524 2746 4571 coram

813 4587 1017 4672 ipsius
1061 4587 1301 4654 iudicio
1344 4588 1647 4655 standum
1693 4588 1799 4655 sit.

987 4673 1309 4758 Magnum
1389 4686 1608 4740 autem
1692 4675 1941 4757 pondus
2007 4674 2250 4741 babent
2331 4676 2447 4741 illa
2509 4676 2746 4741 verba:

817 4758 904 4823 In
945 4762 1399 4840 smpiternam,
1459 4770 1524 4825 et
1568 4781 1704 4825 non
1741 4760 1972 4828 leviter
2030 4762 2520 4844 praetereunda.
2612 4761 2746 4843 Qui

815 4846 893 4911 fit
954 4846 1151 4924 enim,
1218 4845 1502 4924 obsecro,
1583 4855 1660 4910 ut
1725 4847 1967 4931 periuri
2033 4848 2219 4929 parvi
2288 4848 2528 4914 faciant
2593 4867 2747 4915 suas

816 4929 1262 5009 deierationes‚
1319 4943 1388 4997 et
1440 4930 1689 4996 malum
1745 4932 1917 4997 malo
1976 4933 2334 5010 cumulent,
2389 4933 2515 4998 nisi
2574 4934 2746 5017 quod

817 5012 961 5081 Deo
1006 5036 1248 5099 poenas
1311 5015 1656 5083 differente
1714 5017 2062 5084 videantur
2116 5019 2240 5085 sibi
2296 5020 2431 5084 fore
2503 5019 2745 5086 immu-

820 5100 980 5168 nes?
1072 5101 1253 5169 Hinc
1309 5104 1531 5187 itaque
1604 5104 2040 5186 periuriorum
2105 5114 2291 5171 tanta
2357 5103 2743 5187 frequentia,

817 5186 1229 5270 impunitatis
1270 5210 1388 5274 spe
1430 5188 1765 5255 nimirum.
1857 5189 2299 5271 Quamobrem
2346 5190 2507 5256 haec
2544 5192 2747 5259 verba

2411 281 2825 353 HOMILIA
2869 280 3157 349 LXXV.

4610 282 4711 346 364

2837 488 2991 541 sunt
3025 474 3370 556 diligenter
3403 472 3863 556 expendenda:
3915 471 4133 558 Usque
4167 473 4239 536 in
4273 472 4716 553 sempiternum,

2838 558 3076 641 quibus
3141 558 3446 624 docemur
3514 559 3655 622 Deo
3736 559 3889 625 licet
3965 579 4209 642 poenas
4272 556 4601 621 differente
4651 551 4720 619 ad

2841 659 3112 728 tempus,
3158 659 3378 709 tamen
3422 645 3742 709 rationem
3807 644 3964 710 olim
4009 644 4439 728 repetiturum
4494 650 4556 704 et
4604 660 4719 721 per-

2837 731 3004 795 iuria
3061 731 3131 795 in
3188 729 3474 795 medium
3522 731 4011 813 producturum.
4100 728 4277 797 Sane
4334 746 4536 811 quum
4574 723 4722 789 Deus

2838 817 2926 880 sit
2968 836 3186 881 rerum
3232 816 3527 880 omnium
3565 820 3770 892 testis,
3815 837 3945 883 non
3983 816 4206 882 statim
4245 813 4392 897 ipso
4436 824 4723 875 momento

2839 911 2905 965 et
2965 924 3047 966 ex
3111 912 3399 984 tempore
3464 902 3531 965 in
3592 912 3963 986 peccatores
4022 897 4525 967 animadvertit:
4588 896 4725 978 quod

2838 986 3015 1071 ipsos
3054 986 3282 1052 divina
3335 988 3651 1069 patientia
3708 999 3777 1052 et
3821 986 4079 1052 bonitas
4133 986 4245 1052 diu
4288 996 4632 1067 exspectet,
4679 996 4730 1045 et

2839 1071 2921 1137 ad
2966 1073 3430 1155 poenitentiam
3476 1074 3714 1138 invitet
3758 1084 3831 1138 ut
3873 1071 4232 1139 reddantur
4274 1067 4727 1135 inexcusabiles.

2837 1158 3025 1239 Quae
3080 1179 3285 1241 quum
3340 1157 3436 1223 ita
3493 1159 3657 1237 sint,
3716 1157 4042 1225 discamus
4091 1158 4218 1222 Dei
4278 1176 4519 1222 nomen
4570 1152 4732 1218 advo-

2834 1255 3078 1324 cantes,
3136 1266 3267 1309 non
3323 1244 3646 1327 respicere
3704 1245 3896 1311 amici
3953 1255 4068 1310 ant
4109 1242 4577 1326 consanguinei
4618 1260 4732 1322 per-

2835 1351 3081 1407 sonam,
3137 1342 3211 1393 ut
3268 1330 3557 1412 periurio
3613 1332 3857 1396 factum
3916 1331 4124 1415 ipsius
4180 1327 4445 1410 aliquod
4490 1326 4734 1410 flagitio·

2835 1436 2980 1481 sum
3029 1428 3344 1499 tegamus,
3402 1415 3518 1482 sed
3572 1416 3788 1482 Deum
3844 1417 4335 1482 meminerimus
4380 1414 4525 1478 fore
4576 1426 4637 1477 et
4684 1417 4735 1475 in

2838 1500 2974 1566 vita
3052 1513 3120 1565 et
3189 1502 3261 1565 in
3332 1512 3542 1568 morte
3615 1500 3938 1567 dictorum
3999 1500 4293 1567 omnium
4351 1498 4631 1564 iudicem
4687 1512 4738 1561 et

2840 1587 3181 1666 vindicem,
3242 1608 3317 1653 ac
3382 1587 3537 1653 licet
3593 1587 3777 1653 nulla
3820 1589 3889 1653 in
3936 1588 4041 1654 his
4084 1586 4279 1653 terris
4331 1586 4737 1670 periuriarum

2838 1682 3194 1754 appareant
3236 1673 3574 1756 supplicia,
3629 1695 3700 1742 re
3740 1676 3884 1757 ipsa
3926 1683 4144 1741 tamen
4188 1683 4577 1754 experturos
4614 1670 4739 1734 olim

2841 1759 3133 1823 homines
3193 1759 3418 1841 quanti
3475 1780 3664 1825 suum
3725 1780 3963 1825 nomen
4022 1759 4163 1824 fieri
4224 1759 4411 1822 Deus
4479 1757 4741 1833 volverit,

2838 1859 2905 1909 et
2946 1864 3072 1926 quo
3117 1843 3186 1908 in
3232 1843 3477 1910 honore
3520 1845 3774 1911 haberi:
3836 1865 4050 1927 neque
4102 1864 4389 1926 unquam
4450 1842 4742 1927 impunita

2839 1930 2974 1995 fore
3019 1939 3206 1994 tanta
3256 1931 3521 2014 flagitia,
3582 1934 4007 2014 quantumvis
4064 1949 4309 2013 poenas
4365 1929 4443 1993 in
4502 1928 4742 2013 longum

2841 2028 3095 2099 tempus
3142 2016 3322 2081 Deus
3368 2016 3647 2082 differat.
3736 2015 3961 2081 David
4006 2035 4159 2081 vero
4204 2036 4323 2098 pro
4368 2036 4448 2079 se
4493 2014 4743 2080 vicissim

2838 2103 3105 2184 excipit:
3151 2100 3468 2169 Dominus
3508 2104 3790 2184 requirat
3831 2102 3907 2168 de
3949 2123 4144 2168 mam
4186 2102 4590 2167 inimicorum
4630 2100 4743 2167 Dc·

2838 2186 3023 2266 vidis,
3065 2206 3229 2269 quac
3277 2188 3473 2253 verba
3515 2188 3998 2254 vehementiam
4056 2187 4261 2252 animi
4304 2189 4519 2268 ipsius
4558 2189 4746 2269 expri-

2840 2281 3056 2338 munt:
3102 2272 3334 2354 quibus
3378 2295 3448 2338 se
3493 2281 3795 2356 paratum
3844 2283 4123 2340 testatur
4162 2292 4407 2355 poenas
4454 2293 4585 2336 non
4627 2285 4744 2336 tan·

2840 2369 2981 2424 tum
3041 2379 3200 2442 quas
3244 2357 3431 2424 Deus
3486 2362 3626 2442 ipse
3681 2381 3801 2426 sua
3858 2379 4057 2425 manu
4100 2358 4390 2423 voluerit
4446 2357 4746 2442 infligere:

2838 2443 2951 2510 sed
2998 2442 3171 2526 quod
3216 2445 3339 2526 ipsi
3384 2446 3595 2529 magis
3638 2447 4151 2530 ignominiosum
4191 2445 4448 2522 fuisset,
4497 2443 4580 2509 ab
4618 2444 4747 2526 ipsis

2841 2530 3135 2596 hostibus
3194 2530 3381 2596 ferre.
3492 2530 3697 2612 Quasi
3764 2531 3970 2598 dicat:
4050 2532 4153 2597 Ne
4215 2551 4320 2596 me
4390 2531 4578 2595 Deus
4636 2531 4657 2594 i

2838 2624 3096 2683 tantum
3138 2637 3256 2682 sua
3312 2638 3516 2682 manu
3574 2618 3823 2700 puniat,
3877 2617 3993 2683 sed
4051 2619 4229 2699 ipsos
4280 2615 4619 2700 improbos
4656 2551 4749 2681 ff:

2839 2702 3050 2766 mines
3094 2711 3160 2767 et
3200 2703 3559 2786 flagitiosos
3621 2704 3969 2769 adversum
4014 2724 4121 2768 me
4168 2703 4473 2778 concitet,
4531 2712 4599 2767 et
4634 2701 4750 2766 illo-

2840 2809 2988 2853 rum
3046 2789 3406 2853 ministerio
3469 2810 3572 2854 me
3628 2789 3998 2863 ulciscatur,
4056 2797 4125 2854 et
4166 2788 4419 2853 maiore
4467 2787 4751 2854 dedecore

2840 2874 3090 2939 obruat.
3172 2873 3391 2939 Deum
3435 2875 3613 2940 enim
3657 2875 3896 2941 scimus
3939 2895 4133 2958 saepe
4175 2873 4259 2939 ad
4301 2874 4752 2958 suppliciorum

2840 2962 3231 3042 gravitatem
3311 2959 3590 3026 adiicere
3668 2959 3949 3025 dedecus
4024 2970 4091 3027 et
4164 2961 4188 3023 i
4235 2961 4627 3041 nominiam,
4694 2974 4753 3023 ιιι

2842 3054 3212 3128 peccatores
3288 3046 3500 3131 magis
3571 3066 3647 3111 ac
3729 3046 3940 3130 magis
4016 3045 4062 3111 h
4184 3047 4473 3112 'ientur.
4584 3045 4753 3113 Multi

2845 3131 3020 3197 enim
3078 3131 3229 3196 forti
3294 3133 3512 3197 animo
3577 3132 3894 3215 quaedam
3963 3133 4242 3197 adversa
4323 3131 4507 3198 ferre
4572 3130 4753 3215 parati

2844 3228 3016 3293 sunt,
3085 3215 3276 3284 modo
3333 3219 3741 3284 fortunarum
3802 3228 4060 3283 tantum
4120 3220 4446 3283 iacturam
4500 3218 4755 3302 aliquam

2843 3304 3087 3369 faciant
3139 3316 3254 3368 aut
3308 3304 3374 3369 in
3435 3305 3818 3387 corporibus
3876 3304 4121 3386 aliquid
4181 3304 4325 3383 sine
4384 3304 4755 3370 contumelia

2843 3399 2911 3455 et
2951 3389 3309 3473 ignominia
3353 3391 3707 3472 patiantur,
3763 3391 4001 3473 quibus
4051 3388 4328 3455 dedecus
4389 3405 4463 3454 et
4506 3390 4753 3474 ignomi-

2846 3476 3019 3540 niam
3066 3475 3237 3541 ferre
3283 3476 3521 3541 durum
3566 3489 3666 3541 est
3708 3486 3773 3540 et
3817 3475 4243 3541 intolerabile.
4333 3474 4540 3543 Hanc
4582 3477 4757 3561 igitur

2843 3561 2926 3626 ob
2969 3581 3229 3627 causam
3274 3561 3493 3627 David
3541 3563 3661 3628 hoc
3704 3562 3842 3627 loco
3900 3561 4286 3627 nominatim
4333 3563 4642 3628 meminit
4676 3563 4754 3627 nl·

2844 3647 3040 3712 tionis
3097 3647 3357 3712 divinae
3426 3668 3543 3731 per
3608 3668 3876 3713 manum
3941 3646 4355 3712 inimicorum
4426 3648 4755 3713 &cienda

2845 3733 3053 3797 Porro
3089 3731 3244 3799 hinc
3281 3735 3477 3798 etiam
3522 3731 3982 3818 colligendum,
4023 3732 4168 3798 Deo
4203 3733 4452 3799 nostris
4491 3734 4757 3800 hostibus

2843 3818 3023 3884 illam
3070 3819 3138 3882 in
3182 3839 3300 3884 nos
3336 3828 3717 3901 potestatem
3754 3819 3971 3899 dante,
4016 3839 4134 3884 nos
4176 3818 4377 3885 officii
4424 3820 4757 3898 admoneri,

2845 3917 3156 3987 tanquam
3213 3906 3268 3969 si
3314 3905 3705 3971 sententiam
3766 3907 3906 3987 ipse
3962 3902 4313 3970 adversum
4373 3928 4503 3972 nos
4561 3906 4754 3972 ferret.

2847 3990 3018 4055 Nam
3063 3990 3445 4057 afflictiones
3490 4010 3653 4074 quas
3698 3991 3886 4056 nobis
3924 3989 4109 4056 Deus
4152 3990 4478 4071 immittit,
4537 3992 4594 4059 si
4644 4011 4754 4057 non

2844 4076 3229 4143 coniunctae
3286 4087 3442 4142 sunt
3482 4097 3631 4142 eum
3678 4076 3985 4143 dedecore
4042 4084 4159 4141 aut
4202 4077 4589 4156 ignominia,
4642 4078 4755 4144 loco

2845 4172 3000 4228 sunt
3058 4172 3311 4227 tantum
3371 4161 3651 4228 mulctae
3704 4161 4043 4228 cuiusdam
4102 4161 4182 4227 ab
4242 4163 4383 4244 ipso
4433 4163 4624 4228 nobis
4658 4164 4755 4228 im-

2847 4248 3111 4332 positae.
3202 4246 3332 4315 Sed
3385 4269 3586 4330 quum
3631 4248 3711 4311 ad
3769 4249 4154 4315 afflictiones
4207 4245 4494 4315 dedecus
4539 4251 4753 4317 accedit

2848 4348 2914 4400 et
2958 4334 3331 4417 ignominia,
3392 4333 3575 4399 Deus
3634 4334 3922 4399 ostendit
3982 4355 4106 4398 non
4166 4333 4344 4399 leves
4399 4337 4677 4402 offensas
4722 4359 4753 4401 a

2848 4421 3033 4486 nobis
3090 4419 3435 4485 admissas:
3497 4418 3607 4484 sed
3665 4420 4000 4504 graviores
4056 4440 4218 4502 quas
4274 4421 4543 4503 publica
4596 4424 4751 4506 igno·

2850 4506 3051 4570 minia
3116 4505 3332 4588 puniri
3415 4526 3675 4572 necesse
3740 4506 3827 4571 sit
3905 4507 3976 4571 in
4039 4505 4319 4570 aliorum
4382 4508 4751 4592 exemplum.

2848 4591 3048 4660 Utilis
3112 4612 3271 4656 sane
3332 4589 3631 4656 doctrina
3686 4591 3847 4658 haec
3907 4601 4006 4657 est
4065 4612 4148 4657 ex
4212 4590 4338 4657 ho'c
4393 4593 4544 4661 loco
4598 4596 4752 4661 nobis

2849 4676 3152 4754 eruenda,
3213 4686 3280 4741 et
3333 4677 3403 4740 in
3461 4697 3650 4745 usum
3710 4686 4008 4744 nostrum
4061 4679 4526 4747 convertenda.
4608 4680 4751 4745 Nam

2848 4764 2986 4829 fere
3044 4763 3355 4846 improbis
3419 4773 3487 4828 et
3539 4762 3879 4846 flagitiosis
3937 4763 4310 4830 hominibus
4367 4767 4439 4829 in
4500 4787 4617 4832 nos
4665 4785 4749 4849 po-

2847 4856 3153 4915 testatem
3197 4858 3264 4915 et
3305 4847 3663 4913 dominium
3720 4849 4189 4927 exercentibus,
4246 4849 4319 4915 in
4368 4851 4383 4865 ‘
4596 4874 4667 4918 m·
4700 4864 4750 4915 st

2848 4935 3052 5002 veluti
3114 4933 3419 5000 dentibus
3484 4933 3861 5000 frendentes
3933 4934 4251 5002 adversus
4317 4936 4538 5003 Deum
4599 4937 4749 5004 oblo-

2846 5021 3112 5105 quimur
3168 5030 3236 5085 et
3293 5020 3703 5087 altercamur.
3805 5019 4026 5101 Quare
4080 5021 4264 5087 Deus
4316 5022 4500 5090 hunc
4538 5023 4749 5106 impro-

2848 5108 3003 5172 bum
3050 5106 3122 5172 in
3167 5127 3273 5172 me
3316 5105 3720 5172 dominatum
3769 5105 4009 5172 habere
4052 5106 4426 5190 permittit?
4473 5130 4593 5177 cm·
4632 5108 4747 5175 isti·

2849 5193 3138 5260 habenas
3193 5189 3275 5257 ad
3332 5211 3438 5257 me
3481 5189 3859 5257 vexandum
3902 5191 4126 5258 laxat?
4206 5193 4409 5261 Mene
4450 5196 4745 5279 perpetuis
