5059 6059
793 354 923 422 515
1002 337 1007 342 ’

798 546 1078 632 populus
1153 544 1410 631 publica
1478 542 1879 612 confessione
1938 564 2007 611 se
2065 564 2286 614 coram
2344 543 2489 611 Deo
2549 564 2736 611 reum

798 641 1201 720 agnosceret,
1256 628 1489 696 deinde
1541 637 1954 714 peccatorum
1998 629 2473 697 absolutionem
2520 639 2587 697 et
2631 651 2737 696 re-

799 720 1173 784 missionem
1230 717 1583 802 gratuitam
1642 723 1981 800 quaereret
2035 737 2155 801 per
2213 716 2481 782 modum
2535 736 2575 781 a
2609 715 2742 783 Do·

800 806 981 870 mino
1038 804 1178 886 ipso
1281 803 1730 886 raescriptum,
1788 822 2022 886 nempe
2068 799 2543 885 redemptorem
2589 823 2742 886 pro-

798 892 1092 957 missum.
1254 909 1326 954 as
1368 891 1806 955 caeremonias
1850 889 2145 972 papistae
2180 888 2396 969 hodie,
2439 888 2555 955 sed
2592 899 2742 955 tan-

800 996 997 1060 quam
1039 975 1287 1051 simiae,
1342 974 1705 1040 imitantur.
1795 971 2341 1058 Quandoquidem
2387 976 2564 1040 enim
2609 974 2741 1041 Do·

798 1062 1021 1128 minus
1076 1067 1304 1126 noster
1359 1059 1548 1126 Iesus
1605 1058 1909 1126 Christus
1968 1060 2270 1144 apparuit
2320 1061 2394 1125 in
2449 1080 2620 1145 aqua
2676 1067 2742 1127 et

799 1147 1139 1234 sanguine,
1197 1144 1743 1229 quemadmodum
1785 1144 2033 1229 reliqua
2083 1155 2375 1213 veterum
2421 1147 2742 1214 sacrificia

800 1243 957 1300 sunt
1001 1231 1257 1311 abolita,
1301 1239 1367 1297 et
1411 1228 1826 1316 evangelium
1871 1231 2046 1296 aliud
2091 1231 2494 1298 contrarium
2540 1232 2741 1299 habet

801 1319 1210 1396 sacrificium,
1257 1317 1349 1384 sic
1386 1324 1453 1383 et
1486 1318 1629 1383 istis
1664 1316 2106 1384 ablutionibus
2141 1325 2209 1383 et
2242 1318 2741 1404 purgationibus

799 1402 1122 1490 legalibus
1195 1403 1395 1469 finem
1476 1402 1853 1486 impositum
1930 1402 2231 1469 sciamus.
2317 1402 2490 1469 Nam
2570 1401 2740 1487 quod

803 1490 1096 1576 papistae
1159 1508 1278 1572 pro
1336 1509 1407 1554 se
1467 1489 1769 1555 adferunt
1825 1495 1899 1554 ut
1953 1508 2143 1554 suum
2188 1510 2473 1555 errorem
2519 1489 2741 1572 aliqua

801 1576 1015 1663 specie
1049 1575 1209 1641 recti
1245 1582 1488 1674 tegant,
1524 1574 1670 1640 istis
1692 1573 2136 1641 ablutionibus
2158 1585 2224 1640 et
2243 1575 2742 1641 lustrationibus

798 1660 1008 1729 veluti
1043 1679 1347 1727 renovari
1379 1660 1795 1742 baptismum,
1831 1659 2131 1727 fictitium
2155 1669 2256 1727 est
2279 1669 2740 1728 commentum.

802 1748 1110 1815 Christus
1176 1745 1350 1813 enim
1409 1744 1735 1811 Dominus
1779 1754 2006 1812 noster
2047 1745 2163 1830 qui
2207 1767 2378 1812 unus
2418 1746 2743 1831 sapientia

801 1844 901 1900 est
935 1832 1066 1898 Dei
1098 1831 1326 1917 patris,
1361 1831 1630 1897 unicum
1664 1830 2064 1916 baptismum
2086 1832 2406 1899 instituit:
2446 1834 2744 1918 papistae

800 1939 963 1987 vero
1022 1917 1301 2002 singulis
1358 1915 1534 1983 vitae
1578 1936 1735 1983 suae
1779 1915 2007 1984 diebus
2050 1938 2195 1985 sero
2238 1927 2304 1984 et
2344 1937 2540 1984 mane
2583 1919 2740 2002 bap-

801 2005 1032 2072 tismos
1076 2003 1318 2069 habere
1364 2001 1622 2068 volunt:
1669 2000 1846 2069 unde
1888 2004 2310 2088 conspicuum
2353 2005 2434 2070 ab
2468 2003 2601 2070 illis
2637 2001 2746 2070 do-

800 2091 1109 2157 minicam
1153 2087 1629 2154 institutionem
1675 2110 1790 2154 sus
1834 2088 2039 2173 deque
2084 2090 2254 2155 verti
2289 2096 2356 2154 et
2389 2089 2742 2177 corrumpi.

800 2177 949 2243 Non
1023 2173 1323 2241 inutilem
1406 2182 1625 2239 autem
1691 2173 1864 2259 apud
1929 2181 2186 2241 veteres
2250 2174 2458 2241 fuisse
2523 2195 2744 2242 caere-

803 2262 1088 2328 moniam
1154 2258 1602 2342 aspersionum
1666 2271 1920 2326 certum
1977 2269 2093 2339 est,
2164 2280 2366 2343 quum
2423 2260 2743 2345 templum

800 2339 1325 2432 ingrederentur.
1413 2343 1585 2411 Nam
1641 2364 1813 2429 aqua
1869 2343 2400 2431 aspergebantur,
2458 2347 2745 2430 primum

803 2445 877 2499 ιιι
922 2432 1001 2498 ad
1046 2429 1510 2515 poenitentiam
1553 2430 2011 2510 invitarentur,
2063 2438 2130 2498 et
2169 2452 2246 2498 eo
2288 2431 2478 2516 signo
2521 2431 2601 2499 de
2646 2431 2744 2499 vi-

802 2518 916 2585 tiis
969 2523 1039 2582 et
1093 2515 1373 2601 peccatis
1429 2516 1564 2583 suis
1621 2514 2146 2598 admonerentur,
2212 2536 2490 2600 quorum
2549 2538 2745 2584 sensu

803 2601 1023 2670 affecti
1064 2621 1311 2686 poenas
1352 2621 1516 2684 quas
1557 2610 1747 2667 erant
1777 2601 1996 2668 meriti
2032 2603 2395 2670 horrerent.
2483 2602 2744 2669 Deinde

803 2697 879 2755 ut
921 2687 1117 2755 etiam
1164 2693 1391 2753 contra
1422 2687 1491 2751 in
1529 2707 1562 2754 s
1678 2688 2063 2755 foverentur
2097 2696 2163 2755 et
2199 2688 2746 2755 confirmarentur

804 2773 886 2841 de
949 2772 1239 2859 gratuita
1300 2792 1518 2840 coram
1654 2793 1730 2839 eo
1785 2773 2154 2858 receptione
2211 2781 2276 2840 et
2328 2783 2742 2858 peccatorum

802 2858 1202 2940 remissione,
1278 2859 1699 2942 quantumvis
1781 2858 2009 2927 multis
2071 2858 2252 2927 vitiis
2316 2867 2382 2925 et
2442 2859 2744 2928 sordibus

799 2944 1034 3033 polluti
1068 2963 1286 3011 coram
1323 2962 1402 3010 eo
1433 2951 1907 3029 comparerent,
1939 2943 2133 3012 modo
2154 2944 2744 3013 reconciliationem

800 3052 938 3098 non
978 3032 1048 3097 in
1093 3051 1166 3098 se
1207 3028 1367 3114 ipsis
1409 3028 1692 3114 quidem,
1737 3050 1964 3097 verum
2010 3032 2080 3097 in
2124 3030 2472 3098 constituto
2516 3051 2557 3097 a
2598 3029 2744 3099 Deo

800 3118 1212 3202 redemptore
1279 3125 1691 3199 quaererent.
1778 3115 1973 3183 Hanc
2038 3137 2159 3184 nos
2218 3115 2583 3184 doctrinam
2649 3116 2745 3184 sic

801 3204 986 3271 decet
1049 3221 1390 3286 usurpare,
1455 3209 1532 3270 ut
1595 3199 1749 3269 lieet
1811 3222 1946 3267 non
2012 3201 2294 3287 amplius
2356 3203 2428 3268 in
2487 3223 2615 3269 usu
2658 3201 2747 3270 sit

800 3287 961 3357 haec
1033 3286 1427 3372 aspersionis
1499 3307 1706 3370 aquae
1770 3289 2193 3370 caeremonia,
2259 3286 2468 3355 nihilo
2523 3288 2747 3355 minus

800 3385 1023 3442 tamen
1067 3373 1238 3440 serio
1282 3371 1366 3440 de
1454 3372 1690 3439 eccatis
1730 3373 1975 3439 nostris
2015 3385 2091 3440 co
2141 3374 2395 3456 'temus,
2436 3394 2556 3459 pro
2599 3374 2745 3458 qui-

800 3461 923 3529 bus
978 3479 1243 3547 gemere
1301 3465 1368 3524 et
1447 3457 1772 3526 amentari
1812 3475 2034 3526 coram
2142 3458 2362 3526 omino
2404 3480 2541 3526 non
2585 3459 2749 3527 desi-

801 3566 1075 3613 namus:
1111 3543 1347 3611 deinde
1380 3543 1462 3611 de
1497 3545 1702 3628 ipsius
1735 3543 2179 3612 misericordia
2200 3545 2495 3630 persuasi
2518 3545 2745 3630 simus,

801 3629 993 3697 modo
1047 3631 1118 3696 in
1174 3629 1371 3697 unico
1427 3630 1582 3698 Iesu
1639 3629 1909 3697 Christo
1947 3628 2238 3697 Domino
2281 3637 2508 3697 nostro
2552 3630 2746 3698 sitam

806 3735 949 3817 esse
1016 3713 1475 3803 purgationem
1533 3723 1822 3784 nostram
1880 3722 1951 3783 et
2002 3713 2399 3783 ablutionem
2452 3715 2746 3784 sordium

805 3821 1108 3870 sciamus.

978 3886 1308 3954 Dicuntur
1376 3885 1612 3956 deinde
1681 3884 2038 3971 Phaistaei,
2109 3907 2300 3971 quum
2363 3885 2749 3956 audivissent

810 3973 1166 4041 convenisse
1218 3973 1553 4042 Israelitas
1608 3973 1679 4039 in
1733 3971 2018 4058 Mispha,
2074 3973 2152 4041 de
2206 3974 2343 4042 alis
2382 3971 2747 4042 adoriendis

804 4058 1123 4144 cofitasse.
1206 4058 1343 4127 Ubi
1412 4056 1891 4128 observandum
1955 4058 2219 4143 saepius
2281 4058 2592 4139 accidere,
2669 4067 2747 4125 ut

808 4165 977 4229 quae
1054 4142 1136 4211 de
1200 4144 1328 4212 Dei
1391 4144 1574 4213 cultu
1639 4143 2086 4229 suscipiuntur
2149 4145 2441 4226 consilia,
2520 4145 2747 4213 turbas

806 4230 1049 4297 multas
1113 4238 1179 4296 et
1242 4229 1578 4298 molestias
1643 4228 1977 4297 adferant:
2042 4250 2209 4316 quae
2271 4252 2408 4297 non
2470 4251 2746 4316 parvam

808 4314 1263 4396 tentationem,
1318 4337 1512 4401 quam
1554 4336 1692 4383 non
1734 4316 1829 4382 ita
1869 4313 2060 4384 facile
2102 4320 2204 4383 est
2243 4338 2570 4403 superare,
2627 4337 2744 4403 pa·

808 4402 1025 4468 riunt:
1061 4402 1482 4487 quamobrem
1525 4421 1603 4468 eo
1637 4401 2005 4470 accuratius
2038 4421 2208 4486 quae
2241 4401 2351 4469 hic
2384 4403 2746 4470 recitantur

807 4495 966 4555 sunt
1036 4509 1077 4555 a
1130 4487 1317 4556 nobis
1374 4484 1825 4573 expendenda.
1910 4487 2085 4556 Nam
2141 4487 2197 4556 si
2249 4488 2404 4572 quid
2462 4509 2503 4555 a
2559 4488 2747 4556 nobis

806 4581 1181 4660 susceptum
1224 4574 1354 4641 erit
1386 4573 1558 4661 quod
1593 4572 1677 4641 ad
1711 4571 1957 4641 cultum
1993 4572 2124 4640 Dei
2157 4573 2444 4641 maxime
2477 4581 2747 4661 spectet,

808 4668 876 4725 et
929 4658 1346 4728 consiliorum
1403 4667 1779 4726 nostrorum
1826 4656 2032 4726 bonus
2075 4659 2228 4726 finis
2268 4660 2486 4741 fuerit,
2550 4681 2747 4745 quem

806 4754 1026 4812 tamen
1069 4746 1434 4813 contrarius
1477 4746 1695 4813 exitus
1736 4757 2063 4829 sequatur,
2118 4753 2191 4811 ut
2232 4745 2549 4814 nimirum
2594 4766 2745 4832 pro·

807 4831 1058 4899 vocatis
1101 4840 1167 4897 et
1208 4831 1480 4899 irritatis
1520 4830 1825 4912 inimicis,
1883 4829 1956 4896 in
2000 4849 2078 4898 ea
2118 4830 2499 4900 discrimina
2540 4831 2745 4901 conii-

805 4916 1078 4998 ciamur,
1144 4938 1229 4985 ex
1284 4917 1520 5004 quibus
1574 4915 1798 4985 nullus
1853 4914 2046 4983 detur
2087 4916 2323 4998 exitus,
2381 4916 2744 4985 cavendum

799 5009 1024 5070 tamen
1087 5023 1498 5089 summopere
1540 5026 1625 5072 ne
1667 5003 1823 5071 inde
1865 5001 2268 5070 occasionem
2309 5002 2645 5072 resiliendi
2680 5011 2747 5071 et

807 5087 1201 5156 immutandi
1237 5091 1494 5159 consilii
1533 5090 1898 5175 capiamus:
1939 5087 2092 5154 licet
2133 5089 2553 5159 consiliorum
2595 5112 2747 5159 nos-

809 5181 1067 5241 trorum
1108 5177 1506 5244 contrarium
1547 5179 1798 5244 exitum
1841 5173 2210 5243 sortiamur.
2296 5174 2364 5243 N
2364 5197 2470 5244 am
2505 5175 2565 5243 si
2599 5176 2747 5263 quis

812 5258 1075 5328 obiiciat
1128 5259 1347 5329 Deum
1405 5259 1668 5348 quidem
1721 5257 2071 5348 specialem
2113 5280 2334 5329 curam
2369 5283 2442 5331 se
2484 5261 2569 5330 de
2610 5261 2748 5333 suis

2443 353 2857 423 HOMILIA
2899 353 3128 421 XXV.

4627 359 4727 425 516

2841 543 3217 610 habiturum
3262 565 3403 611 esse
3446 541 3835 628 pollicitum,
3879 549 3947 606 et
3990 541 4249 624 quidem
4286 543 4617 612 mandasse
4645 566 4736 612 au·

2840 629 3006 715 gelis
3062 630 3218 710 suis,
3273 637 3352 696 ut
3408 628 3775 696 custodiant
3832 648 3943 693 eos
4000 630 4070 692 in
4112 628 4413 696 omnibus
4460 631 4578 698 viis
4614 633 4740 714 suis,

2840 724 2906 782 et
2947 724 3169 781 tamen
3212 717 3479 782 inanem
3522 714 3708 782 illam
3750 712 3961 782 videri
4003 735 4205 797 spem,
4261 726 4327 781 et
4369 717 4592 783 inanes
4630 719 4741 802 pol·

2839 801 3252 870 licitationes:
3316 823 3390 868 ac
3444 799 3716 885 proinde
3769 820 3900 866 non
3945 799 4189 865 mirum
4233 820 4375 868 esse
4420 802 4480 869 si
4520 803 4651 885 quis
4685 804 4739 870 in

2841 895 2972 953 tam
3018 886 3233 955 dubiis
3278 888 3472 954 rebus
3517 886 3791 969 vacillet,
3835 885 4034 952 etiam
4070 906 4295 953 eorum
4331 887 4447 970 qui
4481 898 4744 956 constan·

2840 972 3076 1041 tissimi
3154 973 3586 1042 videbantur:
3672 971 3986 1039 adversus
4063 972 4238 1037 istud
4315 972 4744 1041 offendiculum

2840 1059 3444 1145 praesentissimum
3475 1057 3844 1126 remedium
3876 1056 4260 1124 adferemus.
4306 1057 4531 1144 Atque
4562 1081 4746 1127 exem-

2840 1143 2937 1231 pli
2970 1165 3166 1213 causa
3199 1145 3377 1212 istud
3411 1145 3534 1211 hoc
3554 1145 3697 1211 loco
3712 1143 4225 1210 Philistaeorum
4259 1144 4508 1212 factum
4542 1166 4748 1230 expen-

2841 1231 3090 1298 damus.
3179 1230 3358 1314 Quid
3406 1231 3582 1297 enim
3618 1230 4011 1297 Philistaeos
4046 1228 4128 1296 ad
4165 1250 4353 1297 arma
4385 1235 4749 1315 provocavit.

2841 1315 2994 1401 quid
3040 1324 3233 1383 antea
3275 1316 3682 1401 quiescentes
3725 1313 4081 1382 excitavit?
4125 1315 4381 1401 Nempe
4425 1325 4751 1384 conventus

2841 1403 2957 1471 ille
2992 1401 3442 1471 Israelitarum
3477 1402 3550 1468 in
3584 1400 3948 1487 Misphath.
4031 1399 4207 1482 Quid
4242 1422 4423 1483 vero,
4461 1403 4753 1488 inquiunt,

2841 1508 3063 1555 annon
3137 1487 3411 1556 Samuel
3491 1488 3815 1557 abstinere
3888 1487 4018 1552 isto
4097 1495 4431 1555 conventu
4513 1498 4753 1573 poterat,

2843 1595 3061 1642 nonne
3103 1571 3447 1660 providere
3489 1594 3574 1640 ne
3617 1573 3841 1640 hostes
3881 1572 4346 1640 irritarentur?
4390 1573 4626 1642 Nonne
4661 1595 4754 1661 po·

2843 1660 3037 1745 pulus
3079 1661 3431 1728 universus
3473 1666 3728 1744 poterat
3770 1657 3986 1725 Deum
4033 1658 4437 1744 supplicibus
4474 1664 4638 1728 votis
4667 1661 4755 1727 de-

2889 1745 3099 1813 recari
3142 1747 3284 1813 sine
3326 1746 3450 1813 hoc
3484 1743 3859 1811 conventu?
3904 1743 4144 1811 Nonne
4178 1744 4526 1813 Philistaei
4559 1748 4757 1814 merito

2894 1852 2968 1899 ac
3012 1831 3092 1899 de
3134 1853 3334 1901 causa
3374 1830 3683 1898 commoti
3724 1835 3903 1912 sunt,
3946 1839 4012 1895 et
4054 1831 4295 1915 suscipi
4331 1831 4675 1900 adversum
4701 1853 4758 1898 se

2844 1916 3118 1984 consilia
3160 1915 3523 2003 suspicati?
3569 1916 3676 1982 En
3719 1914 4041 2000 quomodo
4080 1914 4410 1984 Samuelis
4447 1918 4756 1985 consilium

2846 2001 2929 2069 ab
2984 2004 3166 2070 exitu
3221 2003 3414 2069 multi
3472 2001 3834 2070 notandum
3879 2001 4186 2081 dicerent,
4245 2009 4321 2068 ut
4408 2003 4666 2071 uoniam
4700 2024 4759 2070 eo

2845 2097 3172 2155 conventu
3214 2087 3550 2173 provocati
3593 2092 3752 2154 sunt
3807 2086 4027 2153 hostes
4069 2087 4314 2172 populi,

2846 2183 3112 2241 cusetur
3172 2173 3676 2259 imprudientiae
3734 2180 3849 2240 aut
3888 2174 4293 2240 temeritatis.

4431 2090 4642 2156 amuel
4678 2108 4760 2155 ac-

4383 2173 4659 2250 Verum.
4705 2185 4764 2241 ιιι

2846 2269 3000 2326 ante
3058 2259 3218 2342 dixi,
3272 2256 3637 2328 cavendum
3679 2279 3765 2325 ne
3807 2259 4284 2343 perturbemur,
4345 2259 4404 2327 si
4451 2281 4572 2327 nos
4611 2260 4762 2328 Deus

2846 2346 3048 2413 variis
3109 2343 3325 2412 modis
3387 2353 3665 2426 exercet,
3731 2364 3933 2429 quum
3998 2345 4243 2411 inimus
4298 2346 4577 2413 consilia
4627 2365 4761 2432 quae

2846 2429 3160 2516 approbat
3221 2439 3286 2497 et
3329 2449 3498 2515 quae
3539 2450 3694 2498 cum
3735 2428 3940 2515 ipsius
3982 2430 4184 2497 verbo
4227 2431 4524 2498 maxime
4558 2452 4760 2499 conve-

2849 2517 3063 2583 niunt.
3149 2478 3229 2584 §i
3271 2514 3431 2604 quid
3473 2513 3730 2582 sinistri
3770 2514 4143 2601 contigerit,
4205 2537 4292 2583 ne
4356 2525 4581 2585 tamen
4640 2518 4761 2586 aeti

2846 2623 2965 2669 nos
2999 2600 3347 2688 poeniteat,
3381 2621 3594 2686 neque
3628 2620 3668 2666 a
3700 2609 3883 2667 recta
3911 2602 4018 2667 via
4038 2622 4331 2686 unquam
4354 2600 4761 2682 deflectamus,

2847 2687 2963 2754 sed
3038 2687 3169 2753 Dei
3246 2686 3569 2756 voluntati
3649 2687 4153 2771 acquiescamus.
4240 2687 4558 2755 Nostram
4617 2689 4761 2757 enim

2846 2769 3286 2841 obedientiam
3326 2772 3513 2840 Deus
3555 2771 3877 2857 explorat,
3937 2772 4112 2838 sitne
4153 2772 4269 2840 illa
4309 2781 4760 2854 momentanea,

2848 2880 2934 2926 an
3007 2879 3157 2926 cum
3236 2859 3429 2926 firmo
3491 2858 3828 2944 proposito
3891 2857 4359 2942 perseverandi
4426 2862 4756 2929 coniuncta

2846 2944 3020 3010 Nam
3094 2941 3477 3031 hypocritas
3555 2963 3751 3029 saepe
3827 2943 4128 3012 videmus
4208 2944 4432 3031 aliquo
4513 2946 4760 3033 impulsu

2847 3030 3023 3110 ferri,
3075 3038 3142 3096 et
3199 3030 3254 3098 si
3309 3029 3507 3097 fuerit
3548 3028 3763 3098 laetus
3805 3029 3984 3096 illius
4026 3030 4262 3111 exitus,
4319 3032 4573 3100 maiore
4611 3032 4761 3099 dein·

2847 3137 2999 3201 ceps
3053 3115 3193 3183 zelo
3250 3115 3525 3184 fervere.
3609 3114 3867 3182 Verum
3911 3115 3968 3182 si
4010 3114 4299 3184 mundus
4343 3117 4543 3186 nobis
4585 3117 4760 3186 relue-

2847 3209 3045 3283 tatur,
3087 3202 3145 3270 si
3187 3202 3475 3269 consiliis
3517 3201 3699 3268 sanis
3739 3202 3963 3269 omnia
4003 3202 4349 3277 contraria.
4397 3204 4460 3271 si
4504 3203 4760 3271 diabolus

2849 3286 3141 3373 quotidie
3195 3307 3406 3355 novas
3461 3284 3690 3354 turbas
3746 3288 4007 3369 excitat,
4069 3307 4270 3371 quum
4325 3287 4477 3356 Deo
4528 3289 4759 3366 servire,

2847 3382 2911 3440 et
2970 3394 3120 3440 eum
3164 3371 3376 3440 colere
3418 3395 3501 3440 ex
3545 3372 3905 3440 voluntatis
3947 3372 4154 3457 ipsius
4195 3376 4492 3458 praescri
4540 3387 4604 3442 to
4641 3374 4761 3442 niti·

2846 3479 3016 3538 mur,
3052 3466 3199 3525 tum
3233 3459 3290 3525 si
3325 3479 3514 3527 casus
3547 3477 3776 3526 omnes
3809 3459 4135 3544 praesenti
4171 3460 4401 3528 animo
4430 3469 4460 3528 t
4536 3461 4759 3538 efimua

2848 3564 3057 3645 neque
3100 3563 3140 3610 a
3184 3564 3304 3628 pro
3390 3543 3518 3611 sito
3559 3544 3693 3610 fine
3725 3543 4167 3624 resilierimus,
4214 3547 4652 3614 certissimum
4681 3547 4758 3612 in·

2848 3627 3092 3698 dimum
3148 3636 3250 3696 est
3373 3630 3432 3696 ei
3475 3630 3783 3696 timorem
3825 3638 3893 3696 et
3935 3631 4376 3698 reverentiam
4423 3631 4759 3717 profundis·

2847 3715 3046 3783 simas
3090 3719 3159 3782 et
3200 3715 3656 3784 vivacissimas
3697 3714 3773 3782 in
3813 3713 4003 3784 nobis
4044 3716 4255 3802 egisse
4298 3715 4573 3799 radices,
4625 3735 4760 3804 quae

2846 3820 3183 3954 3⁰:33⁸?
3240 3801 3392 3952 ’ξι
3431 3800 4127 3954 :dammam
4181 3799 4324 3954 ¹¹³3.
4335 3811 4486 3957 ιιι
4523 3811 4758 3955 ²¹:¹¹⁶·0‘

2891 3908 2928 3954 o
3238 3909 3282 3953 u
3483 3910 3530 3953 x
3570 3908 3607 3954 e
4058 3908 4203 3954 rum
4327 3910 4374 3954 n
4487 3910 4527 3956 o
4610 3908 4643 3956 e
4679 3909 4756 3955 m·

2847 3971 3167 4039 vadendis
3289 3972 3540 4040 raelitis
3597 3972 3712 4057 qui
3765 3980 4212 4040 convenerant
4255 3973 4329 4040 in
4375 3975 4641 4061 Mispha
4675 3993 4756 4040 re·

2843 4057 3016 4125 ferre
3071 4055 3401 4139 debemus,
3465 4056 3547 4124 ad
3605 4077 3805 4142 quam
3862 4057 4164 4143 deinceps
4222 4059 4496 4128 accedat
4538 4067 4755 4148 oportet

2844 4141 3279 4211 consideratio
3321 4142 3541 4211 exitus
3580 4163 3777 4228 quem
3821 4143 3965 4210 istis
4006 4143 4307 4212 omuibus
4350 4146 4567 4214 turbis
4605 4146 4755 4212 Deus

2846 4227 3046 4309 dedit,
3099 4249 3230 4315 quo
3271 4230 3480 4315 magis
3520 4250 3598 4297 ac
3639 4229 3850 4315 magis
3893 4230 3965 4295 in
4006 4229 4135 4296 fide
4176 4232 4655 4317 confirmemur,
4689 4250 4754 4296 ne

2847 4336 3137 4399 unquam
3194 4313 3713 4401 despondeamus
3765 4315 4074 4394 animum,
4135 4317 4393 4385 diabolo
4459 4318 4608 4385 licet
4657 4318 4755 4383 fre-

2846 4408 3085 4481 mente,
3122 4409 3190 4468 et
3232 4422 3438 4468 novas
3473 4399 3754 4468 subinde
3786 4400 4014 4467 turbas
4048 4402 4402 4484 excitante,
4448 4404 4564 4472 sed
4598 4421 4753 4471 casm

2846 4506 3265 4573 quoscunque
3307 4486 3637 4573 patienter
3677 4485 3985 4569 feramus,
4029 4494 4099 4554 et
4130 4486 4432 4557 divinum
4470 4489 4752 4557 auxilium

2847 4579 3211 4659 opportuno
3269 4581 3564 4658 tempore
3628 4582 4082 4656 expectemus:
4139 4574 4313 4659 quod
4359 4576 4429 4640 in
4478 4575 4752 4643 historiae

2846 4678 3200 4745 progressu
3254 4655 3558 4743 deinceps
3612 4656 4001 4725 videbimus.
4085 4659 4297 4727 Porro
4353 4661 4544 4730 facile
4583 4657 4752 4730 conii·

2845 4744 3054 4812 cimus
3107 4742 3502 4811 Philistaeos
3558 4747 3899 4829 tantopere
3941 4745 4143 4812 fuisse
4184 4756 4561 4825 commotos,
4611 4740 4751 4832 quod

2844 4830 3161 4916 populum
3216 4828 3673 4898 Israelitarum
3717 4850 3793 4898 eo
3834 4829 3959 4897 loci
4002 4832 4386 4900 convenisse
4426 4828 4750 4901 verisimile

2845 4914 3418 5069 mmedmnoe
3438 4915 3708 5066 cottiisilga
3764 4914 4158 5069 agitatAuros:
4221 4918 4471 5071 fluum}
4526 4927 4750 5067 manig:

3115 5023 3156 5067 n
3206 5022 3318 5068 um
3419 5023 3521 5068 xls
3577 5022 3641 5068 m
3684 5024 3806 5068 run
4083 5023 4168 5069 ue
4269 5024 4346 5071 ae
4474 5024 4646 5071 erum

2847 5095 3003 5155 sunt
3078 5086 3398 5155 bellorum
3462 5107 3717 5168 causae,
3781 5087 3953 5171 quod
4084 5087 4259 5174 iquis
4318 5025 4446 5156 siblij
4505 5090 4584 5156 ab
4643 5023 4747 5153 2110

2849 5178 3132 5241 metuat:
3186 5180 3253 5241 et
3312 5172 3618 5258 quoniam
3677 5183 3946 5241 veretur
3999 5195 4084 5241 ne
4138 5176 4197 5243 si
4238 5175 4418 5259 prior
4458 5175 4571 5243 ille
4618 5172 4745 5240 ado-

2847 5261 3056 5328 riatur
3079 5279 3150 5328 se
3183 5259 3545 5341 incautum,
3580 5259 3792 5347 magis
3817 5268 4064 5343 noceat,
4099 5258 4567 5329 occurrendum
4601 5255 4745 5326 arbi·
