5059 6059
299 335 407 402 373

1584 328 1686 396 IN
1728 328 1784 396 1.
1828 324 2010 394 LIB.
2058 327 2458 399 SAMUEL.
2502 330 2700 400 OAP.
2745 331 2876 399 111.

4099 334 4232 401 374

299 524 457 592 cultu
495 520 966 588 recesserimus.
1058 518 1275 602 Quam
1319 519 1510 604 proni
1568 526 1727 584 sunt
1769 517 2065 586 homines
2107 518 2191 586 ad
2292 528 2350 589 et
2402 522 2642 589 vocavit
2694 522 2855 589 sicut
2906 525 3229 589 vocaverat
3280 521 3562 602 sectando,
3623 520 3900 604 Semel,
3948 520 4224 605 Samuel,

299 607 688 676 vindicandas
730 606 855 672 sibi
899 606 1176 672 iniurias
1218 604 1456 683 illatas,
1511 612 1579 670 et
1618 603 1875 671 interea
1908 625 2042 670 non
2083 627 2188 672 co-
2292 613 2349 674 εἰ
2391 609 2486 675 ait
2531 607 2788 675 Samuel
2798 631 2818 672 .-
2858 607 3155 691 Loquere,
3196 606 3352 691 quia
3389 609 3571 675 audit
3609 627 3828 674 servus
3867 614 4033 676 tuus.

294 695 502 780 gitant,
535 702 691 775 quot
723 694 1112 776 quantisque
1136 691 1354 757 Deum
1389 689 1803 757 contumeliis
1836 690 2190 772 affecerint,

295 801 465 865 quam
505 778 822 863 flagitiosa
865 776 1000 845 vita
1042 799 1161 844 suo
1214 797 1456 842 nomen
1515 775 1722 861 ipsius
1765 775 2190 859 profanarint,

291 888 356 934 ac
392 863 581 932 veluti
624 863 900 947 pedibus
942 863 1079 930 suis
1123 862 1580 946 proculcarint.
1670 859 1891 942 Quare
1935 862 2188 929 discen-

292 950 427 1016 dum
467 948 761 1031 exemplo
803 948 1210 1016 sacerdotum
1253 950 1550 1031 istorum,
1611 948 1723 1030 qui
1764 967 1965 1032 quum
2008 948 2189 1030 prius

287 1037 660 1119 assignatam
702 1036 1067 1118 portionem
1113 1032 1445 1114 haberent,
1504 1043 1723 1101 tamen
1779 1032 2189 1101 emendicare

285 1142 497 1205 panem
552 1120 679 1185 Dei
736 1119 975 1187 iudicio
1027 1119 1232 1188 coacti
1286 1129 1463 1198 sunt,
1529 1117 1701 1202 quod
1756 1117 1886 1183 Dei
1941 1119 2187 1204 gloriae

287 1227 401 1273 uon
445 1216 515 1271 ut
556 1227 675 1290 par
709 1214 851 1272 erat
892 1204 1315 1284 studuissent,
1370 1207 1575 1271 vitam
1632 1215 1925 1271 nostram
1960 1225 2002 1269 a
2041 1205 2186 1271 Deo

283 1290 557 1376 pendere,
592 1293 777 1358 cuius
812 1290 1042 1357 honori
1084 1299 1153 1356 et
1186 1290 1433 1375 gloriae
1465 1288 1728 1357 studere
1761 1311 1883 1358 nos
1915 1297 2186 1373 oportet,

283 1387 344 1443 et
378 1377 431 1444 si
464 1398 591 1461 qua
635 1378 1019 1443 necessitate
1057 1397 1279 1442 rerum
1324 1398 1549 1442 earum
1594 1397 1758 1459 quae
1794 1375 1897 1441 vel
1933 1374 2017 1442 ad
2052 1398 2188 1442 cor·

280 1485 405 1547 pus,
446 1463 546 1532 vel
588 1462 673 1527 ad
696 1463 990 1530 animum
1026 1461 1357 1546 pertinent
1397 1481 1767 1546 urgeamur,
1812 1460 1895 1527 ad
1918 1460 2184 1528 unicum

278 1549 445 1614 illum
505 1548 889 1634 confugere,
968 1549 1152 1614 cuius
1204 1558 1305 1614 est
1360 1548 1553 1614 unius
1628 1546 1937 1614 alimenta
1999 1545 2186 1615 nobis

276 1633 780 1700 subministrare:
820 1655 1016 1718 quam
1060 1631 1143 1698 ob
1176 1653 1437 1701 causam
1473 1631 1668 1698 etiam
1693 1653 1822 1698 non
1854 1631 2184 1699 immerito

277 1742 339 1785 se
388 1732 638 1803 patrem
694 1721 1061 1786 animarum
1123 1728 1493 1786 nostrarum
1554 1725 1759 1784 vocat.
1850 1716 2074 1799 Quare
2128 1718 2185 1785 si

274 1806 501 1889 amplas
546 1805 892 1872 facultates
949 1814 1017 1869 et
1070 1825 1226 1889 opes
1268 1803 1703 1880 habuerimus,
1746 1801 2034 1870 eiusdem
2079 1814 2183 1870 tu·

276 1890 426 1957 telae
476 1893 861 1958 commissos
913 1890 1195 1957 sciamus
1252 1911 1372 1955 nos
1429 1891 1643 1973 quiete
1698 1889 1829 1955 illis
1885 1897 1954 1955 et
2009 1899 2187 1955 tran-

276 1976 459 2059 quille
497 1977 854 2043 fruituros:
900 1986 968 2041 et
1008 1988 1237 2043 contra
1279 1976 1336 2042 si
1378 1977 1652 2059 exiguae
1694 1974 2053 2056 facultates,
2088 1983 2186 2041 ta·

271 2082 405 2128 men
456 2062 846 2148 effecturum
906 2071 978 2127 ut
1034 2060 1290 2127 abunde
1358 2059 1544 2127 nobis
1606 2059 2042 2139 satisfaciant,
2110 2067 2189 2127 ut

272 2168 681 2297 quaecuuque
739 2146 1003 2214 tandem
1068 2155 1293 2213 nostra
1355 2147 1554 2213 fuerit
1618 2146 1921 2224 conditio,
2001 2146 2188 2213 nobis

311 2232 541 2300 ebitum
585 2233 694 2298 illi
737 2234 1050 2300 honorem
1090 2243 1158 2299 et
1198 2233 1446 2298 cultum
1487 2229 1963 2313 exhibentibus,
2020 2232 2186 2298 nihil

272 2339 536 2402 unquam
581 2339 819 2386 eorum
861 2340 1026 2403 quae
1083 2317 1167 2384 ad
1216 2319 1417 2387 vitam
1472 2317 1784 2386 tuendam
1824 2318 2191 2384 necessaria

268 2415 409 2470 suut
449 2404 873 2472 defuturum:
919 2414 987 2471 et
1027 2414 1276 2482 contra,
1313 2402 1395 2470 ab
1439 2403 1580 2471 eius
1622 2402 1983 2487 patrocinio
2018 2423 2187 2470 rece·

268 2489 545 2557 dentibus
597 2502 674 2557 et
726 2489 947 2558 debita
997 2490 1369 2557 reverentia
1422 2508 1499 2557 ac
1555 2490 1739 2557 cultu
1796 2489 2012 2572 ipsum
2055 2510 2190 2556 non

264 2576 805 2661 prosequentibus,
863 2576 1151 2643 infausta
1208 2584 1277 2642 et
1331 2574 1618 2643 infelicia
1671 2574 1894 2643 omnia
1945 2576 2185 2655 futura,

268 2674 324 2725 et
373 2662 539 2763 ipsas
594 2673 861 2730 nostras
917 2662 1258 2728 facultates
1316 2659 1401 2726 ad
1456 2661 1733 2728 nihilum
1798 2658 2188 2746 redigendas

267 2767 540 2829 persuasi
582 2769 816 2816 simus.

419 2832 549 2901 Sed
594 2837 797 2919 agite,
841 2832 1101 2912 fratres,
1144 2836 1248 2900 etc·

828 3124 1331 3209 HOMlLIA
1378 3125 1616 3208 XIII.

1041 3261 1239 3328 OAP.
1282 3261 1412 3328 ΠΙ.

417 3434 473 3497 1.
537 3432 729 3499 Puer
784 3435 991 3498 autem
1035 3430 1293 3500 Samuel
1332 3433 1730 3501 ministrabat
1769 3434 2045 3504 Domino
2085 3456 2185 3503 co·

263 3537 387 3584 ram
427 3517 597 3600 Heli,
662 3522 722 3584 et
774 3538 979 3585 sermo
1019 3517 1287 3587 Domini
1328 3525 1464 3586 erat
1491 3520 1811 3600 pretiosas
1853 3523 1926 3588 in
1966 3521 2187 3588 diebus

265 3602 399 3685 illie,
453 3625 572 3671 noa
643 3608 779 3671 erat
833 3605 995 3670 visio
1047 3604 1406 3687 manifesta.
1491 3606 1556 3671 2.
1604 3605 1871 3673 Factum
1909 3612 2002 3674 est
2041 3627 2185 3691 erqo

259 3689 460 3841 {aazia
499 3689 818 3841 qugdaat:
861 3685 1014 3756 Heli
1054 3691 1296 3758 iacebat
1337 3692 1409 3757 in
1447 3690 1576 3757 loco
1616 3712 1751 3771 auo,
1793 3713 1901 3793 uec
1930 3695 2186 3776 poterat

414 3796 464 3841 e.
629 3824 645 3840 .
786 3779 1074 3859 alequam

265 3857 500 3927 Samuel
546 3860 905 3929 dormiebat
953 3863 1027 3927 in
1082 3863 1306 3945 templo
1348 3860 1635 3946 Domini,
1698 3862 1810 3930 ubi
1853 3869 1990 3930 erat
2027 3882 2183 3931 arca

261 3945 398 4011 Dei.
454 3947 516 4013 4.
556 3946 658 4013 Et
697 3947 936 4014 vocavit
956 3947 1269 4014 Dominus
1315 3945 1595 4014 Samuel:
1644 3948 1766 4031 Qui
1806 3950 2181 4032 respondens

263 4032 379 4096 ait.-
414 4032 568 4101 Ecce
608 4053 739 4118 eqo.
807 4032 867 4099 5.
913 4032 1003 4099 Ec
1042 4034 1317 4100 cucurrit
1354 4034 1441 4100 acl
1482 4033 1651 4117 Heli,
1693 4039 1750 4101 et
1786 4035 1981 4101 dixit.-
2020 4033 2181 4103 Eece

260 4137 387 4199 eqo.-
423 4122 657 4186 vocasti
697 4118 865 4185 enim
904 4139 1022 4185 me.
1116 4120 1240 4201 Qui
1279 4119 1479 4185 dixit.-
1524 4119 1670 4186 Non
1710 4122 1944 4201 vocavi,
1983 4140 2182 4187 rever-

267 4208 381 4269 tere
416 4210 473 4270 et
511 4205 744 4272 dormi.
837 4203 927 4271 Et
965 4204 1145 4286 abiit,
1187 4210 1244 4270 et
1284 4205 1600 4272 dormivit.
1688 4206 1750 4271 6.
1809 4206 1899 4272 R
1953 4206 2179 4273 adiecit

264 4287 571 4357 Dominus
630 4310 897 4357 rursum
950 4312 1165 4359 vocare
1208 4288 1573 4356 Samuelem.
1665 4290 2180 4376 Gon-surgensque

267 4373 512 4442 Samuel
553 4376 718 4443 abiit
756 4376 1036 4456 adHeli,
1080 4380 1139 4442 et
1173 4376 1376 4444 dixit:
1418 4376 1578 4442 Ecce
1730 4377 2177 4459 :qaiaoocasti

262 4478 433 4612 maa„
444 4462 610 4612 ‘Quin‘
625 4463 962 4613 remeia,
1019 4482 1144 4530 non
1196 4463 1409 4529 vocavi
1464 4467 1538 4542 te,
1616 4464 1725 4561 ⁶5.-
1779 4469 2081 4616 rme
2121 4468 2178 4529 et

432 4568 479 4612 ι.
618 4594 633 4611 .
846 4568 882 4614 o
928 4547 1184 4615 Sanmel
1223 4548 1483 4615 necdum
1537 4549 1766 4615 acuebat
1973 4568 2174 4628 vnum,

263 4650 361 4698 nec
399 4632 712 4700 revelatus
748 4634 961 4717 fuerat
999 4635 1061 4700 ei
1101 4654 1302 4700 sermo
1342 4633 1628 4700 Domini.
1715 4635 1776 4700 8.
1820 4633 1910 4699 R
1948 4635 2177 4701 adiecit

263 4714 589 4800 Dominae,
652 4724 709 4785 et
761 4720 1003 4819 occavit
1066 4719 1271 4786 adhuc
1333 4717 1687 4818 Samuelem
1747 4721 1942 4787 tenio.
1966 4806 1981 4820 ι
2048 4719 2175 4802 Qui

262 4821 476 4955 affl.-
449 4824 629 4956 ⁹1:²⁸
654 4804 972 4990 me.
998 4805 1164 4975 ἕξ.»
1195 4805 2178 4990 Ξ.τ“...ῗ”ῗ.εεε;.ἕ“εε.;β.

257 4992 535 5053 puerum.
626 4977 688 5043 9.
733 4976 822 5044 Et
876 4982 970 5044 ant
1023 4978 1110 5044 ad
1151 4974 1529 5045 Samuelem:
1601 4976 1771 5044 Vade
1826 4981 1883 5043 el
1935 4978 2175 5044 dormv:

261 5063 314 5122 et
365 5061 428 5125 ei
488 5061 777 5145 deinceps
828 5064 1133 5130 vocaverit
1182 5067 1256 5146 te,
1307 5063 1501 5130 dices:
1558 5059 1838 5145 Loquere
1887 5062 2175 5142 Domine,

261 5146 409 5225 quia
446 5147 635 5214 audit
679 5169 900 5216 servas
953 5154 1121 5213 tuus.
1207 5147 1390 5215 Abiit
1427 5169 1497 5215 er
1533 5169 1569 5213 o
1614 5147 1888 5232 Samuel,
1944 5154 2002 5214 et
2038 5148 2179 5215 dor·

1153 3777 1409 3842 lacema
1470 3774 1601 3843 Dei
1673 3783 2179 3863 mamam,

2464 779 2789 847 Narratur
2866 779 3053 846 nobis
3108 778 3235 846 hac
3294 778 3568 845 historia
3644 777 4029 846 iudiciorum
4097 781 4227 848 Dei

2288 868 2658 932 futurorum
2716 863 3032 931 adversus
3084 864 3299 947 ipsum
3343 864 3522 945 Heli,
3574 863 3745 930 filios
3802 886 3877 931 ac
3934 874 4227 951 posteros

2288 952 2716 1051 confirmatio.
2801 948 2903 1016 Ac
2944 970 3103 1017 sane
3146 948 3330 1050 Deus
3374 948 3640 1048 quidem
3684 949 3926 1051 iudicia
3967 961 4226 1053 poterat

2288 1057 2738 1204 ffiffipss‘ssss
2772 1050 3105 1206 {22220255'
3124 1034 3849 1187 ffiffississffloess'iarffi
3883 1037 4227 1190 :3533

2287 1230 2461 1290 nem,
2515 1208 2831 1274 adversus
2887 1207 3194 1292 profanos
3252 1206 3398 1273 illos
3453 1207 3555 1273 sui
3599 1207 3883 1274 nominis
3926 1217 3995 1274 et
4033 1229 4224 1277 sanc·

2287 1295 2486 1361 tuarii
2527 1295 2971 1378 profanatores
2988 1343 3003 1371 ‚
3060 1302 3127 1360 et
3158 1293 3372 1394 cultus
3406 1291 3509 1358 sui
3544 1291 4005 1393 depravatores
4028 1303 4225 1377 atque

2287 1378 4223 1564 32³3&ss..?⁰3m2‘..¹23}⁰2.“533}5..¹¹}2.33222102¹222¹

2284 1551 2746 1638 percipiamus.
2811 1551 3057 1617 Notum
3095 1571 3271 1616 emm
3316 1570 3509 1633 quam
3552 1550 3878 1635 ingeniosi
3924 1550 4223 1619 homines

2284 1640 2355 1704 in
2398 1637 2530 1704 Dei
2570 1636 2825 1704 iudiciis
2883 1635 3323 1715 obscurandis,
3378 1643 3445 1700 et
3498 1635 3982 1720 ingratitudine
4034 1658 4220 1722 sepe-

2286 1723 2556 1803 liendis,
2607 1732 2675 1789 et
2735 1722 2816 1788 ab
2860 1723 2942 1788 iis
2996 1742 3149 1788 suas
3205 1720 3629 1807 cogitationes
3673 1721 4084 1802 avertendis,
4143 1730 4220 1789 ut

2285 1830 2621 1893 nunquam
2685 1808 2815 1875 nisi
2876 1808 2948 1874 vi
3010 1807 3288 1891 quadam
3366 1814 3483 1871 aut
3542 1817 3800 1890 praeter
3876 1828 4061 1893 spem
4132 1807 4216 1874 ad

2286 1916 2513 1962 eorum
2555 1893 3047 1961 meditationem
3088 1900 3422 1978 cogantur,
3489 1900 3556 1957 et
3588 1892 3825 1959 animis
3858 1914 4101 1975 eorum,
4145 1905 4219 1961 ut

2288 1981 2493 2048 deleri
2537 2000 2870 2065 nunquam
2915 1978 3186 2062 possint,
3229 1977 3702 2061 insculpantur.
3767 1978 3955 2046 Deus
3998 1981 4217 2064 itaque

2290 2067 2498 2136 voluit
2553 2077 2808 2132 mature
2864 2086 2987 2132 sua
3036 2063 3277 2130 iudicia
3331 2063 3712 2148 patefacere,
3762 2086 3848 2130 ne
3904 2084 4058 2132 casu
4101 2075 4221 2132 aut

2289 2162 2535 2220 temere
2589 2152 2938 2236 contigisse
2990 2150 3122 2228 illa,
3177 2149 3290 2217 sed
3352 2170 3392 2214 a
3429 2148 3576 2216 Deo
3631 2148 3736 2215 sui
3775 2157 4218 2234 contemptum

2289 2245 2359 2305 et
2399 2238 2616 2305 cultus
2655 2238 2760 2305 sui
2802 2236 3208 2319 corruptelas
3252 2234 3496 2301 diutius
3537 2255 3672 2301 non
3715 2234 4037 2303 tolerante
4080 2255 4219 2302 ma-

2293 2345 2486 2391 nasse
2529 2331 3100 2409 cognoscerentur.
3175 2321 3382 2421 Porro
3425 2319 3736 2403 temporis
3777 2321 3953 2422 illius
3995 2320 4221 2422 fideles

2292 2405 3436 2579 ἓίῗῖοἳῗωοῖἷέἓηὲἓῃᾶῗὲἓὼὲἒῶ
3485 2426 4220 2574 ffi‘ffifflaissssbz‘:

2293 2581 2475 2648 locus
2538 2579 2761 2646 nullus
2826 2579 3105 2663 amplius
3173 2584 3559 2661 superesset,
3636 2576 3769 2642 nisi
3832 2577 4017 2644 Deus
4081 2578 4220 2662 ipse

2294 2666 2612 2734 medicam
2676 2686 2947 2731 manum
3012 2664 3369 2730 adhiberet.
3478 2660 3701 2744 Quare
3772 2683 3906 2729 non
3985 2684 4216 2747 parum

2296 2753 2569 2819 recreati
2609 2760 2678 2817 et
2718 2750 3088 2816 confirmati
3129 2756 3304 2826 sunt,
3359 2767 3434 2814 co
3484 2748 3622 2812 nito
3678 2746 3759 2814 de
3802 2747 4075 2815 ecclesia
4116 2772 4219 2817 re-

2296 2835 2638 2923 purganda
2676 2836 2806 2903 Dei
2850 2835 3127 2916 decreto,
3169 2855 3365 2919 quam
3481 2833 3568 2899 eli
3608 2832 3729 2898 filii
3772 2835 3909 2900 suis
3950 2853 4221 2920 corrup·

2298 2924 2445 2990 telis
2466 2943 2860 3007 magnopere
2892 2921 3394 2998 labefactarant3
3435 2939 3605 3002 quae
3638 2918 3856 2985 omnia
3888 2919 4219 3002 sigillatim

2299 3010 2496 3076 huius
2552 3009 2676 3074 loci
2734 3008 2948 3090 capita
3004 3003 3481 3073 excutientibus
3539 3004 3702 3069 fient
3754 3004 4032 3071 notiora.
4128 3008 4220 3073 Et

2293 3096 2365 3162 in
2424 3094 2659 3181 primis
2714 3092 3234 3161 consideratione
3288 3090 3583 3175 dignum,
3642 3087 3811 3172 quod
3870 3110 4035 3173 puer
4091 3090 4217 3162 Sa·

2294 3180 2472 3247 muel
2513 3200 2730 3246 coram
2751 3178 2909 3246 Heli
2930 3176 3216 3246 Domino
3257 3176 3682 3254 ministrasse,
3741 3173 3810 3240 id
3851 3185 3969 3254 est,
4014 3178 4216 3245 eccle-

2292 3269 2427 3333 siae
2470 3264 2832 3332 ministerio
2868 3285 3151 3343 vacasse,
3196 3263 3338 3347 ipso
3376 3261 3536 3327 Heli
3555 3259 3816 3327 doctore
3851 3271 3920 3325 et
3954 3260 4218 3332 ductore

2290 3352 2548 3420 dicitur.
2611 3351 2677 3417 N
2679 3371 2786 3416 am
2829 3358 2972 3417 erat
2995 3348 3267 3416 Samuel
3310 3346 3526 3413 adhuc
3559 3346 3815 3414 iuvenis
3848 3346 4216 3429 admodum,

2287 3439 2358 3505 in
2402 3437 2643 3504 summi
2684 3434 3036 3504 sacerdotis
3078 3454 3303 3500 curam
3348 3454 3423 3499 ac
3466 3430 3875 3515 disciplinam
3910 3431 4214 3515 traditus,

2286 3546 2416 3608 quo
2456 3543 2600 3590 sese
2642 3521 2772 3589 Dei
2824 3520 3033 3588 cultui
3087 3520 3291 3598 daret,
3350 3518 3615 3585 dicaret.
3699 3517 3833 3583 Hic
3872 3517 4078 3602 igitur
4113 3521 4213 3587 iu-

2286 3609 2477 3677 venis
2519 3607 2850 3676 Samuelis
2891 3605 3179 3673 studium
3237 3601 3644 3683 describitur,
3698 3602 3881 3670 omni
3937 3622 4096 3670 cura
4146 3614 4216 3673 et

2285 3694 2719 3764 sollieitudine
2771 3693 2844 3758 in
2899 3692 3029 3759 Dei
3082 3690 3332 3758 cultum
3384 3689 3841 3773 incumbentis,
3898 3689 4004 3754 cui
4060 3711 4131 3757 se
4172 3713 4215 3758 a

2284 3780 2663 3864 parentibus
2707 3787 2858 3845 voto
2901 3777 3281 3845 adstrictum
3326 3776 3485 3841 satis
3513 3774 3831 3840 memoria.
3861 3777 4212 3859 repetebat.

2281 3867 2435 3934 Non
2487 3862 2961 3932 contemnenda
3014 3883 3174 3929 sane
3231 3859 3657 3928 adolescentis
3711 3859 3954 3938 virtus,
4022 3883 4211 3929 suam

2282 3953 2688 4020 vocationem
2723 3947 3155 4034 agnoscentis,
3189 3946 3470 4013 fideliter
3502 3946 3572 4010 in
3615 3965 3693 4012 ea
3726 3966 3797 4011 se
3830 3948 4210 4028 exercentis,

2281 4047 2350 4105 et
2390 4039 2672 4104 officium
2713 4036 3015 4103 alacriter
3066 4033 3383 4099 facientis.
3467 4030 3660 4096 Adde
3703 4040 3773 4096 et
3826 4030 4210 4100 modestiam

2281 4136 2349 4191 et
2389 4122 2768 4206 obsequium
2802 4121 2961 4187 Heli
3003 4137 3262 4187 summo
3304 4116 3643 4193 sacerdoti,
3688 4125 3998 4202 tanquam
4033 4118 4209 4201 patri

2280 4219 2350 4276 et
2390 4208 2639 4275 doctori
2681 4206 3080 4291 praestitum.
3148 4202 3370 4286 Quare
3404 4202 3604 4268 huius
3645 4201 4018 4286 exemplum
4059 4203 4207 4268 imi-

2281 4295 2402 4361 tati
2443 4294 2772 4361 discamus
2813 4292 3070 4360 fidelem
3104 4310 3368 4373 operam
3404 4308 3648 4354 navare
3666 4287 3830 4369 Deo,
3862 4286 3945 4352 ad
3986 4307 4212 4371 quam·

2278 4402 2553 4464 cumque
2575 4400 2883 4446 vocemur
2915 4378 2997 4445 ab
3031 4378 3173 4461 ipso
3205 4373 3661 4452 conditionem,
3695 4382 3765 4439 et
3795 4372 3972 4439 omni
3993 4371 4208 4441 studio

2277 4487 2355 4532 ac
2419 4467 2642 4533 labore
2698 4465 2769 4530 in
2827 4484 2970 4531 eam
3036 4461 3451 4528 incumbere:
3516 4480 3764 4542 nosque
3825 4457 3909 4523 iis
3972 4457 4208 4541 quibus

2276 4551 2499 4618 traditi
2541 4570 2770 4616 sumus
2821 4559 2890 4616 et
2929 4548 3040 4632 qui
3084 4548 3465 4614 auctoritate
3520 4544 3786 4629 pollent,
3846 4542 4208 4629 morigeros

2276 4658 2355 4704 ac
2418 4636 2844 4719 obsequentes
2901 4655 3052 4700 cum
3105 4633 3284 4701 omni
3367 4629 3682 4698 modestia
3758 4629 4202 4713 praebeamus.

2274 4723 2423 4791 Hoc
2478 4721 2746 4788 nomine
2788 4719 3035 4788 Paulus
3078 4717 3490 4785 Timotheum
3549 4711 3974 4791 commendat,
4031 4714 4207 4798 quod

2279 4807 2646 4874 obediverit
2683 4806 3027 4891 evangelio
3068 4825 3206 4884 suo,
3247 4802 3513 4869 minime
3554 4800 3817 4884 quidem
3861 4798 3985 4865 sibi
4029 4799 4205 4883 quod

2274 4894 2472 4962 unius
2514 4892 2645 4959 Dei
2697 4901 2798 4959 est
2840 4913 2916 4959 ac
2961 4889 3227 4957 Domini
3292 4887 3498 4953 nostri
3537 4885 3689 4952 Iesu
3731 4883 3977 4952 Christi
4021 4904 4204 4951 arro—

2276 5000 2472 5065 gans,
2530 4987 3047 5062 potestatemque
3104 4975 3226 5042 hoc
3286 4972 3388 5039 vel
3441 4971 3603 5038 illud
3658 4968 4023 5053 imperandi
4081 4970 4202 5037 tri·

2273 5066 2501 5142 bueus,
2560 5064 2676 5131 sed
2732 5063 2905 5148 quod
2950 5061 3330 5130 Timotheus
3385 5056 3645 5125 iuvenis
3684 5054 3877 5121 Pauli
3933 5056 4202 5123 consilio

2275 5173 2439 5236 opus
2481 5149 2772 5219 haberet.
2857 5149 3090 5232 Itaque
3135 5141 3400 5215 Samuel
3446 5142 3554 5210 hic
3593 5163 3634 5207 a
3674 5139 3992 5208 modestia
4033 5164 4204 5209 com·

261 5231 435 5298 mivit
475 5232 549 5299 in
590 5233 715 5303 loco
754 5256 887 5303 sao.
978 5235 1081 5301 10.
1139 5233 1230 5300 Et
1281 5236 1445 5301 venit
1555 5235 1825 5315 ominus,
1880 5238 1936 5299 et
1987 5235 2182 5302 stetit:
2278 5237 2648 5318 mendatur,
2692 5235 2862 5321 quod
2904 5233 3114 5302 officio
3155 5252 3273 5299 suo
3316 5227 3596 5296 fideliter
3636 5227 3902 5361 funqtus
3947 5249 4024 5295 ac
4045 5227 4205 5295 Heli

3698 5329 3770 5385 24
