5059 6059
336 347 445 415 561

336 532 581 602 consilio
629 531 824 598 vitam
871 534 1183 612 restituit,
1238 533 1354 600 sed
1399 532 1772 617 quomodo?
1834 531 2071 598 Nonne
2115 532 2258 615 ipse

335 622 501 688 Dens
540 617 771 685 salutis
815 639 999 684 meae
1063 618 1193 684 fuit
1233 617 1468 685 autor?
1530 620 1623 686 Et
1679 620 1775 684 ita
1831 639 1902 683 se
1960 618 2257 701 ingratos

334 707 628 791 praebent
670 705 740 769 in
786 703 1131 783 beneficos,
1176 724 1457 789 quorum
1502 725 1703 788 opera
1723 703 1909 770 Deus
1953 725 2110 771 usus
2154 714 2256 769 est

333 794 393 858 iu
453 790 655 855 salute
720 792 1016 873 ipsorum
1097 790 1560 875 promovenda.
1670 789 1806 857 Sed
1886 789 2257 855 istiusmodi

332 877 612 945 homines
665 876 1021 943 ambitione
1077 889 1146 941 et
1200 879 1578 962 arrogantia
1636 875 1926 961 turgent,
1985 885 2052 940 et
2115 876 2257 942 Deo

329 964 442 1046 ipsi
484 963 787 1028 resistere
832 961 999 1027 velle
1044 961 1372 1038 videntur,
1439 962 1867 1046 impedientes
1925 982 2007 1027 ne
2052 960 2258 1046 ipsius

330 1050 484 1115 dona
527 1048 594 1114 in
641 1047 1014 1114 hominibus
1057 1059 1437 1131 appareant.
1527 1048 1660 1113 Alii
1719 1047 1792 1111 in
1849 1048 2254 1113 contrarium

327 1135 546 1200 vitium
592 1134 981 1216 praecipites
1025 1143 1251 1212 ruunt,
1298 1134 1467 1200 tanti
1512 1134 1827 1200 facientes
1870 1131 2173 1199 homines
2216 1153 2257 1199 a

326 1220 555 1304 quibus
601 1219 915 1285 beneficia
959 1219 1276 1302 quaedam
1335 1233 1738 1304 acceperant,
1799 1229 1877 1284 ut
1933 1218 2060 1283 Dei
2124 1239 2255 1284 non

323 1306 756 1371 meminerint.
846 1305 983 1371 Nos
1036 1306 1256 1389 itaque
1310 1307 1440 1372 ista
1496 1307 1594 1372 sic
1645 1305 1992 1374 conciliare
2052 1303 2255 1372 disca·

323 1413 477 1467 mus,
537 1401 617 1455 ut
660 1411 1085 1474 quaecunque
1128 1392 1445 1459 beneficia
1489 1392 1860 1475 accipimus,
1918 1388 2064 1457 Deo
2118 1403 2253 1457 tan-

319 1496 510 1560 quam
556 1478 808 1546 auctori
849 1484 920 1542 et
962 1477 1257 1561 largitori
1303 1489 1569 1563 accepta
1592 1478 1901 1552 feramus,
1942 1478 2052 1559 qui
2076 1477 2255 1544 solus

317 1564 609 1629 omnium
657 1560 973 1628 bonorum
1018 1565 1165 1628 fons
1208 1574 1313 1630 est
1353 1575 1422 1629 et
1464 1564 1818 1649 scaturigo,
1862 1563 1969 1629 cui
2013 1564 2256 1645 gratia·

314 1669 458 1715 rum
501 1647 770 1713 laudem
817 1646 1060 1714 idcirco
1104 1648 1435 1716 debemus.
1525 1650 1621 1716 Et
1676 1659 1902 1714 tamen
1956 1647 2256 1716 homines

310 1753 744 1819 agnoscamus
778 1745 1090 1817 tanquam
1127 1736 1334 1818 ipsius
1354 1735 1691 1802 ministros
1713 1746 1780 1800 et
1800 1735 2258 1819 instrumenta,

309 1819 602 1905 ipsisque
666 1818 955 1885 debitum
1016 1820 1330 1887 honorem
1397 1831 1466 1886 et
1528 1819 1804 1906 gloriam
1873 1819 2257 1903 tribuamus,

306 1907 397 1973 sic
440 1916 521 1971 ut
581 1904 753 1970 nihil
800 1904 881 1972 de
936 1906 1077 1972 eius
1134 1907 1342 1990 gloria
1399 1906 1818 1991 detrahatur,
1875 1910 1983 1974 cui
2042 1909 2258 1975 omnis

306 1991 518 2057 honor
578 2002 652 2056 et
710 1988 921 2076 gloria
975 1991 1285 2058 debetur:
1353 1993 1468 2059 sed
1528 1994 1749 2077 potius
1804 1992 1932 2058 Dei
2001 1992 2257 2062 bonitas

303 2076 728 2163 praedicetur
772 2077 969 2143 rebus
1011 2079 1147 2145 suis
1169 2080 1407 2145 creatis
1449 2078 1532 2144 ad
1573 2089 1864 2145 nostram
1901 2078 2255 2145 utilitatem

304 2177 370 2227 et
425 2163 854 2230 commodum
914 2165 1179 2230 utentis.
1269 2164 1463 2246 Quod
1526 2186 1681 2230 vero
1739 2165 1846 2231 hic
1903 2162 2257 2232 Consilium

304 2249 587 2332 dicitur,
647 2249 854 2331 accipi
910 2258 1126 2331 potest
1177 2270 1299 2333 pro
1356 2253 1687 2335 sapienter
1730 2249 1903 2316 dicto
1950 2249 2052 2314 vel
2101 2271 2258 2334 pru-

303 2335 551 2402 dentia.
644 2334 1054 2418 Quocunque
1112 2353 1271 2401 vero
1329 2358 1526 2404 sensu
1582 2337 1869 2416 dicatur,
1925 2335 2258 2404 Davidem

301 2419 619 2487 videmus
662 2440 1059 2504 magnopere
1082 2421 1460 2504 praedicare
1504 2433 1575 2488 et
1596 2423 1941 2488 admittere
1983 2443 2255 2507 sugges-

298 2519 442 2573 tum
513 2507 649 2590 ipsi
715 2524 756 2569 a
820 2507 1097 2573 muliere
1161 2509 1529 2575 consilium.
1632 2508 1859 2589 Quare
1926 2506 2258 2580 discamus

295 2613 434 2658 non
481 2592 878 2658 erubescere
921 2591 1261 2672 admoniti,
1317 2603 1387 2661 et
1446 2616 1566 2660 nos
1608 2615 1837 2659 eorum
1881 2595 2063 2660 sanis
2103 2615 2254 2661 con·

293 2678 462 2744 siliis
518 2677 867 2756 subiicere,
925 2679 1038 2761 qui
1082 2680 1333 2746 sincere
1375 2701 1496 2745 nos
1540 2680 1929 2746 admonent:
1988 2687 2104 2746 aut
2146 2681 2258 2765 qui

293 2763 375 2829 de
442 2764 765 2830 admissis
841 2765 1124 2848 peccatis
1201 2764 1639 2851 redarguunt,
1720 2775 1838 2832 aut
1911 2764 2259 2834 admittere

288 2864 574 2934 paratos
635 2849 1044 2932 impediunt,
1103 2852 1547 2935 cuiuscunque
1601 2873 1803 2919 sexus
1861 2862 1976 2917 aut
2033 2852 2258 2918 condi-

292 2938 504 3002 tionis
553 2936 845 3001 fuerint:
890 2935 1008 3001 sed
1054 2938 1270 3019 potius
1306 2948 1615 3020 tanquam
1640 2937 1964 3002 divinitus
2007 2938 2089 3003 ad
2137 2959 2258 3005 nos

287 3023 539 3088 missos
613 3022 1041 3105 recipiamus,
1110 3035 1179 3089 et
1243 3022 1521 3090 libenter
1584 3035 1851 3109 peccata
1915 3024 2256 3101 fateamur,

287 3108 691 3190 exemplum
758 3106 1039 3174 Davidis
1104 3107 1376 3186 imitati,
1455 3109 1569 3192 qui
1646 3109 1912 3175 laudato
1985 3110 2260 3176 oonsilio

283 3192 676 3279 Abigailis,
742 3190 989 3259 fatetur
1052 3214 1125 3259 se
1188 3193 1549 3260 cohibitum
1617 3196 1817 3262 fuisse
1883 3216 1968 3261 ne
2010 3196 2257 3262 malum

281 3279 572 3361 faceret,
637 3278 1036 3362 Nabalisque
1092 3291 1293 3346 totam
1352 3281 1640 3361 domum,
1701 3291 1776 3346 ut
1826 3291 2260 3365 proposuerat

279 3367 358 3430 in
404 3365 675 3441 animo,
720 3363 1105 3431 destrueret.
1196 3365 1390 3445 Nam,
1445 3370 1571 3445 ait,
1628 3368 1763 3434 nisi
1799 3367 2114 3449 festinans
2156 3388 2257 3432 ve·

275 3453 500 3518 nisses
548 3449 807 3517 obviam
845 3450 1025 3530 mihi,
1067 3456 1224 3518 certe
1261 3473 1388 3520 non
1440 3452 1698 3520 relictus
1749 3453 1978 3535 fuisset
2020 3453 2263 3522 Nabali

277 3557 490 3619 usque
562 3536 661 3603 ad
723 3536 921 3603 lucem
983 3540 1360 3604 matutinam
1420 3545 1704 3624 ”stupens
1779 3540 1868 3604 ad
1931 3541 2258 3622 parietem.

274 3623 430 3690 Nae
480 3642 700 3705 saepe
758 3622 1023 3705 quidem
1082 3621 1179 3689 ita
1231 3624 1592 3709 loquuntur
1646 3625 1754 3708 qui
1811 3625 2262 3692 fortitudinem

274 3708 600 3792 aliquam
647 3717 1002 3783 ostentant,
1047 3721 1114 3773 et
1150 3720 1399 3776 terrere
1421 3711 1582 3777 alios
1606 3710 1876 3776 volunt:
1921 3711 2038 3778 sed
2072 3711 2262 3796 longe

271 3795 413 3861 alia
451 3794 767 3861 Davidis
809 3792 915 3859 hic
958 3814 1148 3859 mens
1190 3796 1330 3863 fuit.
1422 3796 1592 3862 Nam
1635 3795 1807 3880 quod
1853 3796 1937 3862 ad
1982 3797 2258 3863 funden·

271 3881 448 3947 dum
502 3880 913 3963 sanguinem
959 3892 1265 3962 paratum
1297 3903 1380 3958 ‚se
1423 3882 1624 3948 fuisse
1667 3883 1931 3963 fatetur,
1975 3883 2134 3949 facit
2178 3883 2259 3948 ad

267 3966 409 4034 Dei
455 3965 767 4052 gloriam
813 3977 880 4030 et
900 3967 1417 4032 misericordiam
1460 3969 1671 4053 magis
1694 3969 2035 4052 magisque
2072 3989 2261 4052 prae-

267 4052 700 4134 dicandam,
757 4052 945 4117 cuius
1001 4054 1213 4135 gratia
1269 4053 1391 4118 fuit
1443 4073 1484 4118 a
1540 4075 1656 4119 san
1752 4053 1862 4119 ine
1921 4053 2258 4120 fundendo

267 4139 681 4214 cohibitus,
763 4137 1040 4220 ideoque
1117 4140 1367 4222 gratias
1445 4140 1583 4223 agit
1715 4159 1791 4204 eo
1858 4138 2034 4222 quod
2098 4161 2261 4206 sano

263 4224 608 4290 mulieris
657 4222 927 4289 consilio
971 4224 1061 4289 sit
1103 4225 1455 4309 impeditus
1500 4248 1585 4293 ne
1628 4225 1947 4309 sanguine
1989 4225 2261 4292 innoxio

261 4331 535 4377 manus
609 4307 928 4374 foedaret.
1027 4308 1090 4374 N
1095 4329 1181 4373 on
1238 4311 1366 4376 fnit
1423 4312 1631 4395 igitur
1682 4320 1816 4376 tam
1875 4323 2262 4377 excaecatus

259 4396 643 4480 superbia,
688 4395 853 4460 utin
887 4394 1139 4460 malum
1162 4398 1583 4482 praecipitem
1619 4418 1690 4465 se
1726 4396 1996 4462 dederit.
2066 4397 2261 4475 Nam,

257 4483 593 4561 obsecro,
692 4500 778 4545 uo
820 4500 891 4545 se
935 4481 1201 4563 flagitio,
1248 4503 1446 4566 qnam
1491 4484 1909 4552 abominabili
1946 4493 2014 4548 et
2056 4483 2263 4549 detes-

254 4568 489 4634 tando
560 4587 661 4652 po
688 4566 952 4644 luisset,
1006 4568 1294 4636 aeternis
1352 4570 1579 4653 poenis
1636 4570 1854 4653 digno,
1912 4569 2062 4634 licet
2116 4570 2266 4635 reli-

255 4675 483 4736 quam
541 4655 764 4718 vitam
821 4652 888 4716 in
946 4674 1206 4720 summa
1257 4656 1631 4722 innocentia
1689 4655 1994 4738 deinceps
2051 4664 2264 4723 trans-

251 4740 585 4825 egisset:
641 4736 1188 4821 quemadmodum
1234 4751 1300 4805 et
1323 4762 1508 4807 reum
1544 4743 1788 4809 factum
1810 4741 2009 4807 fuisse
2044 4762 2264 4807 coram

251 4825 419 4893 Deo
475 4824 810 4892 videmus
868 4837 1080 4889 morte
1124 4825 1344 4907 Uriae,
1401 4847 1596 4910 quam
1656 4826 1779 4911 ipsi
1840 4826 2016 4892 fideli
2072 4848 2265 4893 servo

249 4910 703 4995 procuravit
767 4916 918 4992 post
982 4911 1289 4977 violatam
1353 4923 1421 4979 et
1491 4925 1868 4996 corruptam
1945 4913 2266 4978 adulterio

248 5018 578 5064 uxorem
650 4996 874 5079 ipsius.
943 5016 1072 5078 quo
1136 4998 1385 5082 flagitio
1449 4999 1728 5067 dedecus
1792 5008 2131 5064 aeternum
2194 5001 2262 5065 in

248 5103 482 5149 suum
557 5094 776 5164 caput
829 5081 1188 5158 accersivit,
1258 5086 1385 5150 nisi
1441 5086 1625 5152 Deus
1686 5086 1999 5151 misertus
2060 5086 2267 5168 ipsius

245 5168 509 5236 esset?
599 5166 807 5233 Hanc
869 5168 1076 5252 igitur
1139 5169 1223 5235 ob
1287 5190 1550 5237 causam
1606 5171 1750 5237 Deo
1807 5170 2052 5252 gratias
2109 5175 2264 5256 agit,

245 5256 450 5339 quod
507 5274 673 5319 non
717 5274 945 5335 passus
988 5255 1078 5319 sit
1119 5253 1338 5337 ipsum
1381 5278 1457 5323 eo
1514 5259 1839 5324 amentiae
1881 5256 2129 5335 venire,
2190 5268 2266 5322 ut

442 5354 714 5416 oanis&
745 5370 934 5425 opera.
1011 5356 1128 5413 Vol.
1153 5355 1350 5412 XXX.

1616 343 1740 428 nv,
1762 343 1818 410 1.
1865 341 2047 410 ms.
2084 341 2489 409 smus.
2559 341 2759 410 cap.
2802 339 3032 409 xxv,

4186 337 4319 410 562

2358 531 2683 614 sanguine
2729 530 3013 595 humano
3069 535 3137 595 et
3176 528 3449 594 innoxio
3491 527 3703 594 vitam
3749 547 3940 594 suam
3995 526 4316 608 foedaret,

2358 625 2425 680 et
2468 630 2783 766 perpetuo
2827 614 3140 681 dedecore
3185 617 3510 684 obrueret.
3569 614 3684 680 sed
3748 612 4092 679 mulierem
4138 613 4316 681 hano

2357 702 2482 786 ipsi
2509 722 2597 767 vo
2623 702 2795 767 uerit
2832 701 3091 766 obviam
3136 702 3299 776 fieri,
3347 698 3431 766 ad
3476 699 3601 767 hoc
3636 699 4076 765 avertendum
4110 719 4151 765 a
4194 718 4316 766 suo

2356 787 2570 872 capite
2614 788 2880 864 malum,
2926 785 3095 869 quod
3142 785 3304 852 falso
3347 784 3759 852 ulciscendae
3796 785 4082 852 iniuriae
4124 805 4317 870 prae-

2358 880 2551 938 textu
2623 871 3032 938 moliebatur.
3145 870 3283 938 Nos
3359 873 3580 955 itaque
3643 869 3928 937 Davidis
4010 870 4317 954 exemplo

2358 956 2687 1025 discamus
2750 959 2843 1024 sic
2910 976 3262 1042 agnoscere
3326 968 3624 1042 peccata,
3694 967 3768 1022 ut
3833 954 3965 1021 Dei
4032 956 4316 1041 gratiam

2358 1045 2602 1110 mentis
2649 1043 2953 1110 laudibus
2994 1043 3363 1118 efferamus,
3423 1053 3493 1108 et
3536 1064 3620 1108 ne
3663 1041 3992 1109 simulatis
4037 1051 4107 1107 et
4146 1042 4318 1109 ficti-

2359 1130 2473 1195 tiis
2518 1128 2735 1196 verbis
2800 1151 2880 1197 ea
2934 1130 3273 1206 fateamur,
3338 1129 3452 1196 sed
3513 1129 3802 1213 ingenue
3860 1147 3983 1193 nos
4041 1128 4317 1194 miseros

2358 1224 2427 1281 et
2508 1215 2801 1299 perditos
2881 1215 3020 1280 fore
3089 1234 3554 1299 agnoscamus,
3629 1213 3773 1280 sine
3839 1212 3972 1280 Dei
4056 1212 4318 1280 miseri-

2358 1300 2598 1382 cordia,
2657 1302 2773 1385 qui
2832 1301 3021 1367 nobis
3078 1300 3377 1379 occurrit,
3431 1321 3513 1367 ne
3572 1301 3643 1364 in
3704 1299 3962 1384 flagitia
4021 1317 4318 1380 ruamus,

2358 1408 2759 1470 manumque
2812 1388 3086 1472 porrigit
3142 1395 3221 1453 ut
3274 1407 3357 1453 ex
3417 1385 3640 1471 abyssi
3684 1385 4058 1470 gurgitibus
4103 1404 4316 1450 emer-

2358 1491 2616 1557 gamus.

2529 1557 2679 1624 Iam
2724 1577 2884 1624 vero
2928 1559 3126 1644 agite,
3167 1564 3273 1642 etc.

2928 2104 3428 2188 HOMILIA
3488 2103 3749 2186 XCII·

2531 2308 2637 2376 36.
2699 2307 2879 2375 Venit
2934 2329 3075 2392 erqo
3116 2307 3389 2393 Abiqail
3442 2307 3528 2374 ad
3573 2307 3822 2374 Nabal.-
3880 2312 3939 2374 et
3994 2328 4123 2376 ecce
4182 2313 4319 2375 erat

2361 2395 2423 2461 ei
2465 2395 2814 2462 convivium
2857 2395 2928 2459 in
2971 2394 3149 2462 domo
3190 2395 3344 2472 eius,
3388 2395 3579 2478 quasi
3620 2394 3977 2461 convivium
4016 2395 4214 2480 repis,
4259 2399 4319 2462 et

2357 2500 2469 2547 cor
2515 2481 2730 2547 Nabal
2771 2480 3146 2547 iucundum.-
3186 2485 3319 2547 erat
3361 2482 3528 2546 enim
3570 2479 3786 2546 ebrius
3821 2481 4019 2546 nimis
4033 2504 4054 2546 .·
4095 2485 4152 2547 et
4193 2501 4322 2548 non

2360 2566 2665 2633 indicavit
2706 2568 2765 2632 ei
2806 2565 3060 2632 verbum
3093 2565 3408 2651 pusillum
3452 2571 3565 2631 aut
3579 2566 3824 2650 prande
3866 2583 4068 2649 usque
4110 2586 4314 2633 mane.

2361 2652 2468 2718 37.
2526 2651 2828 2721 Diluculo
2883 2658 3090 2718 autem
3142 2672 3334 2736 quum
3389 2652 3747 2737 digessisset
3797 2653 4019 2718 vinum
4083 2652 4315 2731 Nabal,

2361 2739 2668 2805 indicavit
2721 2739 2781 2804 ei
2835 2757 3005 2802 uxor
3059 2757 3180 2803 sua
3232 2736 3422 2803 verba
3477 2737 3643 2814 haec,
3703 2741 3761 2802 et
3818 2742 4170 2804 enmrtuum
4229 2742 4322 2804 cst

2361 2844 2469 2890 cor
2554 2823 2694 2890 eius
2778 2824 3180 2905 intrinsecus,
3263 2828 3321 2889 et
3398 2823 3613 2907 factus
3685 2827 3776 2889 est
3853 2825 4045 2906 quasi
4125 2824 4318 2905 lapis.

2362 2908 2465 2976 38.
2545 2910 2867 2993 Quumque
3142 2909 3415 2975 nsissent
3487 2909 3693 2975 decem
3770 2908 3941 2985 dies.
4000 2909 4321 2990 percussit

2362 2995 2681 3063 Dominus
2741 2995 2821 3061 N
2970 3045 2986 3075 ,
3060 2999 3117 3060 et
3168 3000 3451 3061 mortuus
3506 3000 3616 3060 est.
3717 2993 3824 3059 39.
4123 3013 4320 3078 quum

2364 3082 2651 3148 audisset
2696 3079 2917 3147 David
2956 3085 3273 3146 mortuum
3318 3079 3549 3170 Nabal,
3594 3079 3689 3145 ait
3703 3103 3723 3144 .·
3766 3077 4153 3145 Benedictus
4188 3079 4318 3147 Do-

2364 3168 2581 3233 minus
2619 3169 2732 3251 ραι·
2771 3167 3079 3233 iudicavit
3119 3186 3376 3233 causam
3434 3164 3751 3249 opprobrii
3805 3165 3931 3231 mei
3987 3165 4065 3230 de
4120 3185 4323 3232 manu

2371 3252 2601 3330 Nabal,
2646 3257 2702 3318 et
2742 3272 2987 3319 servum
3028 3272 3217 3318 suum
3237 3252 3566 3319 custodivit
3607 3272 3651 3317 a
3692 3250 3880 3333 malo,
3926 3255 3984 3316 et
4002 3250 4325 3317 malitiam

2366 3338 2585 3405 Nabal
2624 3337 2902 3405 reddidit
2943 3337 3263 3405 Dominus
3309 3339 3380 3404 in
3434 3341 3619 3420 caput
3675 3338 3837 3403 eius.
3927 3335 4123 3402 Misit
4179 3357 4325 3422 erqo

2362 3423 2601 3509 David,
2661 3429 2717 3490 et
2764 3424 3052 3507 loquutus
3107 3429 3198 3491 est
3251 3424 3340 3489 ad
3378 3422 3672 3508 Abiyail,
3731 3427 3802 3487 ut
3857 3427 4125 3489 sumeret
4183 3443 4323 3488 eam

2360 3509 2487 3577 sibi
2545 3513 2616 3576 in
2684 3530 2963 3576 uxorem,
3051 3509 3159 3575 40.
3211 3509 3302 3576 Et
3354 3513 3652 3576 venerunt
3697 3510 3892 3590 pueri
3951 3506 4181 3574 David
4233 3508 4324 3574 ad

2361 3596 2630 3681 Abiqail
2670 3596 2743 3661 in
2781 3595 3155 3676 Carmelum,
3199 3600 3258 3660 et
3299 3595 3541 3678 loquuti
3581 3598 3729 3660 sunt
3770 3593 3857 3661 ad
3900 3613 4062 3676 eant,
4106 3594 4322 3660 dicen-

2360 3678 4323 3766 tessDavidmisitnosadte,utaccipiattcsibiin

2362 3787 2640 3833 uxorem.
2723 3766 2827 3832 41.
2872 3767 3047 3849 Quae
3088 3786 3314 3833 consur
3352 3787 3464 3832 ens
3495 3765 3793 3833 adoravit
3819 3785 4037 3848 prona
4082 3768 4153 3831 in
4193 3771 4321 3832 ter-

2360 3873 2522 3934 ram,
2586 3857 2644 3920 et
2696 3855 2789 3919 ait
2802 3877 2822 3918 .·
2886 3851 3066 3934 Eece,
3127 3852 3264 3935 fam
3428 3857 3541 3917 tua
3598 3851 3684 3917 sit
3741 3852 3811 3917 in
3855 3851 4181 3931 ancillam,
4249 3857 4324 3919 ut

2364 3939 2530 4006 lavet
2564 3939 2754 4023 pedes
2793 3957 3113 4004 servorum
3145 3937 3414 4004 Domini
3450 3938 3591 4003 mei.
3681 3936 3789 4001 42.
3838 3933 3930 4002 Et
3969 3938 4319 4021 festinavit,

2363 4029 2419 4090 et
2476 4026 2760 4091 surrexit
2814 4023 3106 4108 Abiyail‚
3172 4027 3229 4088 et
3281 4023 3603 4089 adscendit
3662 4041 3861 4105 super
3923 4024 4205 4103 asinum,
4269 4028 4327 4089 et

2363 4111 2636 4195 quinque
2665 4111 2916 4194 puellae
2956 4110 3168 4175 ierunt
3222 4129 3362 4175 cum
3419 4130 3511 4187 ea,
3561 4109 3981 4193 pedissaeque
4039 4109 4211 4190 eius,
4265 4113 4325 4176 et

2364 4201 2632 4279 sequuta
2683 4201 2775 4262 est
2829 4198 3091 4262 nuncios
3147 4193 3397 4262 David:
3473 4199 3533 4260 et
3619 4199 3760 4260 acta
3816 4199 3909 4259 est
3966 4193 4073 4260 illi
4137 4213 4320 4262 uxor.

2362 4282 2468 4348 43.
2534 4282 2700 4349 Saul
2753 4286 2962 4347 autem
3021 4280 3193 4347 dedit
3245 4279 3484 4349 Michol
3608 4280 3742 4345 iam
3793 4297 3985 4345 suam
4056 4299 4322 4346 uxorem

2364 4367 2587 4434 David
2628 4366 2855 4435 Phalti
2892 4367 3029 4449 filio
3072 4366 3253 4448 Lais,
3297 4367 3409 4451 qui
3452 4370 3590 4431 erat
3630 4365 3709 4432 de
3745 4362 4005 4429 Gallim.

2538 4573 2906 4639 Historiam
2942 4593 3139 4657 quam
3182 4571 3327 4639 heri
3374 4570 3804 4637 tractavimus
3845 4567 4321 4637 consideranti-

2368 4660 2492 4725 bus
2513 4659 2751 4724 Nabali
2771 4658 2957 4726 Deus
2990 4680 3261 4745 parcere
3297 4657 3582 4723 voluisse
3616 4654 3989 4721 videretur:
4026 4659 4323 4739 quando·

2366 4743 2634 4828 quidem
2695 4745 2889 4812 morti
2947 4750 3284 4829 proximus
3340 4751 3501 4820 erat,
3563 4739 3690 4807 nisi
3748 4739 4077 4807 Davidem
4141 4743 4323 4810 Deus

2367 4831 2450 4896 ab
2515 4831 2774 4913 incepto
2850 4832 3229 4898 dimovisset
3292 4826 3612 4909 Abigailis
3669 4826 3961 4892 consilio.
4066 4828 4321 4896 Verum

2365 4916 2587 4981 exitus
2651 4917 2938 4983 ostendit
2999 4918 3299 4988 dilatam,
3381 4933 3515 4977 non
3582 4912 3865 4977 ablatam
3938 4933 4211 4995 poenam
4282 4936 4323 4982 a

2366 5001 2656 5067 Domino
2700 5002 2898 5068 fuisse
2910 5025 2928 5083 ;
2971 4998 3493 5087 quandoquidem
3537 5018 3743 5081 quum
3788 4997 4125 5065 videretur
4168 5022 4322 5067 eva-

2368 5088 2532 5153 sisse
2570 5087 2859 5154 divinam
2900 5089 3256 5154 vindictam
3303 5082 3813 5150 misericordiam
3858 5099 4321 5168 consequutus,

2369 5171 2649 5239 Davidis
2685 5174 2862 5239 enim
2905 5192 3178 5239 manum
3223 5170 3565 5255 effugerat,
3631 5168 3762 5235 alia
3802 5169 4022 5253 ipsum
4067 5173 4323 5242 ratione

2370 5259 2556 5325 Deus
2614 5259 2918 5326 coercuit.
3006 5260 3098 5325 Et
3156 5257 3337 5323 istud
3395 5256 3583 5322 nobis
3641 5277 3819 5324 nunc
3871 5257 4079 5323 instat
4120 5260 4329 5342 expli-
