5059 6059
281 355 382 420 41⁷

276 540 588 610 absentiam
624 558 662 602 a
695 537 1148 604 tabernaculo:
1192 535 1347 602 Sitit
1381 536 1600 602 anima
1630 556 1770 601 mea
1804 536 1890 601 ad
1924 534 2149 615 Deum,

274 631 345 695 ad
370 626 555 692 Deum
596 625 805 688 vivum
846 622 1154 710 (dicens).·
1205 622 1464 704 Quando
1499 623 1820 705 inyrediar
1852 626 1924 686 ut
1955 642 2147 704 appa·

274 733 416 780 reoem
452 730 650 776 coram
689 711 852 791 facie
894 709 1073 775 Dei?
1160 707 1391 791 Itaque
1436 708 1863 773 vehementer
1904 707 2148 771 lamen-

275 810 421 865 tatur
472 795 701 872 David,
753 796 922 878 quod
983 795 1204 878 procul
1257 817 1296 859 a
1351 809 1695 876 conspectu
1752 792 2147 858 tabernaculi

271 883 527 960 Domini,
592 897 656 946 et
698 882 1167 947 consuetudine
1232 881 1482 963 piorum
1550 878 1891 942 hominum
1960 877 2146 943 exsul

271 972 518 1048 oberret,
581 988 789 1049 neque
854 989 1005 1033 suas
1059 987 1207 1031 cum
1271 966 1402 1030 illis
1468 986 1689 1048 preces
1753 965 2148 1046 coniungere

270 1055 457 1139 possit.
552 1052 990 1133 Quamobrem
1061 1054 1477 1134 conspicuum
1538 1061 1666 1127 est,
1729 1064 2145 1125 sacramenta,

270 1161 408 1223 quae
450 1140 620 1203 Deus
663 1139 1055 1213 instituerat,
1107 1140 1186 1204 ab
1242 1137 1354 1202 illo
1413 1157 1544 1201 non
1605 1136 1879 1220 negligi:
1939 1156 2146 1218 neque

265 1224 513 1292 vicissim
554 1225 750 1288 etiam
796 1224 1018 1289 eadem
1065 1223 1512 1306 superstitiose
1555 1220 1698 1304 coli,
1776 1233 1847 1285 ut
1904 1222 1971 1285 in
2018 1222 2144 1286 illis

265 1310 712 1395 hypocritarum
757 1331 935 1375 more
980 1309 1281 1374 fiduciam
1327 1329 1512 1373 suam
1554 1307 1913 1372 collocaret.
1980 1305 2148 1371 Oon-

265 1409 347 1460 tra
383 1416 525 1460 vero
568 1395 906 1460 Israelitas
949 1394 1033 1460 de
1072 1395 1215 1460 Deo
1276 1415 1406 1458 non
1456 1394 1770 1476 cogitasse
1814 1392 2144 1458 videmus:

262 1481 355 1546 sed
404 1481 464 1545 in
519 1500 709 1546 arcae
766 1482 1135 1564 praesentia
1189 1479 1485 1544 fiduciam
1531 1499 1789 1542 omnem
1832 1498 2145 1560 spemque

260 1587 416 1631 suam
456 1566 817 1644 collocasse,
863 1567 1043 1649 quasi
1068 1566 1250 1629 Deus
1287 1576 1624 1647 praesente
1659 1564 1771 1627 illa
1806 1584 2145 1644 nunquam

259 1653 328 1717 sit
355 1652 501 1734 ipsis
544 1651 923 1717 defuturus:
972 1651 1085 1717 sed
1129 1661 1370 1715 certam
1416 1650 1756 1715 victoriam
1793 1648 2144 1713 allaturus:

252 1737 378 1803 licet
416 1746 632 1801 tamen
679 1739 758 1803 ab
803 1739 944 1821 ipso
990 1737 1390 1814 defecissent,
1449 1747 1640 1817 atque
1698 1735 1832 1799 suis
1880 1734 2144 1817 flagitiis

252 1825 390 1886 iram
449 1823 657 1906 ipsius
723 1825 793 1887 in
857 1844 928 1888 se
987 1822 1180 1888 toties
1237 1821 1685 1888 concitassent.
1770 1819 1947 1884 Hinc
1995 1840 2144 1884 vero

253 1908 616 1987 discendum,
660 1929 991 1991 nunquam
1036 1908 1295 1991 quidem
1340 1906 1745 1971 immodicam
1782 1926 1924 1970 esse
1960 1925 2144 1986 posse

252 2003 505 2059 nostram
559 1994 642 2058 in
682 1994 828 2059 Deo
885 1994 1217 2074 laetitiam,
1275 2013 1487 2076 neque
1543 1993 1798 2057 inanem
1857 2011 2141 2073 unquam

250 2079 546 2145 fiduciam:
625 2078 740 2144 sed
802 2100 1197 2164 magnopere
1253 2100 1393 2144 esse
1435 2075 1794 2143 cavendum
1841 2097 1921 2140 ne
1965 2095 2142 2140 arro·

248 2164 503 2249 gantiam
559 2164 843 2230 fiduciae
896 2167 1159 2231 nomine
1216 2174 1534 2248 tegamus.
1622 2163 1818 2228 Absit
1857 2162 2061 2246 igitur
2104 2182 2144 2226 a

248 2249 409 2315 nobis
459 2261 695 2335 stupor
744 2252 873 2329 ille,
939 2252 1148 2335 qualis
1205 2250 1604 2315 ebriosorum
1648 2262 1764 2327 est,
1830 2248 1941 2330 qui
1989 2266 2141 2312 vero

248 2335 327 2398 illi
376 2357 483 2419 per
537 2337 853 2419 spiritum
912 2347 1206 2402 sanctum
1264 2335 1519 2418 gaudio,
1578 2336 1649 2399 in
1697 2354 1825 2416 quo
1867 2354 2139 2415 regnum

246 2420 352 2485 Dei
389 2424 701 2501 consistit,
743 2444 866 2489 sua
908 2431 1276 2487 commenta
1332 2421 1766 2486 substituunt:
1834 2417 2141 2501 quemad·

252 2507 474 2572 modum
519 2507 801 2591 pulchre
844 2508 1095 2574 Paulus
1140 2507 1466 2586 admonet,
1527 2517 1597 2570 ut
1647 2504 1993 2587 diligenter
2035 2523 2139 2569 ca·

250 2603 417 2657 veant
455 2594 703 2674 fideleS,
757 2615 841 2660 ne
899 2614 1017 2677 pro
1066 2592 1194 2658 fide
1237 2592 1671 2675 arrogantiam
1716 2589 2141 2655 substituant.

248 2675 476 2743 Fideles
525 2681 707 2744 enim
765 2679 882 2745 illa
937 2677 1065 2745 fide
1124 2699 1287 2762 quae
1330 2677 1455 2741 Dei
1518 2676 1850 2759 promissis
1906 2674 2146 2739 nititur

244 2761 518 2829 foventur
559 2776 628 2829 et
674 2774 1140 2842 sustentantur,
1186 2784 1318 2828 non
1363 2773 1606 2827 temere
1641 2761 1763 2826 sibi
1797 2759 2141 2843 quidquam

248 2848 555 2932 fingentes,
624 2850 741 2917 scd
808 2851 1010 2915 vitam
1073 2849 1198 2915 sibi
1256 2849 1640 2932 promissam
1697 2849 1886 2912 firme
1927 2846 2143 2910 animo

244 2936 655 3019 concipientes
697 2946 764 3002 et
806 2934 1447 3019 comprehendentes,
1505 2934 1664 2998 adeo
1721 2943 1799 2997 ut
1853 2932 1938 2997 sit
1981 2931 2141 2998 haec

244 3021 479 3086 unicum
541 3022 682 3087 illis
737 3021 1231 3087 fundamentum
1298 3029 1365 3085 et
1421 3019 1613 3085 unica
1667 3017 1859 3084 salus.
1947 3016 2141 3098 Quod

244 3104 362 3170 fieri
402 3128 557 3173 sane
602 3129 737 3172 non
780 3119 1010 3192 potest,
1055 3110 1215 3190 quin
1260 3105 1523 3189 penitus
1564 3105 1638 3169 in
1680 3104 1897 3168 Deum
1945 3103 2137 3184 respi-

243 3191 410 3273 ciant,
464 3205 669 3277 atque
725 3204 978 3278 patrem
1031 3193 1217 3257 illum
1272 3201 1648 3275 agnoscant.
1733 3187 1926 3256 Unde
1982 3208 2140 3254 vero

245 3275 470 3343 tandem
515 3279 684 3346 haec
727 3301 801 3346 co
849 3278 1026 3359 uitio,
1081 3276 1210 3342 nisi
1266 3298 1349 3342 ex
1408 3276 1730 3361 gratuitae
1779 3273 2138 3355 adoptionis

240 3381 425 3444 sensu,
465 3364 744 3429 manat?
791 3301 923 3431 god
967 3363 1110 3447 quis
1146 3362 1273 3428 Dei
1320 3383 1476 3445 erga
1517 3382 1635 3426 nos
1677 3361 2031 3437 caritatem,
2075 3366 2142 3423 et

238 3457 559 3527 paternum
605 3452 916 3517 affectum
964 3450 1122 3515 satis
1165 3456 1417 3513 attente
1460 3445 1867 3513 considerare
1912 3453 2139 3527 potest,

239 3531 345 3598 nisi
405 3535 514 3617 qui
572 3557 764 3603 suam
824 3535 1152 3601 miseriam
1199 3531 1397 3618 probe
1452 3532 1844 3609 cognoverit,
1910 3541 1977 3595 et
2033 3532 2138 3596 cui

239 3614 433 3685 divina
473 3621 782 3688 voluntas
826 3621 1147 3704 patefacta
1189 3619 1431 3684 fuerit?
1497 3617 1696 3683 Fides
1739 3618 1959 3700 itaque
2002 3615 2140 3681 sola

236 3720 437 3770 omnes
497 3706 971 3773 immoderatos
1030 3705 1301 3771 affectus
1357 3716 1594 3788 purgat
1649 3704 1721 3767 in
1780 3702 1995 3767 nobis:
2063 3720 2138 3764 ac

234 3787 491 3866 primum
530 3792 801 3877 quidem
844 3792 966 3858 hoc
1007 3805 1329 3875 operatur,
1393 3812 1476 3853 ne
1519 3790 1587 3853 in
1631 3788 1850 3853 Deum
1894 3787 2136 3869 ingrati

235 3873 432 3956 simus,
468 3879 584 3944 sed
632 3880 728 3944 ita
769 3889 985 3944 tamen
1029 3887 1102 3942 ut
1146 3876 1375 3960 spiritu
1398 3874 1523 3940 Dei
1559 3895 1718 3956 opus
1762 3871 2133 3946 habeamus,

236 3959 338 4039 qui
375 3961 439 4025 in
477 3964 674 4031 nobis
707 3973 1010 4047 operetur
1052 3972 1117 4027 et
1158 3962 1230 4027 in
1273 3960 1410 4025 dies
1452 3962 1808 4026 confirmet.
1882 3957 2134 4022 Idcirco

232 4045 521 4113 Actorum
570 4049 658 4116 15
701 4047 888 4117 Deus
932 4049 1169 4115 dicitur
1208 4067 1524 4132 purgasse
1570 4045 1698 4111 fide
1740 4041 1935 4110 corda
1978 4043 2134 4108 fide-

229 4126 394 4198 lium.
476 4135 717 4221 Itaque
757 4145 836 4200 ut
875 4134 1099 4219 paucis
1141 4154 1281 4198 rem
1324 4141 1527 4198 totam
1570 4130 1978 4212 complectar,
2026 4128 2135 4193 ubi

230 4215 392 4281 nulla
424 4221 605 4299 fides,
654 4222 838 4287 nulla
871 4222 1068 4287 etiam
1107 4220 1377 4303 puritas,
1422 4216 1602 4282 nulla
1642 4214 1977 4290 rectitud0,
2023 4213 2137 4280 sed

227 4312 431 4369 contra
472 4328 736 4373 summa
778 4304 1141 4375 sollicitudo
1181 4314 1249 4369 et
1291 4304 1603 4369 anxietas.
1694 4300 1823 4368 Sed
1878 4301 2007 4365 fide
2055 4299 2135 4364 ad

228 4382 427 4454 Deum
492 4396 796 4476 proxime
860 4391 1248 4471 accedimus,
1311 4398 1510 4473 prout
1572 4407 1712 4453 sese
1777 4386 1964 4451 uobis
2021 4406 2137 4469 per

226 4474 478 4542 verbum
544 4500 740 4545 suum
804 4483 1255 4543 communicat.
1362 4474 1549 4556 Quae
1611 4473 1847 4538 fiducia
1911 4470 2137 4554 procul

226 4555 392 4625 abest
466 4564 551 4629 ab
623 4564 999 4649 arrogantia
1068 4583 1194 4645 qua
1227 4560 1612 4646 plerumque
1657 4559 1955 4623 homines
1998 4568 2137 4622 tur-

222 4652 366 4723 gent
406 4657 475 4713 et
516 4651 927 4733 superbiunt.

222 4728 368 4793 tiam
433 4743 502 4800 et
568 4735 1010 4801 humilitatem
1075 4733 1261 4800 docet
1324 4730 1529 4797 fides?
1622 4729 1863 4812 Ecquis
1917 4743 2136 4793 autem

222 4815 420 4895 aptior
472 4831 577 4885 est
633 4821 983 4888 modestiae
1037 4830 1104 4886 et
1160 4818 1546 4884 humilitatis
1589 4817 1900 4899 magister
1943 4834 2137 4896 quam

210 4895 338 4992 ‚Dei
378 4907 683 4986 verbum,
742 4929 823 4973 ex
879 4928 1003 4989 quo
1048 4905 1356 4988 quidquid
1403 4904 1720 4969 bonorum
1765 4900 2138 4965 hominibus

219 4987 551 5075 contingit,
598 5011 641 5056 a
681 4992 825 5057 Deo
865 5011 1131 5058 manare
1174 4986 1673 5075 cognoscimus?
1752 4987 1859 5052 En
1904 4985 2137 5069 quibus

218 5071 518 5152 gradibus
575 5076 665 5143 ad
719 5078 936 5144 Deum
989 5079 1200 5160 ipsum
1260 5076 1679 5160 assurgimus.
1766 5069 1897 5139 Sed
1956 5092 2138 5136 arro-

220 5158 433 5238 gantia
476 5162 591 5228 vel
631 5184 827 5247 supra
868 5162 1072 5229 nubes
1114 5162 1464 5242 efferimur,
1523 5181 1657 5226 non
1699 5157 1877 5242 prius
1917 5167 2137 5224 tamen

220 5240 461 5326 deiecti,
505 5247 682 5330 quod
723 5251 961 5317 factum
1006 5249 1311 5332 oportuit.
1382 5247 1673 5314 Stultam
1715 5246 1916 5330 igitur
1958 5264 2135 5310 arro-

351 5351 577 5408 Calm'm’
611 5367 797 5421 opem.
875 5352 987 5409 Vol.
1020 5350 1250 5406 XXIX.

1567 347 1668 413 IN
1711 346 1765 412 1.
1813 346 1993 414 LIB.
2038 346 2438 415 SAMUEL.
2486 345 2686 415 OAP.
2728 348 2840 414 IV.

993 4647 1170 4731 Quid
1214 4648 1387 4713 enim
1434 4644 1611 4712 aliud
1656 4664 1847 4727 quam
1892 4642 2142 4708 modes·

4055 352 4181 421 418

2253 537 2562 620 gantiam,
2608 543 2686 601 ut
2719 543 2969 619 pestem
3006 537 3512 619 infestissimam,
3558 538 3887 622 fugiamus
3922 548 3988 608 et
4022 542 4186 609 fidu-

2252 623 2416 688 ciam
2462 643 2720 686 omnem
2764 623 2834 687 in
2881 645 3081 688 unum
3117 624 3333 690 Deum
3378 631 3443 690 et
3485 627 3806 709 promissa
3826 629 4029 711 ipsius
4052 629 4181 695 col-

2251 707 2569 773 locemus:
2614 729 2775 791 quae
2818 710 2989 773 si'ex
3027 712 3245 775 animo
3286 732 3442 793 pure
3478 722 3541 777 et
3576 714 3824 779 sincere
3861 714 4179 783 fuerimus

2252 794 2559 875 amplexi,
2621 816 2704 859 ne
2770 805 3138 862 metuamus
3204 799 3614 880 arrogantiae
3680 803 4177 880 accusationem,

2250 880 2430 961 quasi
2469 879 2819 945 modestiae
2855 882 3171 947 terminos
3209 884 3485 965 egressi:
3532 904 3727 965 quam
3764 885 3951 951 nobis
3988 887 4177 952 hodie

2250 967 2690 1048 arrogantiam
2758 969 3043 1049 papistae
3108 968 3437 1034 obiiciunt.
3549 969 3725 1050 Quid
3788 971 3926 1035 ita?
4007 971 4176 1055 quod

2248 1050 2375 1115 Dei
2420 1051 2755 1132 promissis
2799 1053 2992 1117 fidem
3037 1052 3473 1133 adhibeamuS,
3534 1065 3603 1119 et
3645 1054 3725 1120 de
3767 1055 3994 1122 iisdem
4042 1080 4177 1124 cer-

2249 1137 2444 1201 tiores
2489 1137 2641 1201 facti
2687 1138 3055 1218 gloriemur.
3145 1141 3237 1203 At
3279 1140 3405 1204 fide
3447 1140 3823 1223 gloriamur,
3883 1144 4045 1208 certi
4094 1143 4175 1210 dc

2248 1221 2470 1288 divino
2515 1224 2758 1287 auxilio
2802 1223 3112 1289 adversus
3137 1222 3420 1290 Satanae
3464 1225 3725 1292 fraudes
3767 1235 3833 1291 et
3875 1228 4173 1308 insultus,

2247 1328 2447 1390 quum
2506 1308 2575 1371 in
2630 1308 2840 1390 ipsum
2901 1309 3049 1373 Iesu
3097 1308 3344 1374 Christi
3402 1313 3787 1394 sanguinem
3840 1316 4174 1397 immergi-

2248 1413 2413 1458 mur.
2501 1391 2694 1458 Hanc
2739 1394 3031 1477 papistae
3075 1394 3375 1460 fiduciam
3417 1396 3655 1462 habere
3700 1418 3830 1462 non
3881 1407 4172 1481 possunt,

2247 1479 2355 1560 qui
2403 1477 2649 1543 nullam
2695 1500 2979 1561 unquam
3025 1480 3285 1545 divinae
3330 1482 3638 1548 bonitatis
3673 1492 3934 1566 gustum
3974 1486 4173 1551 habu·

2248 1573 2458 1628 erunt.
2526 1563 2659 1629 Sed
2692 1574 2914 1629 nostra
2950 1564 3128 1646 fides,
3166 1566 3362 1631 verbo
3384 1567 3511 1631 Dei
3546 1576 3721 1633 certo
3757 1571 3930 1649 nixa,
3977 1573 4172 1637 nullis

2246 1670 2531 1731 uuquam
2579 1650 3073 1732 tempestatibus
3115 1672 3423 1718 concussa
3466 1652 3742 1719 nutabit.
3833 1654 3963 1720 Sed
4015 1659 4171 1740 quid

2248 1755 2404 1818 agas
2447 1735 2699 1800 miseris
2742 1733 2889 1815 illis,
2932 1737 3041 1817 qui
3063 1736 3278 1802 Deum
3316 1746 3495 1803 certa
3536 1740 3967 1807 exauditionis
4013 1741 4171 1808 fidu-

2247 1822 2345 1885 cia
2411 1819 2807 1902 preca'ndum
2870 1822 3222 1904 ignorant?
3292 1833 3358 1888 et
3409 1822 3580 1889 hanc
3632 1823 3936 1891 fiduciam
3993 1848 4169 1894 arro-

2247 1907 2506 1983 gantiae
2543 1907 2898 1972 accusant?
2963 1907 3123 1983 Nae,
3168 1917 3244 1973 ut
3278 1907 3435 1983 dixi,
3480 1910 3709 1974 merito
3753 1911 3957 1977 istud:
4002 1915 4172 1997 quod

2245 1991 2376 2055 Dei
2437 1993 2742 2057 bonitatis
2800 2002 2865 2057 et
2923 1993 3211 2058 caritatis
3269 2007 3528 2078 gustum
3575 1995 3830 2062 nullum
3872 1998 4170 2080 habeant,

2246 2097 2411 2160 quae
2454 2079 2655 2142 verbo
2699 2077 2902 2161 ipsius
2946 2080 3132 2145 nobis
3176 2080 3464 2145 offertur.
3556 2080 3776 2161 Quare
3818 2085 3940 2150 sibi
3985 2085 4170 2169 quid·

2247 2164 2346 2227 vis
2410 2161 2708 2228 homines
2772 2165 3025 2248 fingant
3088 2173 3153 2229 et
3211 2165 3666 2247 polliceantur,
3744 2168 3931 2234 irrita
3994 2172 4170 2236 enim

2245 2249 2462 2313 omnia
2529 2248 2752 2313 futura
2817 2260 2970 2315 sunt
3032 2251 3321 2333 ipsorum
3377 2253 3660 2332 somnia,
3725 2273 3923 2336 quum
3990 2256 4169 2323 solus

2246 2332 2430 2399 Deus
2473 2333 2560 2397 sit
2604 2354 2803 2399 verax
2847 2345 2912 2399 et
2947 2335 3190 2400 fidelis:
3235 2336 3426 2401 homo
3462 2347 3677 2402 autem
3712 2342 3921 2405 omnis
3959 2362 4169 2409 vanus

2246 2427 2313 2483 et
2369 2419 2673 2484 mendax.
2772 2419 2997 2500 Quare
3039 2421 3183 2486 Deo
3240 2422 3359 2486 soli
3404 2421 3713 2488 fidamus:
3773 2434 3970 2507 atque
4015 2447 4170 2492 vera

2247 2504 2498 2569 laetitia
2541 2506 2969 2588 perfruamur,
3016 2507 3181 2589 quod
3220 2507 3435 2591 adepti
3472 2527 3694 2591 pacem
3732 2510 3911 2575 illam
3947 2513 4171 2591 simus,

2247 2590 2327 2655 de
2369 2611 2499 2672 qua
2541 2591 2789 2657 Paulus
2832 2590 2893 2657 5.
2937 2590 3020 2657 ad
3061 2592 3393 2658 Romanos
3452 2593 3557 2659 his
3616 2594 3860 2662 verbis:
3922 2598 4169 2663 Iustifi·

2246 2677 2371 2741 cati
2416 2677 2616 2759 igitur
2657 2698 2739 2742 ex
2786 2678 2928 2757 fide,
2974 2698 3193 2760 pacem
3244 2679 3554 2745 habemus
3595 2701 3751 2764 erga
3774 2680 4007 2760 Deum,
4055 2704 4171 2766 per

2246 2760 2603 2826 Dominum
2650 2775 2947 2827 nostrum
2995 2763 3210 2829 Iesum
3248 2764 3613 2830 Christum:
3677 2774 3743 2831 et
3797 2788 3946 2832 cum
3991 2770 4171 2833 omni

2247 2845 2481 2912 fiducia
2532 2868 2874 2931 possumus
2928 2849 3139 2931 ipsum
3199 2849 3519 2915 invocare.
3607 2851 3812 2916 Porro
3869 2874 4000 2935 pax
4055 2854 4170 2920 illa

2246 2953 2474 2997 verum
2520 2933 2705 2997 nobis
2746 2933 3054 3017 gaudium
3099 2933 3308 2999 adfert
3352 2955 3466 3017 per
3508 2935 3807 3017 spiritum
3850 2948 4169 3020 sanctum,

2245 3026 2324 3082 ut
2361 3039 2442 3082 ex
2487 3016 2713 3084 eodem
2755 3019 2963 3084 Paulo
3006 3040 3204 3103 supra
3247 3019 3602 3086 docuimus.
3667 3021 4056 3089 Intueamur
4097 3026 4164 3089 in

2245 3103 2693 3169 Israelitarum
2757 3105 3075 3169 ultionem
3133 3105 3212 3170 de
3275 3126 3401 3188 qua
3466 3106 3765 3189 deinceps
3822 3110 4166 3192 agendum,

2243 3209 2406 3271 quae
2465 3190 2652 3254 nobis
2708 3198 3025 3272 tanquam
3084 3190 3418 3273 speculum
3474 3201 3626 3256 ante
3669 3193 3886 3258 oculos
3931 3216 4165 3279 propo-

2245 3273 2442 3353 nitur,
2486 3285 2562 3339 ut
2603 3295 2684 3340 ex
2730 3295 2806 3341 ea
2850 3277 3189 3354 discamus,
3246 3297 3357 3342 eos
3413 3297 3638 3343 omnes
3690 3278 3798 3359 qui
3842 3278 3968 3344 Dei
4014 3303 4164 3365 gra-

2243 3361 2334 3423 tia
2375 3361 2736 3425 abutuntur
2779 3360 3040 3426 tandem
3085 3382 3233 3444 spes
3269 3362 3496 3427 inanes
3530 3362 3765 3428 aluisse
3797 3366 4162 3449 comperiri.

2239 3444 2417 3525 Quid
2461 3445 2598 3511 ita?
2689 3446 2940 3528 Nempe
2993 3445 3160 3529 quod
3204 3448 3358 3513 solis
3403 3449 3536 3513 suis
3579 3450 4162 3532 imaginationibus

2239 3530 2557 3613 vanisque
2599 3530 3148 3614 speculationibus
3192 3531 3624 3599 adhaeserint.

2414 3617 2502 3680 Et
2546 3617 2864 3682 hactenus
2907 3615 3165 3700 quidem
3212 3616 3292 3682 de
3335 3640 3406 3683 re
3448 3619 3609 3683 ista:
3674 3640 3839 3702 quae
3880 3642 4039 3688 vero
4082 3623 4163 3689 de

2240 3699 2464 3784 Ophni
2522 3713 2590 3767 et
2653 3702 2939 3768 Phinees
3004 3701 3337 3781 dicuntur,
3422 3702 3760 3770 Israelitas
3825 3709 4165 3789 oportebat

2239 3787 2527 3852 excitare
2584 3786 2667 3852 ad
2725 3786 3121 3853 removenda
3175 3808 3214 3852 a
3274 3810 3344 3854 se
3402 3788 3789 3856 offendicula
3846 3801 3914 3856 et
3956 3794 4164 3876 pollu-

2241 3874 2469 3949 tiones,
2506 3872 2746 3955 quibus
2781 3873 3098 3940 hactenus
3131 3873 3365 3955 polluti
3387 3875 3667 3955 fuerant,
3711 3887 3778 3940 et
3799 3875 3928 3942 Dei
3952 3880 4164 3946 cultus

2239 3956 2654 4040 depravatus,
2737 3980 2969 4042 nempe
3036 3956 3262 4041 Ophni
3324 3971 3391 4024 et
3455 3960 3754 4028 Phineos.
3843 3963 4012 4029 Nam
4079 3987 4163 4031 ex

2237 4042 2382 4126 lege
2428 4043 2687 4127 quidem
2731 4042 2863 4109 illis
2902 4045 3331 4110 sacerdotium
3380 4044 3758 4126 debebatur;
3802 4049 3915 4114 sed
3960 4070 4162 4133 quum

2238 4128 2444 4195 foedis
2488 4131 2988 4195 scortationibus
3028 4140 3249 4196 essent
3283 4129 3578 4210 infames,
3613 4153 3689 4197 ac
3724 4138 4158 4200 sanctuarium

2237 4213 2508 4282 Domini
2564 4218 2632 4280 in
2676 4215 2953 4297 lupanar
2994 4216 3500 4281 abominandum
3543 4220 4048 4296 convertissent,
4092 4229 4161 4286 et

2237 4300 2496 4383 quidem
2570 4301 2902 4384 religionis
2975 4312 3338 4384 praetextu,
3403 4303 3684 4369 feminas
3735 4306 3802 4368 in
3860 4317 4158 4371 sanctua-

2237 4387 2406 4450 rium
2446 4387 2781 4451 venientes
2816 4387 3153 4453 adoratum
3179 4387 3595 4470 polluissent:
3633 4389 4155 4470 helluationibus,

2236 4471 2835 4554 compotationibus,
2898 4473 3142 4555 rapinis
3183 4485 3250 4538 et
3293 4475 3646 4558 sacrilegiis
3689 4476 3905 4538 omnia
3950 4476 4157 4557 reple-

2236 4558 2515 4623 vissent:
2583 4556 2861 4641 denique
2904 4568 3304 4636 scortatores,
3362 4558 3715 4635 helluones,
3779 4559 4154 4644 blasphemi,

2237 4643 2542 4725 omnique
2576 4642 2814 4708 scelere
2850 4644 3122 4710 infames
3157 4655 3387 4723 essent,
3423 4644 3741 4727 quomodo
3764 4646 4156 4729 ferebantur,

2238 4728 2556 4811 quomodo
2616 4729 2884 4794 Domini
2939 4751 3153 4796 arcam
3215 4732 3277 4795 in
3338 4742 3549 4794 castra
3595 4728 3856 4805 vehunt,
3917 4741 3982 4795 et
4029 4731 4155 4799 Dei

2238 4823 2649 4897 praesentem
2692 4816 3008 4881 virtutem
3051 4815 3481 4898 profitentur?
3545 4815 3720 4879 Hinc
3764 4816 3980 4897 itaque
4023 4816 4155 4884 dis-

2237 4921 2477 4980 camus,
2536 4910 2612 4965 ut
2665 4903 2967 4984 superius
3023 4901 3441 4977 ostendimus,
3499 4909 3751 4964 tantum
3797 4902 4034 4981 abesse,
4083 4910 4155 4969 ut

2237 4997 2550 5053 externae
2589 4987 3137 5054 caeremoniarum
3181 4986 3448 5051 umbrae
3489 4987 3628 5049 sine
3670 4986 3952 5067 ipsarum
3998 4990 4154 5056 sub·

2239 5072 2483 5136 stantia
2554 5073 2736 5137 nobis
2801 5074 2936 5137 sint
3001 5073 3214 5147 utiles,
3287 5081 3359 5134 ut
3422 5083 3646 5134 contra
3713 5072 4022 5137 maiorem
4079 5076 4151 5140 in

2236 5168 2461 5222 nostra
2530 5155 2744 5238 capita
2813 5157 3410 5223 condemnationem
3471 5154 3751 5222 trahant.
3837 5156 3937 5223 Ac
3993 5181 4152 5227 sane

2239 5243 2430 5327 longe
2481 5242 2715 5309 melior
2766 5252 2935 5311 esset
2976 5241 3256 5310 conditio
3300 5243 3518 5306 futura
3561 5261 3774 5308 coram
3822 5243 3962 5311 Deo
4004 5267 4152 5329 pro-
