5059 6059
286 334 393 403 665

428 522 638 601 Atque
698 516 1016 583 hactenus
1072 516 1155 584 de
1211 516 1338 583 hoc
1395 516 1570 583 facto
1614 516 1861 584 dictum
1904 523 2063 596 esto,
2129 524 2198 583 et

284 610 350 676 de
398 604 684 671 doctrina
742 622 913 685 quae
967 600 1124 669 inde
1181 612 1283 669 est
1338 602 1722 683 haurienda,
1787 624 1992 687 quum
2056 610 2195 668 tam

285 692 442 761 brevi
495 690 809 773 temporis
868 689 1078 772 spatio
1149 696 1341 754 tanta
1397 688 1737 756 hominum
1793 695 2198 755 armatorum

282 775 605 847 multitudo
662 784 887 841 coacta
943 784 1064 841 est.
1150 774 1302 840 Alia
1350 795 1509 841 vero
1565 797 1653 841 ex
1708 783 1896 860 parte
1937 776 2200 860 insigne

284 869 374 932 hio
413 860 858 929 testimonium
896 860 1214 927 habemus
1260 870 1681 928 excaecatum
1724 881 1765 926 a
1810 860 1954 927 Deo
1997 862 2200 926 fuisse

281 952 531 1018 Nassum
575 967 801 1031 regem
847 955 914 1013 et
952 947 1417 1029 imperatorem
1452 946 2009 1012 Ammonitarnm.
2054 946 2200 1012 Nisi

279 1038 435 1103 enim
472 1034 658 1098 Deus
714 1042 782 1097 et
836 1033 1054 1115 ipsum
1112 1033 1345 1098 ducem
1403 1043 1471 1099 et
1531 1033 1888 1100 exercitum
1934 1042 2202 1117 stupore

281 1121 692 1207 percussisset,
763 1128 1064 1200 poterant
1139 1138 1224 1183 ex
1290 1120 1549 1185 nunciis
1615 1119 1952 1200 sciscitari,
2029 1138 2201 1202 quae

277 1206 639 1274 Iabensibus
710 1205 1037 1288 promissa
1093 1214 1335 1288 essent,
1402 1225 1570 1289 quae
1626 1226 1777 1289 spes
1841 1204 2068 1271 auxilii
2136 1212 2202 1270 et

276 1293 700 1376 suppetiarum
757 1299 1122 1374 appareret.
1211 1289 1469 1356 Verum
1527 1291 1913 1358 ambitiosus
1963 1292 2090 1356 iste
2134 1299 2201 1356 et

273 1398 490 1465 gurges
531 1375 930 1441 insatiabilis
968 1376 1229 1442 facilem
1272 1377 1617 1442 victoriam
1662 1378 1786 1443 sibi
1828 1377 2198 1462 pollicetur,

273 1480 331 1530 et
386 1484 527 1547 spes
590 1463 825 1528 inanes
890 1462 1119 1544 pascit,
1187 1481 1389 1544 quum
1456 1464 1768 1547 exiguum
1837 1463 2200 1529 exercitum

269 1550 553 1616 fudisset:
617 1568 694 1615 ao
751 1567 910 1612 suae
967 1546 1235 1612 ditionis
1301 1550 1614 1614 terminos
1680 1549 1874 1634 longe
1938 1549 2202 1632 lateque

270 1646 593 1702 extensum
639 1634 725 1698 iri
767 1632 892 1698 sibi
937 1633 1319 1718 persuadet:
1363 1656 1521 1699 nam
1557 1635 1682 1701 sibi
1719 1636 1938 1701 omnia
1972 1634 2204 1720 procli-

270 1725 366 1787 via
406 1732 469 1785 et
501 1719 722 1785 facilia
757 1719 1134 1804 pollicetur:
1180 1741 1256 1786 ac
1290 1720 1348 1785 si
1385 1741 1554 1805 quae
1589 1721 1942 1787 auxiliares
1976 1722 2199 1804 copiae

265 1808 580 1890 suppetias
638 1806 919 1871 obsessis
990 1805 1244 1871 laturae
1308 1807 1635 1886 venerint,
1703 1827 1814 1873 eas
1877 1828 1948 1873 se
2012 1806 2203 1873 facile

266 1892 748 1971 debellaturum,
813 1900 880 1956 et
945 1901 1095 1975 post
1156 1891 1343 1956 illam
1410 1891 1664 1958 cladem
1719 1913 1790 1958 se
1855 1893 2198 1959 victoriam

260 1978 500 2045 facilius
541 1986 1123 2062 persequutorum,
1170 1986 1236 2042 et
1278 1985 1469 2061 parta
1510 1979 1887 2044 fruiturum.
1948 1978 2199 2060 Quam-

261 2064 465 2132 obrem
512 2064 797 2129 avaritia
841 2073 910 2128 et
953 2063 1310 2129 ambitione
1354 2063 1666 2148 tumidus,
1723 2066 1936 2130 instar
1979 2066 2200 2131 furen-

261 2154 343 2216 tis
405 2149 547 2233 apri
616 2150 687 2213 in
747 2150 915 2214 retia
982 2148 1098 2213 dat
1153 2171 1223 2216 se
1295 2151 1735 2234 praecipitem,
1810 2158 1926 2215 aut
1988 2149 2202 2216 instar

261 2235 421 2301 avidi
493 2237 706 2320 piscis
771 2234 841 2299 iu
925 2234 1198 2300 hamum
1278 2236 1597 2302 irruentis
1664 2235 1871 2303 solido
1938 2236 2201 2302 dentem

257 2322 477 2406 infigit.
569 2321 757 2386 Talis
810 2319 924 2387 ille
982 2341 1104 2387 rex
1161 2322 1717 2401 Ammonitarum,
1780 2343 1970 2405 quem
2018 2323 2202 2389 Deus

254 2418 504 2491 stupore
572 2407 820 2471 mentis
887 2416 1315 2490 percusserat,
1383 2417 1450 2472 et
1508 2407 1866 2493 cupiditate
1935 2408 2202 2474 ditionis

255 2493 581 2579 augendae
635 2502 702 2558 et
746 2492 942 2576 longe
985 2493 1449 2577 propagandae
1483 2495 1849 2560 ferventem
1894 2514 2202 2560 excaeca-

249 2591 361 2645 rat.
451 2579 637 2645 Nam
683 2579 875 2663 parvi
912 2581 1226 2646 momenti
1271 2579 1428 2644 facit
1461 2578 1684 2664 oppidi
1717 2580 1897 2646 illius
1934 2579 2204 2645 deditio·

250 2686 424 2743 nem;
483 2666 604 2731 sed
670 2666 728 2731 si
783 2663 1063 2748 populus
1118 2663 1191 2730 in
1247 2664 1536 2732 ferendis
1594 2666 1910 2749 suppetiis
1955 2665 2205 2731 tardior

248 2772 315 2817 ac
354 2752 705 2819 remissior
760 2759 952 2829 esset,
1011 2759 1244 2833 sponte
1300 2771 1444 2816 sese
1484 2751 1581 2816 illi
1628 2773 1855 2819 omnes
1899 2750 2204 2835 deinceps

249 2838 449 2904 tribus
512 2836 898 2916 dedituras,
959 2844 1025 2901 et
1070 2836 1342 2901 devictis
1386 2837 1813 2904 auxiliaribus
1857 2840 2082 2922 copiis,
2143 2837 2201 2903 si

247 2944 405 3007 quae
450 2923 788 3002 venerint,
843 2922 1033 2987 facile
1077 2922 1363 3004 reliquas
1406 2925 1528 2989 sub
1570 2925 1801 3008 iugum
1846 2945 2038 2990 suum
2082 2923 2200 2989 tri-

250 3007 363 3075 bus
428 3009 818 3076 mittendas.
907 3007 1087 3075 Hinc
1155 3008 1484 3076 discamus
1549 3009 1916 3077 socordiam
1979 3010 2202 3076 istius-

245 3095 412 3160 modi
473 3109 544 3162 et
606 3094 1054 3178 arrogantiam
1114 3094 1361 3177 fugere,
1423 3116 1618 3179 quam
1659 3118 1699 3162 a
1742 3096 1887 3162 Deo
1931 3094 2203 3161 maledi-

246 3182 514 3247 cendam
588 3190 850 3248 certum
930 3188 1049 3246 est.
1161 3180 1513 3247 Caeterum
1580 3182 1727 3247 Deo
1789 3201 1911 3267 pro
1978 3188 2204 3248 nostra

244 3267 452 3333 salute
513 3267 865 3352 vigilante,
933 3286 1018 3331 ne
1080 3265 1228 3332 ideo
1286 3287 1764 3354 segnescamus,
1826 3274 1893 3334 et
1944 3268 2017 3334 in
2074 3266 2205 3333 fide

243 3355 660 3420 remissiores
707 3354 942 3418 simus:
991 3351 1106 3417 sed
1153 3353 1369 3436 potius
1410 3355 1623 3438 magis
1668 3374 1745 3420 ae
1789 3353 2000 3438 magis
2036 3352 2207 3419 exci-

245 3447 475 3520 temur,
523 3450 600 3504 et
647 3438 730 3504 de
786 3437 978 3503 nobis
1021 3438 1192 3503 serio
1236 3440 1598 3524 cogitantes
1642 3438 1727 3504 ad
1771 3439 1989 3507 Deum
2034 3439 2206 3505 votis

241 3536 302 3590 et
343 3527 665 3609 precibus
703 3522 1083 3590 ardentibus
1118 3524 1569 3609 confugientes
1615 3525 1755 3591 eius
1790 3546 1978 3610 opem
2015 3546 2207 3609 expe-

244 3622 476 3678 tamus.
576 3611 780 3688 Nam,
848 3618 925 3675 ut
981 3610 1139 3688 dixi,
1205 3612 1476 3695 quaevis
1542 3612 1922 3696 arrogantia
1985 3630 2205 3678 secum

239 3698 783 3764 maledictionem
842 3696 1063 3773 trahit,
1129 3705 1195 3761 et
1252 3698 1604 3780 quominus
1664 3697 1746 3761 ad
1791 3697 2008 3763 Deum
2053 3718 2205 3763 con·

241 3782 579 3866 fugiamus
627 3782 1101 3866 impedimento
1144 3790 1262 3860 est,
1307 3794 1376 3848 et
1419 3782 1804 3849 tantundem
1852 3784 1932 3847 ab
1977 3783 2205 3849 eodem

234 3880 524 3952 separat.
636 3869 863 3950 Quare
905 3868 1187 3952 vigilare
1242 3889 1361 3934 nos
1402 3876 1676 3951 oportet,
1736 3882 1802 3933 et
1845 3889 2079 3935 cavere
2123 3889 2208 3933 ne

239 3956 540 4021 socordia
600 3972 1109 4039 segnescamus:
1171 3974 1248 4020 ac
1304 3954 1376 4018 in
1434 3955 1663 4038 primis
1723 3974 1806 4019 ne
1864 3976 1904 4020 a
1963 3955 2207 4020 nostris

235 4040 725 4125 cupiditatibus
770 4039 1173 4123 abripiamur
1214 4050 1281 4104 et
1325 4059 1778 4109 excaecemur:
1843 4039 2207 4106 cuiusmodi

233 4128 418 4275 gobis
486 4126 886 4210 exemplum
954 4126 1077 4192 hoc
1141 4126 1281 4191 loco
1347 4126 1472 4192 iste
1535 4124 1912 4193 incredulus
1969 4146 2207 4210 suppe-

277 4214 417 4279 itat.

403 4298 551 4366 Sed
615 4297 765 4365 eius
834 4296 1165 4364 caecitatis
1221 4318 1261 4361 a
1319 4296 1464 4362 Deo
1524 4296 1858 4364 immissae
1915 4297 2010 4362 illi
2070 4319 2210 4364 cer·

235 4384 361 4450 tius
419 4385 664 4451 adhuc
724 4385 1021 4467 sequitur
1080 4384 1553 4459 testimonium,
1613 4402 1817 4464 quum
1876 4382 2207 4462 Iabenses,

230 4492 347 4552 per
415 4471 723 4536 nuncios
789 4471 872 4534 ad
940 4470 1156 4552 ipsum
1224 4468 1544 4549 dimissos,
1611 4469 2064 4554 significarunt
2129 4471 2209 4549 ei,

227 4556 362 4637 fore
405 4562 479 4621 ut
525 4556 831 4622 crastina
871 4556 975 4621 die
1017 4557 1104 4621 ad
1145 4556 1319 4636 ipsos
1362 4555 1615 4633 exirent,
1659 4562 1733 4620 ut
1761 4556 2004 4638 faciant
2046 4557 2211 4639 ipsis

220 4649 414 4722 prout
457 4643 713 4708 bonum
755 4642 1068 4707 videretur
1108 4642 1180 4705 in
1222 4641 1418 4707 oculis
1475 4643 1774 4723 ipsorum.
1863 4641 2211 4708 Crastinus

231 4727 340 4793 ille
399 4728 553 4794 dies
616 4726 747 4793 sub
821 4737 1077 4792 aestum
1138 4728 1312 4808 solis,
1387 4734 1645 4810 tempus
1705 4735 1850 4792 erat
1908 4750 1947 4791 a
2006 4727 2212 4793 Saule

230 4817 762 4898 praescriptum,
821 4834 948 4896 quo
994 4814 1333 4896 suppetias
1376 4813 1630 4878 laturus
1666 4824 1826 4879 erat.
1916 4813 2041 4879 Ille
2085 4814 2210 4877 ita-

231 4918 356 4980 que
399 4900 690 4965 Naasus
735 4900 950 4965 verbis
993 4898 1125 4963 illis
1167 4899 1386 4963 fretus·
1429 4909 1492 4964 et
1538 4920 1806 4965 securus
1852 4898 1932 4963 de
1976 4920 2208 4964 eruen-

232 4983 332 5052 dis
388 4987 667 5054 civium
732 4985 1141 5070 singulorum
1199 4985 1404 5049 oculis
1463 4987 1727 5068 cogitat,
1787 4992 1862 5049 ut
1918 4986 2210 5051 minatus

232 5084 375 5137 erat
434 5095 512 5138 se
586 5071 879 5155 singulis
954 5069 1216 5136 oculum
1285 5070 1589 5135 dextrum
1661 5072 2068 5150 effossurum,
2135 5079 2213 5135 ut

231 5156 659 5242 ignominiae
707 5166 1057 5241 perpetuae
1103 5164 1325 5220 notam
1371 5156 1529 5239 ipsis
1575 5157 1884 5234 inureret,
1931 5179 2097 5240 quae
2140 5158 2209 5222 in

231 5252 447 5310 totum
507 5243 846 5327 populum
904 5241 1333 5309 israeliticum
1402 5242 1818 5320 redundaret,
1886 5243 2088 5308 immo
2145 5252 2211 5307 et

1601 327 1701 394 IN
1741 326 1797 394 Ι.
1842 328 2024 396 LIB.
2074 326 2477 396 SAMUEL.
2521 327 2723 395 cAP.
2767 324 2895 392 xl.

4127 332 4258 398 666

2299 517 2518 602 ipsum
2555 516 2686 582 Dei
2730 535 2970 583 nomen
3014 522 3288 603 peteret.
3344 518 3455 584 En
3498 538 3664 605 quae
3707 518 3982 584 consilia
4023 518 4254 587 volvat

2301 603 2545 682 animo,
2589 622 2751 685 quos
2795 603 2920 670 sibi
2965 604 3353 688 triumphos,
3450 625 3572 671 uae
3616 604 3936 688 trophaea
3978 608 4253 690 promit·

2301 696 2419 754 tat.
2510 688 2647 755 Sed
2691 689 2962 755 insanus
3005 711 3137 755 non
3182 691 3387 756 sentit
3477 710 3601 757 ane
3643 691 4059 758 securitatem
4098 712 4255 758 suae

2304 773 2749 859 dissipationis
2815 782 2882 841 et
2962 776 3150 841 exitii
3213 795 3475 843 causam
3542 779 3700 842 fore.
3807 777 3988 843 Hinc
4053 778 4257 863 igitur

2304 880 2754 945 agnoscamus,
2816 881 2944 945 quo
3001 863 3293 929 securius
3349 862 3571 928 hostes
3612 863 3743 928 Dei
3799 872 3868 929 et
3923 863 4250 949 evangelii

2301 945 2512 1030 ipsius
2554 947 2812 1012 miseris
2854 946 3009 1013 filiis
3051 948 3257 1032 ipsius
3299 949 3640 1028 insultant,
3684 958 3749 1014 et
3784 949 4064 1015 maiores
4108 952 4251 1014 ani-

2303 1052 2448 1097 mos
2504 1042 2797 1111 sumunt,
2858 1042 2925 1098 et
2982 1054 3113 1117 quo
3171 1035 3380 1118 magis
3438 1051 3872 1101 excaecantur
3915 1036 4252 1118 abripiun-

2303 1126 2545 1202 turque
2607 1139 2648 1183 a
2691 1119 2830 1184 suis
2874 1118 3391 1205 cogitationibus,
3450 1140 3525 1186 eo
3570 1121 4070 1205 propinquiores
4112 1141 4255 1186 esse

2306 1225 2425 1270 suo
2485 1204 2709 1270 exitio.
2798 1204 2971 1270 Nam
3017 1206 3092 1283 si,
3151 1205 3434 1290 exempli
3467 1207 3701 1292 gratia,
3760 1207 3975 1289 paries
4017 1206 4254 1291 aliquis

2306 1291 2721 1371 intumescat,
2780 1297 2849 1356 et
2906 1290 3324 1375 propendeat,
3386 1312 3462 1358 eo
3520 1291 3780 1374 quidem
3849 1292 4122 1375 spissior
4186 1307 4253 1357 et

2306 1376 2590 1443 crassior
2642 1375 3013 1456 videbitur3
3074 1376 3188 1442 sed
3233 1386 3448 1443 tamen
3496 1378 3607 1443 ille
3650 1388 3868 1443 tumor
3912 1378 4140 1443 ruinae
4185 1390 4253 1443 et

2306 1462 2509 1527 exitio
2587 1461 3120 1546 propinquiorem
3203 1483 3344 1529 esse
3408 1462 3710 1530 ostendit.
3826 1462 4002 1530 Sane
4066 1465 4250 1548 impii

2305 1547 2607 1613 homines
2670 1570 2801 1612 non
2858 1558 3014 1614 sunt
3070 1548 3439 1614 istiusmodi
3498 1550 3856 1633 parietibus
3900 1548 4251 1629 absimiles,

2304 1654 2587 1716 quorum
2632 1642 2851 1699 tumor
2908 1643 2972 1699 et
3014 1636 3390 1719 arrogantia
3434 1637 3690 1700 ruinam
3740 1638 4104 1719 proximam
4148 1635 4249 1700 in·

2305 1719 2498 1785 dicat.
2590 1717 2812 1800 Quare
2854 1740 3056 1803 quum
3098 1720 3249 1785 illos
3291 1721 3575 1787 furorem
3623 1744 3812 1787 suum
3858 1722 4250 1805 despuman·

2304 1813 2402 1870 tes
2447 1806 2955 1887 conspiciemus,
3011 1826 3096 1871 ne
3149 1814 3333 1871 metu
3391 1808 3725 1890 perterriti
3785 1808 4079 1873 animum
4139 1805 4249 1871 de·

2303 1891 2761 1974 spondeamus,
2818 1891 2930 1956 sed
2978 1913 3018 1957 a
3060 1890 3349 1957 Domino
3407 1914 3732 1958 summam
3777 1893 4036 1959 illorum
4096 1911 4250 1958 con-

2301 1978 2629 2042 fusionem
2714 1977 2898 2043 brevi
2976 1977 3269 2042 suturam
3341 1989 3810 2061 exspectemus.
3897 1979 4248 2044 Caeterum

2305 2062 2541 2128 merito
2597 2062 2706 2126 hio
2763 2063 3115 2145 quaeritur,
3176 2085 3259 2129 an
3326 2062 3713 2130 Iabensibus
3773 2063 4028 2130 licuerit
4085 2063 4252 2129 dolis

2303 2147 2526 2214 hostes
2591 2148 2686 2213 ita
2748 2147 3007 2215 ludere:
3075 2170 3226 2214 nam
3294 2150 3638 2215 manifesta
3702 2150 3884 2215 fraus
3950 2151 4108 2227 fuit,
4186 2164 4251 2214 et

2305 2232 2519 2299 malus
2564 2232 2716 2300 finis
2761 2255 3136 2300 sermonum
3184 2235 3420 2318 quibus
3476 2257 3595 2319 per
3648 2237 3917 2302 nuntios
3978 2234 4251 2300 deditio-

2307 2341 2460 2385 nem
2514 2319 3012 2403 pollicebantur.
3101 2320 3412 2387 Inducias
3472 2322 3723 2404 aliquot
3786 2321 4038 2387 dierum
4084 2323 4253 2404 pacti

2308 2414 2517 2484 erant,
2578 2406 2661 2471 ad
2707 2406 3059 2473 mittendos
3101 2408 3376 2472 nuncios
3435 2407 3519 2472 ad
3565 2408 3806 2474 amicos
3849 2429 3970 2492 pro
4012 2406 4257 2472 auxilio

2305 2491 2620 2576 petendo:
2697 2491 2843 2557 Iam
2924 2512 3081 2559 vero
3146 2494 3431 2560 reversis
3490 2493 3771 2572 nunciis,
3843 2492 4257 2558 dissimulant

2307 2598 2487 2661 spem
2550 2577 2816 2644 auxilii:
2878 2578 3155 2643 fratrum
3223 2587 3291 2644 et·
3348 2577 3707 2644 amicorum
3773 2579 4122 2664 segnitiem
4185 2580 4252 2643 in

2306 2662 2597 2729 ferendis
2660 2663 2980 2748 suppetiis
3049 2673 3392 2743 accusant,
3459 2664 3858 2731 deditionem
3925 2664 4254 2740 simulant,

2308 2758 2374 2814 et
2422 2769 2668 2833 poenas
2711 2769 2877 2834 quas
2920 2749 3019 2815 illi
3065 2749 3145 2815 de
3188 2750 3494 2817 eruendis
3538 2751 3743 2818 oculis
3788 2751 4020 2816 minati
4064 2766 4256 2816 erant

2307 2856 2379 2902 se
2436 2835 2609 2902 ferre
2650 2844 2934 2919 paratos,
2988 2844 3302 2920 tanquam
3346 2836 3572 2915 victos,
3632 2837 3967 2910 simulant,
4036 2844 4103 2901 et
4158 2835 4253 2901 ita

2309 2921 2534 2988 hostes
2590 2920 2849 2986 ludunt.
2952 2924 3162 3004 Atqui
3225 2922 3467 2989 scimus
3530 2920 3699 2987 nihil
3764 2923 4074 2988 simulate
4138 2921 4250 2988 sed

2306 3016 2532 3092 aperte
2592 3015 2660 3072 et
2716 3007 2992 3074 candide
3047 3009 3269 3074 omnia
3311 3007 3637 3074 facienda:
3701 3028 3902 3091 quare
3944 3006 4254 3073 Iabenses

2309 3093 2617 3161 videntur
2669 3091 2780 3158 hic
2836 3094 3128 3179 graviter
3184 3092 3594 3179 reprehendi,
3653 3093 3827 3177 quod
3871 3094 4087 3160 Naaso
4128 3093 4251 3157 im-

2306 3180 2651 3264 posuerint
2721 3179 3109 3247 simulantes
3180 3200 3252 3246 se
3317 3179 3401 3244 ad
3464 3179 3671 3264 ipsius
3743 3178 4252 3245 misericordiam

2307 3264 2683 3349 confugere,
2743 3274 2811 3331 et
2867 3265 3104 3332 dedere
3159 3286 3229 3330 se
3269 3277 3553 3348 paratos,
3611 3264 3803 3331 dictis
3860 3265 4252 3331 conditioni-

2307 3350 2450 3415 bus.
2544 3349 2676 3418 Sed
2724 3372 2852 3416 non
2898 3359 2998 3417 est
3040 3350 3349 3417 subtilius
3392 3352 3521 3417 ista
3562 3351 3854 3434 quaestio
3888 3350 4251 3417 tractanda.

2307 3435 2523 3502 Vetus
2579 3436 2755 3502 enim
2814 3435 2977 3502 illud
3022 3445 3123 3504 est
3165 3437 3623 3520 proverbium:
3668 3436 3871 3503 Nulla
3911 3436 4076 3503 fides
4111 3435 4250 3520 pie·

2308 3529 2538 3604 tasque
2595 3523 2757 3588 viris
2815 3523 2927 3606 qui
2985 3530 3201 3590 castra
3243 3530 3643 3606 sequuntur:
3732 3530 3798 3587 et
3854 3530 4108 3589 certum
4155 3530 4250 3588 est

2308 3608 2527 3674 Deum
2588 3608 2798 3673 multa
2852 3611 2922 3674 in
2983 3608 3153 3675 bello
3212 3608 3496 3675 tolerare
3553 3608 3860 3674 simulate
3924 3622 3990 3673 et
4034 3607 4253 3673 dolose

2308 3695 2500 3775 facta,
2568 3715 2735 3777 quae
2795 3696 2863 3760 in
2922 3696 3253 3761 communi
3311 3696 3614 3761 convictu
3673 3694 3857 3760 nullo
3892 3693 4084 3759 modo
4124 3693 4254 3761 fer·

2308 3789 2556 3845 rentur.
2646 3780 2819 3845 Nam
2864 3781 2919 3846 si
2963 3782 3108 3864 quis
3151 3780 3272 3846 hoc
3327 3781 3611 3864 simulet,
3675 3780 3853 3845 aliud
3899 3801 4058 3848 vero
4100 3786 4255 3866 agat

2310 3868 2544 3931 merito
2617 3865 2930 3950 perfidiae
2995 3866 3433 3932 damnabitur.
3541 3864 3674 3933 Sed
3740 3865 3895 3931 belli
3960 3878 4254 3950 tempore

2309 3952 2538 4036 fugam
2602 3951 2910 4018 simulare
2976 3952 3146 4032 licet,
3213 3961 3286 4017 ut
3350 3971 3427 4017 eo
3492 3953 3736 4018 maiore
3802 3953 3870 4018 vi
3933 3971 4252 4018 converso

2310 4039 2574 4122 agmine
2618 4039 2689 4102 in
2732 4038 2956 4104 hostes
2989 4038 3274 4120 impetus
3309 4039 3458 4103 fiat:
3504 4038 3724 4121 itaque
3759 4039 3954 4123 fugae
3988 4038 4253 4104 simula·

2314 4125 2403 4188 tio
2461 4124 2531 4188 in
2590 4124 2716 4189 hoc
2773 4124 2902 4189 erit
2960 4132 3035 4189 ut
3071 4124 3292 4189 hostes
3335 4124 3587 4189 incauti
3633 4131 3701 4189 et
3740 4124 4099 4190 inordinati
4143 4122 4253 4187 de-

2310 4208 2826 4294 prehendantur.
2918 4209 3220 4293 Denique
3280 4230 3412 4275 non
3472 4208 3698 4277 eadem
3757 4211 3925 4276 ratio
3967 4210 4144 4291 pacis
4186 4220 4252 4272 et

2313 4295 2497 4361 belli:
2574 4303 3030 4363 verumtamen
3110 4294 3505 4380 principium
3580 4295 3755 4362 istud
3834 4301 3934 4362 est
3997 4312 4255 4377 semper

2313 4382 2753 4462 retinendum,
2817 4402 3077 4465 semper
3133 4382 3480 4448 veritatem
3526 4390 3596 4447 et
3637 4380 4093 4447 rectitudinem
4137 4378 4252 4445 ob-

2313 4466 2730 4552 servandam,
2790 4468 2965 4550 quod
3024 4486 3218 4533 omne
3271 4469 3687 4535 mendacium
3730 4468 3874 4532 Deo
3933 4464 4251 4548 displicet.

2313 4553 2735 4620 Mendacium
2818 4564 3037 4619 autem
3113 4562 3230 4633 cst,
3313 4575 3512 4637 quum
3584 4554 3954 4637 proximum
4030 4550 4255 4616 fallere

2314 4661 2429 4705 seu
2472 4640 2681 4720 factis,
2724 4660 2840 4706 seu
2889 4639 3108 4706 verbis
3151 4639 3414 4705 animus
3459 4648 3578 4716 est,
3624 4648 3741 4703 aut
3775 4638 3994 4721 aliqua
4030 4638 4253 4703 subest

2315 4724 2668 4790 simulatio.
2754 4725 2930 4791 Belli
2989 4727 3189 4791 etiam
3247 4735 3538 4808 tempore
3598 4722 3815 4789 datam
3875 4722 4072 4788 fidem
4117 4742 4250 4788 ser-

2316 4810 2597 4876 vandam
2661 4832 2802 4877 esse
2846 4811 3208 4877 notandum
3255 4820 3389 4887 est,
3447 4810 3797 4892 Deumque
3841 4810 3908 4873 in
3951 4809 4252 4892 periuros

2315 4907 2379 4961 et
2435 4897 2632 4962 fidem
2699 4897 2998 4964 fallentes
3058 4893 3687 4962 animadversurum.
3776 4895 4053 4960 Interim
4121 4915 4252 4959 non

2314 4983 2527 5049 omnis
2584 4982 2915 5049 simulatio
2975 4979 3499 5052 condemnanda:
3561 4980 4107 5064 quemadmodum
4148 4980 4244 5045 Ia·

2312 5067 2544 5135 benses
2588 5069 2695 5134 hic
2738 5077 2946 5154 agunt
2990 5067 3293 5133 simulate
3337 5075 3405 5131 et
3446 5068 3820 5151 prudenter.
3889 5065 4034 5133 Sibi
4079 5068 4251 5132 enim

2313 5156 2564 5220 malum
2618 5164 2972 5239 creassent,
3040 5155 3095 5220 si
3156 5153 3236 5217 de
3294 5154 3541 5218 auxilio
3599 5154 3918 5236 promisso
3962 5153 4250 5220 Nassum

2313 5241 2660 5308 certiorem
2707 5242 3031 5308 fecissent.
3119 5239 3288 5304 Nam
3333 5238 3573 5305 irritati
3621 5240 3841 5306 hostes
3896 5241 4257 5325 potuissent
