5059 6059
791 304 917 371 251

783 503 942 560 rant
984 503 1178 558 antea
1213 491 1541 558 Davidem
1585 514 1718 558 non
1759 495 2172 577 agnoverint.
2262 493 2596 577 Quidquid
2641 497 2729 561 sit

783 602 916 648 non
976 600 1176 662 parva
1236 580 1602 643 tentatione
1645 578 1974 646 Davidem
2023 580 2326 646 affectum
2372 580 2727 646 verisimile

784 679 903 744 est,
950 685 1149 748 quum
1196 686 1266 730 se
1309 685 1443 730 non
1497 666 1762 748 agnosci
1820 687 1974 732 cons
2021 667 2240 732 iceret.
2330 665 2726 766 Quanquam

783 773 918 818 non
966 750 1388 816 vehementer
1431 750 1621 815 illum
1667 748 1748 816 de
1790 771 1867 816 eo
1918 752 1981 816 la
2026 772 2214 816 orare
2271 754 2723 834 conspicimus.

782 838 1012 937 Neque
1057 838 1229 901 enim
1279 837 1415 921 regi
1456 836 1893 901 ministerium
1939 857 2134 901 suum
2170 838 2524 920 superioris
2561 848 2722 902 tem·

826 924 957 990 oris
1037 921 1410 1006 exprobrat.
1498 923 1586 986 Et
1657 943 1815 988 sane
1881 924 2117 988 merito
2184 934 2437 1005 poterat
2507 921 2724 989 David

782 945 1055 1076 ¹§aulem
1114 1006 1607 1092 ingratitudinis
1667 1027 1992 1089 accusare,
2051 1008 2155 1073 his
2199 1010 2443 1075 verbis.
2489 1009 2722 1073 Nonne

781 1107 856 1161 tu
896 1115 1000 1160 me
1041 1097 1241 1178 probe
1277 1093 1498 1159 nosti?
1538 1114 1758 1158 nonne
1793 1094 1852 1159 is
1886 1114 2006 1178 ego
2042 1114 2186 1158 sum
2226 1115 2418 1177 quem
2456 1116 2492 1159 e
2528 1095 2722 1160 domo

779 1193 1057 1267 paterna
1112 1180 1418 1259 evocasti,
1478 1191 1551 1244 ut
1609 1200 1828 1245 coram
1887 1191 1950 1244 te
2007 1179 2331 1244 citharam
2370 1181 2719 1263 pulsarem,

783 1267 940 1333 dum
1008 1275 1073 1332 te
1138 1264 1350 1331 malus
1415 1266 1680 1348 spiritus
1748 1264 2079 1349 exagitat?
2168 1265 2405 1331 Nonne
2470 1287 2591 1350 ego
2656 1277 2722 1331 te

785 1373 979 1453 saepe
1043 1372 1191 1418 sum
1250 1352 1598 1417 comitatus
1656 1360 1723 1415 et
1778 1352 2064 1435 armiger
2119 1361 2274 1415 tuus
2326 1351 2463 1417 fui?
2586 1350 2718 1419 Sed

785 1438 933 1504 istis
1000 1436 1304 1502 omnibus
1369 1437 1701 1502 abstinens
1766 1437 2150 1520 simpliciter
2214 1437 2578 1519 respondet,
2651 1461 2721 1504 se

784 1525 918 1591 Isai
985 1522 1507 1589 Bethlehemitae
1573 1522 1782 1587 filium
1846 1543 1989 1588 esse
2051 1523 2222 1588 servi
2288 1524 2512 1605 ipsius.
2614 1524 2719 1588 Ex

786 1610 1022 1694 quibus
1061 1618 1330 1693 apparet
1367 1607 1685 1673 Davidem
1725 1628 1861 1671 non
1897 1630 1965 1674 se
2001 1606 2351 1673 admodum
2387 1629 2719 1675 commen-

785 1696 992 1774 dasse,
1028 1715 1234 1777 neque
1273 1706 1531 1777 optasse
1569 1694 1791 1770 videri,
1830 1715 2040 1777 neque
2078 1713 2271 1777 aegre
2308 1695 2537 1760 tulisse
2574 1704 2721 1778 post

785 1780 1030 1864 aliquot
1088 1779 1342 1846 dierum
1402 1779 1835 1844 ministerium
1895 1800 2027 1844 non
2072 1784 2354 1864 agnosci,
2414 1789 2480 1845 et
2520 1801 2719 1863 quae·

785 1868 981 1934 sitam
1067 1866 1250 1949 prius
1329 1866 1609 1950 gratiam
1682 1876 2009 1929 momento
2075 1866 2438 1931 evanuisse.
2527 1866 2720 1934 Unde

780 1952 1152 2036 colligimus
1213 1950 1404 2016 illum
1464 1971 1597 2015 non
1655 1951 1736 2015 ab
1783 1950 2152 2016 hominibus
2196 1952 2559 2016 mercedem
2605 1972 2719 2017 ex·

782 2038 1202 2124 spectavisse,
1271 2057 1468 2119 quam
1536 2035 1780 2101 nullam
1849 2046 1963 2101 aut
2026 2036 2332 2119 exiguam
2392 2038 2526 2102 fore
2585 2040 2721 2102 ani·

783 2122 1262 2189 madvertebat:
1323 2121 1435 2186 sed
1495 2144 1533 2187 a
1581 2122 1848 2186 Domini
1896 2121 2197 2198 bonitate,
2258 2143 2452 2205 quam
2500 2137 2719 2188 tamen

782 2210 908 2276 sibi
948 2230 1076 2272 non
1115 2207 1334 2273 deberi
1373 2207 1532 2273 satis
1568 2208 1976 2290 agnoscebat.
2063 2208 2265 2289 Atqui
2303 2207 2519 2273 Saul
2502 2230 2718 2291 ipsum

780 2296 1085 2379 precibus
1129 2294 1208 2358 ab
1254 2294 1384 2359 Isai
1431 2304 1615 2376 patre
1650 2291 1930 2357 Davidis
1968 2293 2354 2359 obtinuerat.
2419 2294 2641 2359 Nam
2626 2317 2721 2358 ιιι-

783 2382 960 2465 quit:
1028 2378 1178 2445 Stet
1238 2379 1454 2444 David
1501 2381 1569 2443 in
1614 2389 1963 2461 conspectu
2008 2396 2188 2442 meo:
2247 2379 2500 2444 invenit
2544 2382 2718 2444 enim

831 2466 1064 2531 ratiam
1137 2466 1205 2529 in
1263 2464 1466 2530 oculis
1525 2464 1707 2528 meis.
1793 2464 1937 2528 Iam
2000 2485 2156 2529 vero
2214 2484 2415 2546 quum
2475 2465 2719 2531 honore

784 2488 1002 2617 {obito
1083 2560 1182 2616 est
1257 2548 1654 2627 afficiendus,
1736 2550 1815 2615 ab
1882 2550 2023 2634 ipso
2091 2570 2217 2614 non
2284 2552 2717 2633 cognoscitur.

784 2637 1010 2719 Quare
1064 2656 1387 2701 summam
1430 2636 1500 2700 in
1545 2634 1801 2700 Davide
1846 2634 2227 2700 modestiam
2270 2637 2720 2737 conspicimus,

786 2724 901 2807 qui
965 2721 1243 2786 honores
1310 2720 1391 2786 ab
1456 2719 1831 2785 hominibus
1896 2741 2027 2785 non
2084 2722 2350 2803 expetit,
2419 2724 2542 2788 etsi
2588 2724 2720 2788 iam

782 2804 1260 2893 quodammodo
1297 2806 1630 2886 delibatos,
1667 2805 2229 2889 quandoquidem
2213 2828 2281 2871 ιιι
2303 2808 2477 2892 regis
2501 2809 2718 2872 aulam

782 2904 1070 2972 venerat,
1128 2903 1195 2957 et
1251 2892 1538 2975 armiger
1590 2893 1793 2974 ipsius
1835 2891 2045 2957 factus
2087 2890 2326 2957 fuerat.
2412 2894 2553 2959 Nae
2595 2895 2720 2960 fuit

785 2981 869 3047 ab
946 2943 1305 3044 aulicorum
1365 2978 1630 3043 illorum
1691 2978 1974 3044 moribus
2031 2977 2488 3059 alienissimus,
2560 3000 2722 3063 quos

784 3064 979 3133 aulici
1026 3064 1303 3131 honores
1349 3073 1686 3147 tantopere
1721 3063 2033 3144 alliciunt,
2077 3066 2480 3165 praesertim
2497 3086 2723 3130 eorum

786 3152 902 3237 qui
946 3151 1138 3235 longe
1183 3149 1312 3215 alia
1356 3150 1608 3216 ratione
1654 3151 1855 3214 vitam
1903 3151 2361 3234 transigerent,
2429 3151 2484 3216 si
2530 3151 2721 3215 modo

783 3238 1084 3305 animum
1127 3235 1373 3302 vellent
1412 3236 1724 3302 adiicere:
1771 3234 1884 3300 sed
1930 3257 2125 3318 quam
2173 3236 2459 3318 primum
2505 3237 2723 3302 aulam

784 3324 892 3390 vel
935 3322 1162 3406 procul
1205 3321 1595 3404 salutarunt,
1657 3323 1785 3385 iam
1831 3322 1983 3386 facti
2028 3320 2292 3401 nobiles,
2352 3344 2573 3387 rerum
2619 3322 2726 3387 do-

783 3412 1208 3475 mesticarum
1251 3429 1514 3472 omnem
1560 3427 1786 3473 curam
1832 3406 2163 3483 abiiciunt,
2211 3407 2333 3471 nisi
2378 3407 2554 3489 quod
2590 3429 2725 3473 cor-

784 3494 1016 3560 radere
1073 3514 1330 3576 semper
1384 3493 1631 3576 aliquid
1690 3503 2030 3557 conantur.
2118 3491 2290 3557 Nam
2351 3493 2472 3557 sibi
2528 3493 2723 3558 dede·

786 3580 922 3647 cori
981 3582 1117 3644 fore
1175 3578 1577 3644 arbitrantur
1633 3580 1689 3643 si
1748 3577 1965 3656 labore
2024 3577 2240 3660 aliquo
2295 3579 2501 3644 vitam
2560 3578 2722 3643 tole-

784 3676 1030 3745 rarent,
1097 3677 1162 3729 et
1226 3686 1411 3730 suam
1476 3664 1647 3747 apud
1719 3663 2015 3729 homines
2079 3662 2517 3729 conditionem
2587 3665 2722 3729 fore

789 3752 1102 3818 viliorem.
1150 3749 1328 3831 Quin
1366 3752 1495 3815 imo
1535 3749 1776 3815 multos
1812 3750 2084 3815 miseros
2120 3747 2452 3816 mendicos
2476 3749 2719 3829 videas,

785 3838 897 3921 qui
942 3837 998 3902 si
1044 3836 1125 3901 ad
1169 3835 1410 3901 bellum
1458 3836 1727 3919 profecti
1771 3835 1924 3908 sint,
1982 3845 2049 3899 et
2092 3854 2330 3918 urgeas
2375 3847 2454 3900 ut
2494 3836 2574 3900 ad
2623 3857 2721 3901 ar-

782 3933 919 3988 tem
954 3921 1238 4005 aliquam
1274 3941 1341 3984 se
1378 3921 1723 4004 applicent,
1761 3921 2265 4006 ignominiosum
2301 3920 2422 3986 sibi
2447 3920 2724 3987 ducant.

781 4017 849 4074 et
888 4008 1164 4073 rusticos
1188 4006 1504 4089 agricolas
1542 4027 1581 4071 a
1612 4007 1787 4072 stiva
1821 4006 2022 4072 semel
2054 4005 2361 4072 abductos
2385 4028 2717 4091 nunquam

779 4091 1057 4161 reducas
1120 4091 1203 4155 ad
1284 4091 1776 4175 agriculturam.
1869 4092 2274 4176 peregrinari
2338 4093 2588 4158 malunt
2653 4094 2722 4158 in

781 4179 1016 4245 alienis
1076 4177 1472 4262 regionibus,
1530 4198 1726 4277 quam
1788 4178 2070 4278 aliquam
2130 4188 2339 4257 artem
2397 4179 2719 4262 profiteri:

781 4276 867 4343 et,
924 4263 1097 4363 quod
1154 4263 1430 4328 aliorum
1477 4264 1577 4328 usi
1621 4270 1776 4328 sunt
1819 4264 2201 4341 ministerio,
2256 4275 2447 4346 turpe
2490 4265 2614 4329 sibi
2657 4274 2724 4329 et

782 4350 1290 4436 ignominiosum
1367 4347 1615 4415 ducunt
1669 4350 1857 4414 alteri
1917 4349 2255 4414 inservire
2345 4348 2480 4415 Sed
2541 4352 2722 4416 varia

781 4449 941 4503 sunt
1006 4447 1333 4518 tempora:
1400 4434 1574 4517 quod
1639 4433 1800 4517 ipsis
1865 4442 2087 4500 tamen
2153 4436 2274 4500 etsi
2339 4436 2510 4500 fame
2575 4456 2721 4518 pre·

781 4531 1053 4588 mantur
1096 4519 1469 4604 persuaderi
1516 4541 1646 4585 non
1694 4528 1944 4603 potest.
2006 4541 2156 4584 nam
2204 4543 2274 4587 se
2319 4522 2399 4586 ad
2438 4522 2721 4606 priorem

782 4609 965 4674 illam
1009 4608 1215 4674 vitam
1261 4607 1584 4671 redituros
1629 4607 1748 4670 sibi
1793 4606 2203 4688 pollicentur.
2294 4607 2720 4673 Contrarium

783 4715 1056 4780 prorsus
1092 4690 1414 4757 Davidem
1453 4700 1804 4774 sequutum
1841 4691 2155 4771 videmus,
2200 4692 2722 4793 quandoquidem

784 4781 984 4845 nullis
1029 4779 1255 4844 aulicis
1297 4777 1545 4845 deliciis
1588 4787 1688 4842 est
1726 4775 2056 4855 delinitus,
2114 4780 2275 4859 quin
2326 4779 2605 4844 libenter
2649 4779 2721 4843 in

784 4866 1050 4931 domum
1133 4874 1474 4947 paternam
1556 4885 1637 4928 ex
1703 4864 1854 4928 aula
1920 4862 1999 4927 ad
2065 4865 2440 4963 pecuariam
2508 4875 2721 4931 artem

783 4949 1215 5017 exercendam
1263 4970 1566 5016 reversus
1611 4949 1730 5013 sit:
1775 4960 1841 5014 et
1883 4949 2035 5014 licet
2077 4951 2147 5013 in
2183 4960 2399 5015 castra
2433 4951 2719 5026 redierit,

783 5058 995 5119 neque
1037 5056 1432 5119 magnopere
1476 5057 1547 5100 se
1592 5032 2060 5116 commendarit
2102 5044 2177 5099 ut
2220 5036 2500 5120 gratiam
2546 5034 2718 5136 apud

785 5123 1031 5188 aulicos
1088 5123 1208 5187 sibi
1253 5131 1609 5205 quaereret,
1670 5142 1879 5204 neque
1923 5121 2118 5186 etiam
2165 5143 2234 5186 se
2279 5142 2409 5187 non
2454 5123 2719 5208 agnosci

779 5217 1174 5292 conquestus
1216 5208 1320 5274 sit.
1409 5209 1499 5273 Et
1543 5208 1624 5271 de
1672 5205 1927 5273 Davide
1972 5205 2308 5274 hactenus.

2445 303 2856 371 HOMILIA
2905 303 3121 371 LXV.

4613 309 4708 377 252

2999 494 3062 558 N
3064 515 3193 561 unc
3235 495 3432 561 etiam
3477 495 3923 580 expendamus
3966 496 4309 562 formulam
4356 496 4575 562 illam
4558 501 4717 565 iuris-

2828 579 3087 645 iurandi
3148 601 3276 663 qua
3332 583 3537 647 utitur
3585 582 3891 648 Abnerus
3927 582 4067 666 regi
4101 581 4533 666 respondens:
4584 584 4721 652 Vwit

2826 669 3048 732 anima
3079 671 3207 745 tua,
3253 687 3386 745 rex,
3428 669 3492 732 si
3523 668 3685 735 novi.
3773 666 4010 733 Aulica
4045 667 4204 734 baec
4241 689 4505 752 prorsus
4537 690 4719 735 assen-

2827 754 3018 829 tatio;
3062 753 3186 818 etsi
3229 774 3441 835 neque
3488 753 3886 835 blasphema,
3929 774 4141 836 neque
4176 753 4304 818 Dei
4341 753 4567 820 honori
4596 776 4717 821 con·

2826 839 3050 917 traria,
3128 859 3334 922 neque
3408 838 3895 906 contumeliosa.
3984 839 4157 904 Nam
4230 852 4488 922 praeter
4552 841 4721 906 iusiu-

2825 923 3103 989 randum
3164 933 3319 989 sunt
3377 924 3573 990 etiam
3630 923 3948 1008 quaedam
3994 926 4512 991 asseverationes
4552 928 4722 991 serio·

2822 1030 2946 1088 res,
2992 1008 3221 1091 quibus
3265 1011 3407 1075 sine
3453 1012 3821 1076 iuramento
3868 1008 4117 1094 aliquid
4159 1013 4372 1076 aimus
4416 1021 4530 1076 aut
4560 1034 4725 1096 nega-

2823 1117 2988 1174 mus,
3035 1095 3237 1160 veluti
3282 1097 3338 1160 si
3381 1097 3526 1179 quis
3568 1117 3684 1179 per
3722 1097 3931 1163 vitam
3967 1117 4154 1161 suam
4191 1096 4441 1179 aliquid
4477 1109 4722 1162 asserat:

2821 1201 3032 1265 neque
3076 1180 3250 1246 vitae
3286 1203 3441 1247 suae
3476 1182 3891 1265 imprecatur,
3937 1203 4147 1265 neque
4182 1203 4253 1247 se
4288 1181 4535 1247 idolum
4571 1183 4727 1249 iacit:

2821 1266 2936 1332 sed
2994 1267 3229 1331 asserit
3285 1265 3456 1349 quod
3507 1268 3601 1331 ait
3642 1275 3778 1332 tam
3823 1288 4074 1344 verum,
4141 1288 4335 1351 quam
4386 1290 4609 1334 verum
4646 1279 4729 1335 est

2821 1373 2891 1418 se
2968 1352 3215 1417 vivere.
3302 1353 3493 1418 Licet
3566 1355 3787 1436 itaque
3852 1373 4319 1436 nonnunquam
4385 1353 4730 1421 istiusmodi

2820 1437 3135 1503 formulas
3209 1437 3521 1503 adhibere
3585 1439 3729 1504 sine
3788 1438 3915 1503 Dei
3979 1437 4298 1504 laesione:
4381 1461 4729 1523 quanquam

2823 1522 3123 1588 nonnihil
3182 1522 3550 1589 deflectitur
3605 1545 3645 1589 a
3704 1524 3933 1609 regula
3990 1524 4516 1591 iuramentorum
4559 1546 4729 1625 quam

2822 1609 2961 1692 ipse
3027 1609 3207 1675 Deus
3275 1609 3690 1692 praescripsit
3755 1610 3825 1675 ιιι
3892 1608 4084 1675 rebus
4148 1612 4568 1676 necessariis.
4637 1611 4731 1692 qui

2821 1695 3013 1760 iussit
3068 1694 3382 1778 populum
3428 1716 3547 1779 per
3589 1716 3827 1762 nomen
3870 1716 4061 1762 suum
4107 1696 4343 1774 iurare,
4404 1696 4604 1762 Dent.
4648 1695 4730 1762 13.

2820 1780 3170 1846 Dominum
3210 1779 3421 1846 Deum
3463 1786 3640 1846 buum
3681 1782 3944 1862 tenebis,
3986 1786 4045 1846 et
4084 1781 4185 1846 illi
4226 1781 4345 1847 soli
4378 1784 4731 1866 seroie-e,oe

2810 1886 2931 1948 per
3007 1886 3226 1932 nomen
3288 1866 3468 1932 illius
3527 1867 3790 1934 iurabis.
3891 1870 4113 1949 Atque
4179 1868 4340 1933 haec
4408 1888 4616 1951 pauca
4669 1866 4732 1933 de

2821 1951 3198 2035 quaestione
3260 1951 3373 2016 illa
3429 1951 3776 2026 sufficiant,
3843 1951 4119 2018 liceatne
4173 1952 4344 2035 quod
4408 1953 4736 2019 asserimus

2822 2037 3040 2120 aliqua
3095 2039 3557 2119 protestatione
3601 2040 4019 2104 confirmare:
4080 2038 4248 2120 quod
4293 2038 4423 2104 etsi
4473 2039 4739 2103 homines

2821 2122 2904 2188 ad
2970 2121 3099 2187 Dei
3164 2123 3544 2188 mandatum
3612 2122 3943 2198 adiiciunt,
4012 2145 4144 2188 non
4212 2135 4440 2190 tamen
4502 2126 4739 2189 omnino

2821 2230 2939 2293 per
2980 2230 3050 2273 se
3093 2208 3656 2274 condemnandum
3701 2219 3820 2274 est.
3908 2207 4041 2275 Sed
4087 2210 4431 2275 Abnerum
4471 2208 4739 2274 videmus

2823 2294 3250 2360 assentatorie
3311 2295 3404 2360 sic
3447 2295 3822 2377 loquutum:
3890 2292 4440 2395 quemadmodum
4486 2295 4558 2358 ιιι
4600 2295 4740 2361 aulis

2822 2400 3051 2464 regum
3098 2389 3165 2444 et
3208 2381 3573 2463 principum
3620 2402 3742 2446 usu
3789 2382 4016 2446 venire
4050 2383 4407 2458 consuevit,
4458 2389 4538 2446 ut
4570 2380 4741 2446 aulici

2822 2486 3236 2530 communem
3309 2464 3613 2549 loquendi
3690 2487 3881 2532 usum
3957 2486 4225 2548 prorsus
4285 2467 4640 2531 immutent
4685 2476 4741 2530 et

2822 2550 3081 2635 egregie
3154 2549 3606 2618 dissumulent.
3695 2550 3875 2632 Quin
3929 2552 4065 2616 imo
4125 2550 4492 2634 Iosepbum
4551 2555 4741 2635 ipsum

2822 2636 3117 2701 videmus
3218 2637 3580 2703 assuevisse
3681 2638 3749 2701 in
3852 2637 3998 2702 aula
4087 2636 4461 2703 Pharaonis
4542 2639 4737 2702 iurare

2820 2721 3301 2806 Aegyptiorum
3360 2722 3716 2788 aulicorum
3776 2723 3927 2789 ritu.
4015 2722 4245 2805 Neque
4286 2744 4472 2798 vero,
4540 2724 4741 2800 fateor,

2821 2810 2888 2872 in
2960 2808 3083 2872 Dei
3139 2817 3582 2889 contemptum
3639 2808 3847 2872 iurat:
3920 2808 4050 2873 Per
4103 2809 4308 2874 vitam
4368 2809 4743 2886 Pharaonis,

2822 2892 2993 2977 apud
3054 2892 3291 2957 fratres
3333 2914 3475 2958 sese
3519 2893 3954 2970 dissimulans,
4020 2902 4096 2958 ut
4138 2903 4393 2959 metum
4439 2893 4576 2961 illis
4616 2893 4745 2959 inii·

2821 2988 2998 3043 ceret
3031 2978 3283 3061 sibique
3320 2979 3735 3044 autoritatem
3770 2942 4162 3045 conciliaret.
4211 2977 4391 3046 Sane
4430 2979 4742 3047 videretur

2824 3063 3094 3129 Domini
3137 3064 3432 3129 oblivisci
3477 3075 3542 3130 et
3587 3065 3771 3129 verbi
3814 3065 4039 3149 ipsius,
4099 3064 4699 3150 Pharaonemque
4684 3087 4742 3131 ιιι

2826 3150 3032 3232 ipsius
3089 3150 3304 3216 locum
3362 3150 3785 3216 substituere.
3843 3149 3958 3215 sed
4014 3149 4187 3216 absit
4243 3160 4318 3215 ut
4360 3173 4515 3216 eam
4562 3153 4743 3235 ipsius

2824 3236 3021 3301 fuisse
3065 3245 3347 3300 mentem
3395 3234 3719 3302 dicamus.
3789 3236 3912 3302 etsi
3955 3235 4020 3301 A
4146 3238 4318 3319 ptios
4360 3250 4621 3303 certum
4660 3248 4745 3302 est

2825 3321 2954 3385 Dei
2996 3342 3231 3386 nomen
3277 3320 3651 3404 profanasse
3686 3323 3826 3404 regi
3859 3343 3977 3386 suo
4014 3343 4054 3387 a
4103 3323 4376 3387 uiantes.
4474 3327 4578 3390 Ac
4610 3343 4745 3388 sane

2824 3406 3120 3473 videmus
3180 3407 3250 3470 in
3308 3408 3582 3490 imperio
3641 3427 3908 3473 romano
3967 3407 4162 3491 longe
4206 3409 4545 3490 acceptius
4586 3421 4649 3474 et
4682 3409 4744 3472 in

2823 3493 3069 3557 maiore
3117 3493 3326 3576 pretio
3370 3492 3571 3558 fuisse
3614 3494 4057 3559 iuramentum
4098 3514 4219 3576 per
4259 3493 4598 3560 fortunam
4640 3496 4743 3558 im·

2823 3586 3223 3662 peratorum,
3256 3598 3451 3661 quam
3489 3579 3545 3643 si
3580 3599 3696 3661 per
3733 3583 3951 3644 omnia
3985 3578 4160 3643 idola
4195 3599 4317 3644 sua
4340 3580 4743 3646 deierassent.

2824 3664 3002 3729 Hinc
3035 3673 3304 3747 apparet
3336 3663 3754 3730 ambitionem
3790 3666 3855 3729 in
3896 3664 4062 3729 aulis
4099 3665 4475 3747 principum
4515 3687 4749 3747 semper

2823 3748 3200 3829 obtinuisse,
3244 3758 3318 3813 ut
3363 3749 3726 3814 adulatores
3774 3771 3906 3816 non
3950 3761 4212 3814 tantum
4246 3771 4357 3816 eos
4398 3752 4747 3835 magnificis

2823 3833 3033 3899 titulis
3089 3846 3155 3900 et
3208 3833 3580 3901 nominibus
3624 3835 4015 3900 extulerint.
4067 3835 4183 3901 sed
4225 3837 4431 3900 etiam
4480 3839 4551 3902 in
4594 3837 4748 3902 idola

2823 3920 3380 3986 transformarint:
3455 3931 3522 3984 et
3585 3920 3872 3985 ita-Dei
3939 3920 4147 4005 gloria
4214 3923 4440 3988 minus
4508 3925 4748 4007 cognita

2821 4007 3033 4082 fuerit,
3102 4017 3168 4070 et
3232 4007 3511 4072 multum
3570 4003 3650 4070 de
3707 4027 3786 4071 ea
3843 4008 4208 4072 detractum
4265 4009 4374 4074 sit.
4470 4008 4589 4074 Sic
4643 4008 4747 4074 hoo

2822 4093 2962 4157 loco
3020 4056 3261 4170 ²Abner,
3320 4113 3438 4174 per
3500 4091 3789 4156 animam
3846 4091 4071 4157 Saulis
4130 4093 4379 4174 iurans,
4443 4116 4601 4160 vere
4641 4094 4745 4177 ipsi

2821 4177 3143 4253 adulatur,
3186 4178 3355 4260 quod
3404 4198 3607 4260 quum
3642 4178 3926 4261 priorem
3961 4178 4165 4243 vitam
4203 4180 4451 4262 egisset
4488 4181 4560 4244 in
4594 4180 4746 4263 agris

2822 4273 2889 4329 et
2931 4263 3245 4330 bubulcus
3282 4265 3523 4341 fuisset,
3582 4264 3713 4327 iam
3756 4276 3891 4328 tam
3938 4264 4303 4348 insignibus
4347 4266 4572 4332 titulis
4613 4266 4745 4331 effe-

2823 4359 3029 4416 ratur.
3115 4349 3250 4415 Nos
3321 4349 3541 4431 itaque
3600 4359 3782 4415 tanto
3839 4349 4219 4433 diligentius
4272 4351 4743 4435 simplicitatem

2821 4436 2890 4500 ιιι
2957 4434 3176 4500 verbis
3232 4436 3658 4500 retineamus.
3727 4444 3794 4500 et
3848 4436 3955 4519 qui
4016 4434 4097 4500 ad
4142 4456 4437 4502 summos
4486 4438 4744 4504 honores

2822 4521 3032 4586 evecti
3058 4531 3231 4598 sunt,
3270 4521 3652 4586 modestiam
3676 4521 3884 4587 colere
3908 4522 4194 4587 discant:
4234 4524 4743 4607 quandoquidem

2821 4607 3113 4691 insignes
3182 4571 3279 4671 il'li
3336 4606 3512 4670 tituli
3574 4606 3838 4673 tandem
3896 4608 3961 4671 ιιι
4020 4608 4562 4689 superstitionem
4620 4627 4742 4673 ver·

2821 4703 3067 4770 tuntur‚
3128 4703 3195 4757 et
3237 4692 3555 4776 sacrilega
3598 4692 3867 4759 audacia
3909 4703 4169 4758 tantum
4214 4693 4295 4758 de
4339 4692 4478 4759 Dei
4523 4695 4739 4759 honore

2822 4743 3189 4843 detrahitur
3232 4789 3545 4861 quantum
3594 4778 3722 4843 illis
3768 4778 4134 4856 ascribitur,
4180 4789 4245 4843 et
4280 4783 4502 4847 omnis
4537 4779 4739 4863 religio

2820 4865 2945 4931 hac
3013 4865 3264 4931 ratione
3334 4865 3750 4948 pervertitur.
3838 4863 4189 4930 Caeterum
4256 4886 4463 4948 quum
4526 4867 4738 4931 dicitur

2819 4950 3038 5017 David
3092 4949 3173 5015 ad
3219 4970 3439 5034 regem
3484 4948 3891 5015 introductus
3936 4949 4016 5015 ab
4065 4951 4350 5028 Abnero‚
4408 4952 4738 5018 observan-

2821 5035 2976 5101 dum
3022 5036 3224 5103 fuisse
3267 5033 3526 5119 quidem
3572 5035 3746 5100 istud
3792 5035 4051 5120 aliquod
4087 5038 4455 5118 praemium
4496 5036 4736 5105 virtutis

2817 5144 2936 5205 pro
2982 5122 3145 5188 bene
3187 5122 3394 5191 locata
3440 5122 3578 5205 regi
3616 5143 3842 5204 opera:
3890 5120 4004 5188 sed
4042 5142 4172 5187 non
4210 5125 4279 5188 in
4318 5144 4392 5187 eo
4430 5123 4735 5189 Davidem

2819 5230 2999 5291 spem
3066 5229 3251 5274 suam
3318 5207 3680 5274 collocasse.
3764 5208 3935 5274 Nam
4002 5229 4163 5274 sane
4228 5209 4285 5274 si
4350 5212 4623 5291 praemii
4679 5215 4735 5271 st
