5059 6059
752 326 895 392 683·

756 536 956 581 causa
995 511 1420 589 calamitates,
1480 530 1646 592 quae
1703 529 1742 573 a
1784 508 1929 574 Deo
1988 508 2445 575 immittuntur
2485 509 2696 575 fideli-

753 601 895 680 bus,
939 599 1181 682 potioni
1225 608 1576 679 comparat,
1637 616 1832 679 quam
1875 597 2016 677 ipse
2062 595 2244 660 Deus
2289 616 2407 678 pro
2453 596 2693 662 volun-

758 695 891 752 tate
933 683 1240 750 infundit.
1303 680 1456 763 Qua
1498 680 1927 747 similitudine
1972 680 2281 745 docemur
2325 683 2465 747 Deo
2509 694 2698 747 notas

757 793 901 838 esse
945 772 1121 836 vires
1167 779 1447 847 nostras,
1492 778 1880 849 tantumque
1925 766 2111 831 nobis
2153 767 2458 832 admetiri
2494 788 2699 850 quan-

756 866 897 924 tum
944 855 1254 939 expedire
1298 855 1624 937 cognovit.
1673 851 2120 934 Quamobrem
2155 868 2477 933 quantum
2516 853 2700 918 Deus

756 943 1072 1010 infuderit
1151 939 1406 1025 placide
1499 939 1853 1005 bibendum
1931 950 2063 1018 est,
2149 938 2698 1021 quemadmodum

757 1029 1060 1112 exemplo
1109 1025 1297 1092 nobis
1343 1025 1563 1091 David
1602 1026 1828 1107 praeit,
1874 1026 1983 1107 qui
2029 1045 2189 1088 sane
2225 1048 2358 1090 non
2403 1025 2525 1089 fuit
2567 1025 2697 1089 fer-

755 1137 910 1181 reus
955 1136 1075 1180 nec
1133 1112 1493 1197 chalybeus
1540 1111 1692 1194 plus
1735 1130 1928 1194 quam
1975 1131 2114 1187 nos,
2171 1111 2284 1176 sed
2333 1113 2525 1175 homo
2574 1112 2695 1174 hu-

758 1202 970 1267 manis
1030 1199 1352 1264 obnoxius
1410 1196 1836 1280 passionibus,
1895 1205 1965 1261 et
2027 1217 2156 1261 non
2218 1198 2436 1261 miuus
2496 1216 2694 1279 quam

756 1310 876 1353 nos
922 1285 1191 1369 fragilis,
1250 1284 1436 1349 cuius
1482 1285 1578 1348 rei
1638 1292 1835 1348 testes
1890 1283 2219 1366 lacrymae
2264 1303 2542 1365 quarum
2589 1281 2696 1348 hic

755 1376 835 1439 fit
868 1374 1133 1447 mentio,
1170 1381 1246 1435 ut
1267 1369 1451 1435 facile
1474 1390 1905 1452 agnoscamus
1936 1390 2066 1433 non
2102 1369 2303 1434 fuisse
2337 1368 2694 1433 simulatae.

754 1459 988 1542 Neque
1044 1457 1217 1521 enim
1264 1467 1531 1541 ⁸tantum
1588 1454 2004 1536 lacrymatur,
2065 1476 2288 1520 verum
2351 1454 2571 1531 etiam,
2624 1465 2698 1518 ut

758 1545 950 1613 valde
994 1544 1273 1608 afflictus
1318 1554 1384 1606 et
1403 1552 1854 1605 consternatus
1877 1540 2099 1622 eiulat,
2144 1556 2210 1605 et
2245 1554 2464 1605 tamen
2502 1548 2698 1605 antea

758 1631 1044 1697 vidimus
1084 1631 1299 1712 ipsum
1337 1624 1703 1711 insignibus
1737 1628 1946 1691 sancti
1970 1625 2241 1710 spiritus
2277 1625 2462 1691 donis
2498 1626 2699 1690 fuisse

757 1718 1104 1782 munitum.
1152 1712 1284 1780 Sed
1327 1713 1451 1779 etsi
1494 1712 1682 1777 Deus
1724 1712 1892 1777 filios
1935 1732 2092 1778 suos
2135 1722 2361 1778 sancto
2404 1733 2526 1777 suo
2564 1714 2701 1794 spi·

757 1804 890 1868 ritu
949 1801 1138 1884 regit,
1193 1819 1327 1864 non
1391 1821 1475 1862 ex
1535 1797 1912 1863 inhumanis
1965 1797 2338 1877 affectibus,
2393 1809 2469 1861 ut
2527 1796 2696 1861 nihil

759 1889 1049 1955 sentiant
1106 1894 1175 1950 et
1232 1884 1414 1949 nulla
1471 1906 1540 1948 re
1587 1885 1990 1961 afficiantur,
2051 1882 2164 1950 sed
2226 1883 2375 1948 vult
2432 1904 2545 1948 eos
2605 1885 2697 1948 sie

758 1994 1063 2041 exercere
1107 1982 1183 2036 ut
1224 1969 1577 2055 pugnando
1621 1971 1908 2036 vincant.
1968 1970 2157 2034 Inter
2200 1971 2446 2034 etnicos
2493 1967 2697 2035 Stoici

757 2058 1166 2145 praesertim,
1212 2058 1323 2139 qui
1361 2056 1695 2121 fortissimi
1733 2056 1943 2121 videri
1981 2055 2348 2137 voluerunt,
2394 2069 2694 2120 constan-

758 2148 918 2211 tiam
964 2145 1148 2209 fortis
1192 2142 1474 2208 hominis
1509 2143 1970 2207 existimarunt
1999 2143 2068 2205 in
2107 2163 2181 2206 eo
2220 2143 2496 2224 positam
2535 2162 2695 2219 esse,

759 2245 837 2298 ut
880 2232 981 2296 vir
1024 2230 1213 2295 fortis
1261 2224 1442 2293 nulla
1486 2250 1556 2293 re
1602 2239 1943 2302 terreatur,
1996 2248 2327 2310 nunquam
2374 2228 2694 2311 lacryme-

758 2330 887 2395 tur,
934 2335 1268 2397 nunquam
1302 2328 1540 2396 gemat,
1585 2312 1698 2379 sed
1745 2314 2223 2394 imperterritus
2258 2323 2325 2378 et
2384 2315 2695 2378 immotus

759 2403 1074 2469 adversus
1120 2400 1441 2483 quoslibet
1485 2401 1785 2464 fortunae
1819 2420 2012 2481 quam
2051 2398 2368 2473 dicebant,
2414 2399 2696 2464 insultus

760 2499 1058 2554 maneat:
1115 2487 1390 2568 ideoque
1446 2486 1603 2550 flere
1663 2486 2108 2567 turpissimum
2166 2506 2309 2550 esse
2359 2484 2692 2550 dixerunt.

764 2573 939 2641 Sane
1006 2574 1213 2637 fateor
1291 2571 1555 2636 modum
1623 2569 2010 2636 excedentes
2088 2569 2694 2636 condemnationem

760 2659 1019 2735 mereri,
1056 2671 1250 2741 atque
1293 2658 1487 2721 etiam
1533 2657 1869 2739 passiones
1912 2669 2173 2722 nostras
2217 2657 2415 2722 nimis
2454 2657 2696 2722 violen-

762 2755 863 2812 tas
922 2744 1186 2809 modum
1248 2741 1580 2821 excedere,
1640 2744 1943 2824 quoniam
2002 2764 2043 2808 a
2100 2754 2363 2824 peccato
2405 2743 2696 2825 corrupti

759 2851 1010 2914 sumus,
1056 2828 1329 2911 ideoque
1351 2828 1617 2896 vitiosas
1639 2849 1798 2893 esse.
1843 2826 1976 2894 Sed
2012 2828 2068 2894 si
2104 2849 2382 2911 quaeras
2417 2828 2698 2894 liceatne

758 2916 1010 2983 homini
1056 2916 1307 2980 tristem
1355 2934 1495 2979 esse
1538 2935 1739 2996 quum
1784 2912 2056 2979 Domini
2111 2936 2312 2980 manu
2356 2914 2696 2998 affligitur,

760 3022 825 3071 et
871 3003 1048 3069 dicat
1091 3001 1327 3084 aliquis
1363 3022 1491 3064 non
1531 2999 1741 3079 licere,
1787 3001 1888 3064 aio
1926 3001 2216 3066 insolens
2251 3021 2393 3066 esse
2427 3021 2698 3083 respon·

761 3111 926 3155 sum.
984 3088 1217 3169 Itaque
1261 3086 1679 3152 observemus
1726 3087 1942 3151 Deum
1988 3087 2213 3152 fideles
2255 3107 2411 3151 suos
2454 3086 2699 3151 donare

763 3173 1144 3240 fortitudine
1188 3183 1254 3237 et
1291 3172 1849 3255 magnanimitate,
1898 3194 2024 3237 non
2061 3194 2226 3255 quae
2263 3173 2517 3254 stipites
2552 3172 2699 3237 illos

760 3262 976 3338 faciat,
1022 3272 1137 3324 aut
1162 3259 1491 3342 Marpesia
1533 3270 1722 3322 caute
1768 3256 2079 3338 duriores,
2125 3273 2198 3323 ιιι
2221 3279 2429 3341 neque
2456 3261 2701 3322 bonum

762 3368 970 3430 neque
1025 3344 1270 3409 malum
1332 3343 1842 3426 apprehendant,
1902 3358 1968 3408 et
2015 3343 2324 3410 adversos
2379 3366 2567 3411 casus
2611 3345 2699 3409 ri·

760 3433 977 3512 deant,
1021 3431 1136 3496 sed
1182 3448 1255 3495 ut
1299 3430 1586 3513 ipsorum
1635 3429 1950 3511 patientia
1995 3432 2334 3496 victoriam
2383 3430 2701 3496 adversus

761 3518 1081 3602 quaslibet
1140 3517 1531 3581 tentationes
1585 3516 1893 3581 obtineat.
1989 3515 2280 3581 Victoria
2338 3538 2529 3600 porro
2586 3514 2701 3579 illa

761 3625 900 3667 non
945 3605 1085 3666 sine
1129 3601 1487 3667 certamine
1529 3617 1811 3684 paratur.
1882 3600 2326 3682 Quamobrem
2372 3603 2515 3667 fieri
2563 3623 2693 3666 nou

762 3702 976 3774 potest
1034 3689 1189 3770 quin
1252 3687 1474 3753 fideles
1535 3708 1792 3768 semper
1856 3687 2138 3769 aliquam
2194 3689 2264 3753 in
2324 3710 2394 3753 se
2454 3688 2697 3754 luctam

766 3776 1072 3850 sentiant,
1128 3795 1326 3856 quum
1386 3773 1542 3855 ipsis
1603 3772 1846 3855 aliquid
1902 3772 2156 3839 adversi
2204 3776 2576 3857 contigerit,
2636 3789 2701 3839 et

766 3882 991 3926 amara
1037 3861 1172 3924 sint
1215 3859 1387 3922 mala
1421 3861 1656 3941 quibus
1690 3868 2013 3942 urgentur
2051 3860 2184 3924 imo
2221 3882 2346 3943 quo
2394 3861 2701 3943 graviora

765 3969 841 4012 eo
887 3944 1257 4029 graviorem
1314 3945 1508 4008 etiam
1564 3945 1925 4013 cruciatum
1983 3945 2290 4025 sentiant,
2350 3947 2461 4028 qui
2506 3960 2574 4010 et
2611 3945 2700 4010 la·

762 4054 1018 4116 crymas
1055 4040 1120 4096 et
1163 4029 1447 4115 gemitus
1490 4029 1738 4094 eliciat:
1785 4030 1897 4096 sed
1935 4030 2197 4095 interim
2238 4032 2396 4097 istos
2430 4032 2700 4096 affectus

762 4119 860 4185 ita
905 4118 1089 4183 decet
1145 4118 1513 4197 temperari,
1571 4128 1648 4179 ut
1690 4116 1910 4180 Deum
1971 4120 2036 4180 in
2097 4119 2400 4182 maximis
2461 4117 2700 4182 nostris

766 4203 1263 4270 difficultatibus
1301 4201 1730 4265 nihilominus
1756 4203 2155 4278 invocemus,
2203 4216 2269 4268 et
2292 4203 2446 4268 licet
2467 4202 2699 4267 laetari

765 4292 1029 4355 omnino
1078 4309 1206 4353 nou
1254 4288 1599 4368 possimus,
1645 4286 1929 4352 dolorem
1977 4300 2192 4352 tamen
2241 4303 2541 4354 nostrum
2587 4289 2702 4353 ali-

767 4397 891 4459 qua
938 4374 1380 4440 consolatione
1427 4372 1768 4437 leniamus.
1859 4372 2049 4454 Quod
2109 4377 2164 4440 si
2226 4375 2436 4456 primo
2481 4376 2615 4440 ictu
2661 4397 2701 4440 a

766 4462 954 4527 nobis
997 4462 1121 4543 ipsi
1165 4461 1455 4524 obtinere
1491 4478 1623 4522 non
1671 4479 2031 4541 possumus,
2079 4462 2404 4542 patienter
2448 4462 2699 4525 exitum

766 4569 807 4613 a
860 4546 1005 4611 Deo
1063 4545 1559 4630 praestolemur,
1637 4546 1743 4625 qui
1809 4543 2091 4609 laetitiae
2166 4547 2505 4611 materiam
2586 4547 2698 4611 ad-

763 4636 966 4699 ferat:
1014 4632 1285 4696 victoria
1328 4631 1502 4695 enim
1549 4630 1992 4695 calamitatum
2029 4643 2400 4696 nostrarum
2437 4634 2503 4697 in
2528 4654 2699 4717 >pre-

766 4721 948 4785 cibus
973 4734 1041 4781 et
1063 4718 1463 4781 orationibus
1510 4717 1719 4799 posita
1750 4730 1881 4779 est:
1929 4736 2077 4780 nam
2104 4717 2346 4800 alioqui
2386 4740 2703 4800 suspensa

767 4827 951 4869 arma
997 4818 1220 4868 nostra
1277 4804 1562 4867 iacerent
1606 4801 1885 4866 inutilia.
1977 4801 2108 4867 Sed
2154 4802 2700 4885 quemadmodum

768 4905 1079 4956 strenuus
1124 4889 1332 4971 miles,
1377 4909 1574 4970 quum
1623 4886 1703 4952 ad
1750 4908 2039 4971 pugnam
2086 4891 2239 4965 itur,
2287 4889 2552 4956 loricam
2599 4890 2698 4954 in·

769 4977 940 5055 duit,
1014 4990 1078 5039 et
1137 4974 1387 5057 galeam
1449 4976 1741 5053 assumit,
1798 4975 2251 5058 clypeumque,
2309 4993 2373 5039 et
2432 4975 2701 5059 reliquis

767 5062 969 5126 armis
1011 5060 1091 5125 ad
1138 5081 1428 5143 pugnam
1464 5060 1848 5125 necessariis
1891 5061 2265 5143 instruitur,
2310 5083 2393 5125 ne
2428 5060 2700 5126 inermis

767 5170 887 5214 sua
931 5145 1223 5212 socordia
1267 5158 1331 5208 et
1374 5146 1636 5228 ignavia
1681 5158 1932 5228 pereat:
1979 5148 2071 5211 ita
2118 5167 2233 5210 nos
2280 5157 2539 5228 oportet
2583 5170 2697 5214 va-

766 5234 884 5300 riis
929 5234 1247 5297 exercitos
1290 5231 1783 5311 calamitatibus,
1841 5243 1911 5297 et
1948 5251 2097 5298 cum
2143 5232 2345 5297 variis
2388 5235 2698 5298 tentatio-

2434 320 2849 388 HOMILIA
2894 318 3082 388 0111.

4624 316 4734 383 684

2799 508 2994 587 nibus
3056 519 3466 593 pugnaturos
3524 510 3767 576 armari
3847 508 4207 573 christiana
4271 505 4609 590 panoplia,
4663 527 4729 573 ae

2800 595 3102 677 precibus
3122 607 3189 660 et
3209 597 3608 662 orationibus
3631 616 3948 679 pugnare,
3992 594 4234 676 quibus
4268 601 4472 658 fretos
4494 604 4730 658 certum

2798 692 2901 746 est
2945 701 3065 745 nos
3109 683 3326 746 omnia
3372 681 3652 748 adversa
3695 680 3881 747 nobis
3920 694 4365 762 superaturos.

2971 767 3060 830 Et
3103 766 3266 833 haec
3309 768 3720 833 observanda
3762 778 3918 833 sunt
3967 766 4038 830 in
4084 765 4464 830 narratione
4511 765 4624 829 illa
4663 763 4734 831 de

2798 850 3106 931 lacrymis
3152 864 3217 918 et
3251 856 3503 937 gemitu
3528 852 3826 931 Davidis,
3872 873 4038 935 quae
4073 853 4286 935 prima
4321 851 4544 916 fronte
4569 850 4737 916 vide-

2799 954 3034 1002 rentur
3077 959 3116 1002 a
3159 939 3339 1004 molli
3385 952 3450 1004 et
3495 941 3872 1006 effeminato
3919 939 4061 1002 viro
4107 939 4474 1021 profectae:
4534 938 4646 1003 sed
4685 937 4738 1000 si

2799 1022 3283 1089 humanitatem
3318 1035 3387 1090 et
3427 1026 3997 1090 mansuetudinem
4023 1024 4304 1089 Davidis
4326 1021 4738 1088 attendamus

2799 1129 2927 1191 qua
2970 1109 3093 1175 fuit
3137 1132 3176 1175 a
3217 1109 3361 1175 Deo
3407 1112 3760 1194 praeditus,
3806 1131 3943 1175 non
3988 1120 4184 1175 erunt
4227 1109 4417 1174 nobis
4463 1108 4740 1174 insolen-

2801 1204 2917 1260 tes.
3007 1194 3132 1260 Vir
3173 1198 3351 1261 enim
3395 1197 3518 1261 fuit
3559 1198 3735 1262 mitis
3763 1197 4028 1282 ,ingenii
4070 1209 4139 1260 et
4181 1195 4475 1274 humilis,
4530 1197 4742 1277 itaque

2798 1281 3057 1346 amissis
3126 1282 3377 1348 duabus
3443 1281 3837 1365 coniugibus
3901 1281 4110 1365 affligi
4170 1282 4469 1365 graviter
4534 1282 4740 1364 ipsum

2798 1368 3109 1448 oportuit.
3153 1368 3507 1435 Praeterea
3550 1373 3772 1453 grayis
3821 1369 3945 1433 fuit
3986 1368 4104 1431 illa
4144 1368 4421 1432 tentatio
4461 1367 4636 1448 quod
4679 1368 4738 1430 iu

2797 1473 2980 1535 spem
3006 1474 3046 1517 a
3066 1452 3211 1518 Deo
3257 1467 3524 1519 vocatus
3568 1457 3787 1539 regiae
3810 1455 4166 1541 dignitatis,
4211 1468 4435 1518 tamen
4461 1475 4504 1517 a
4537 1455 4743 1535 patria

2799 1538 3114 1620 profugus
3147 1540 3348 1605 etiam
3384 1541 3701 1624 angulum
3741 1561 3947 1605 unum
3983 1561 4176 1622 quem
4205 1539 4415 1603 solum
4469 1538 4741 1604 habeba

2799 1625 3082 1708 perfugii
3126 1624 3342 1692 lecum
3401 1626 3482 1691 ab
3525 1626 3908 1692 Amalecitis
3951 1626 4220 1691 videbat
4274 1624 4432 1708 igne
4477 1645 4738 1690 succen-

2799 1730 2966 1775 sum.
3053 1710 3202 1791 Qua
3254 1713 3588 1778 occasione
3634 1733 3949 1795 magnum
4006 1711 4101 1775 illi
4170 1713 4524 1777 creabatur
4570 1708 4737 1792 apud

2799 1795 3195 1862 Philistaeos
3270 1799 3649 1879 periculum.
3737 1798 3911 1863 Nam
3969 1798 4026 1862 si
4092 1797 4506 1862 Amalecitae
4575 1795 4739 1879 apud

2799 1901 3022 1965 regem
3065 1882 3273 1948 Achis
3314 1886 3652 1967 conquesti
3696 1895 3912 1950 essent
3955 1884 4035 1947 de
4079 1883 4354 1960 Davide,
4413 1893 4486 1947 et
4530 1884 4738 1966 ipsum

2798 1988 3083 2050 suosque
3129 1968 3368 2034 milites
3414 1980 3721 2052 tanquam
3784 1969 4140 2053 praedones
4185 1982 4252 2033 et
4296 1968 4595 2032 latrones
4638 1990 4734 2034 ac·

2799 2067 3154 2126 cusassent,
3210 2070 3274 2118 et
3333 2056 3385 2120 si
3435 2075 3563 2119 non
3626 2055 3937 2121 adversus
3981 2054 4405 2134 Philistaeos,
4467 2053 4590 2119 sed
4631 2053 4736 2119 ad·

2797 2160 3029 2205 versus
3072 2138 3400 2205 Davidem
3448 2141 3701 2205 hostem
3756 2163 3948 2207 suum
4004 2142 4446 2206 insurrexisse
4490 2142 4735 2205 causan‘

2795 2236 3035 2304 essent,
3082 2247 3199 2290 rex
3232 2226 3739 2292 Philistaeorum
3787 2227 4019 2293 merito
4063 2227 4312 2293 Davidi
4354 2247 4736 2291 succensere

2798 2332 2988 2394 posse
3034 2312 3393 2387 videbatur,
3438 2323 3505 2376 et
3548 2315 3853 2379 amissam
3902 2314 4128 2378 urbem
4167 2333 4363 2395 quam
4401 2312 4532 2395 ipsi
4579 2312 4732 2377 suis·

2797 2418 2926 2480 que
2972 2397 3230 2481 asylum
3279 2397 3545 2464 dederat
3588 2399 3914 2483 conqueri.
3971 2397 4161 2480 Quae
4205 2399 4428 2463 omnia
4473 2398 4738 2463 volvens

2798 2478 3018 2547 animo
3061 2482 3307 2562 David,
3371 2485 3438 2549 in
3500 2486 3808 2550 maximis
3865 2484 4090 2568 procul
4158 2484 4357 2550 dubio
4419 2486 4737 2567 angustiis

2800 2582 3101 2635 versatus
3143 2581 3266 2653 est,
3310 2584 3380 2634 ut
3426 2573 3675 2636 nemini
3719 2593 3862 2637 esse
3905 2571 4150 2636 mirum
4193 2570 4451 2648 debeat,
4508 2571 4570 2634 si
4611 2580 4740 2634 tam

2802 2654 3032 2720 acerbe
3074 2654 3335 2737 plauxit
3391 2671 3458 2721 et
3508 2657 3970 2741 illacrymavit,
4025 2669 4091 2722 et
4146 2657 4355 2740 pluris
4397 2657 4609 2737 ipsius
4654 2656 4740 2720 la·

2802 2762 3066 2824 crymas
3121 2753 3190 2804 et
3246 2744 3532 2825 gemitus
3588 2746 3918 2821 faciemus,
3977 2764 4171 2825 quam
4219 2742 4583 2807 multorum
4628 2741 4740 2806 du·

2804 2826 3022 2891 ritiem
3070 2826 3168 2890 vel
3214 2827 3679 2910 stupiditatem,
3738 2851 3904 2912 quae
3948 2849 3987 2893 a
4046 2828 4273 2894 multis
4333 2838 4560 2892 tamen
4607 2839 4744 2892 tau·

2803 2934 2996 2996 quam
3044 2932 3302 2977 summa
3342 2914 3555 2980 virtus
3600 2915 3925 2981 laudatur.
3989 2915 4184 2979 Multi
4228 2915 4408 2978 enim
4453 2912 4742 2978 dolorem

2803 3019 2996 3063 suum
3040 2999 3256 3063 animo
3306 3014 3749 3083 concoquunt,
3794 3001 4230 3083 fraenumque
4274 2999 4620 3078 artedunt,
4675 3019 4744 3064 ac

2805 3082 3110 3167 dentibus
3143 3084 3537 3167 infrendent,
3581 3090 3675 3152 ita
3713 3101 3933 3151 tamen
3973 3100 4048 3152 ut
4068 3107 4408 3168 nunquam
4433 3106 4520 3150 ex
4545 3084 4744 3151 oculis

2803 3170 3030 3234 effluat
3073 3170 3379 3256 lacryma,
3425 3184 3499 3237 ut
3523 3194 3674 3239 vere
3711 3174 3927 3249 fortes,
3973 3182 4350 3238 constantes
4375 3192 4452 3237 ac
4475 3192 4744 3254 magna·

2804 3258 3016 3321 nimos
3061 3257 3255 3333 dicas,
3303 3279 3469 3340 quae
3505 3280 3663 3324 sane
3700 3260 3917 3340 potius
3951 3258 4365 3325 contumacia
4387 3270 4458 3322 et
4479 3257 4744 3323 rebellio

2803 3341 3118 3407 adversus
3158 3341 3377 3408 Deum
3432 3355 3532 3410 est
3574 3366 3769 3427 quam
3829 3344 4140 3409 fortitudo
4186 3359 4304 3409 aut
4346 3344 4483 3408 alia
4527 3344 4746 3408 istius-

2802 3429 2978 3492 modi
3024 3430 3257 3494 virtus.
3305 3429 3474 3494 Nam
3521 3430 3886 3495 istiusmodi
3925 3431 4222 3495 homines
4262 3450 4398 3494 non
4437 3428 4748 3495 desinunt

2802 3515 2966 3579 iram
3013 3535 3197 3579 suam
3244 3513 3630 3597 despumare
3673 3533 3787 3581 aut
3842 3516 4236 3582 stomachari
4281 3530 4348 3579 et
4392 3516 4748 3599 indignari,

2802 3612 2868 3664 et
2912 3621 3042 3664 non
3087 3599 3449 3684 dignantur
3493 3601 3575 3667 ad
3612 3601 3829 3667 Deum
3877 3601 4177 3685 precibus
4220 3600 4604 3685 confugere,
4650 3622 4752 3667 se-

2802 3686 3031 3751 latium
3078 3687 3159 3752 ab
3203 3688 3342 3767 ipso
3386 3699 3628 3769 petere,
3687 3700 3755 3753 et
3798 3709 3941 3754 sese
3986 3708 4205 3752 coram
4251 3708 4327 3753 eo
4375 3686 4748 3754 humiliare.

2803 3770 2980 3839 Sane
3038 3773 3148 3855 qui
3204 3792 3422 3837 coram
3480 3772 3626 3838 Deo
3680 3775 3960 3839 afflictus
4015 3773 4339 3854 deiicitur,
4402 3786 4476 3837 et
4519 3776 4753 3841 merito

2802 3879 2871 3924 se
2907 3857 3113 3922 aDeo
3159 3860 3375 3941 puniri
3420 3858 3666 3924 fatetur
3711 3860 3993 3925 multum
4038 3861 4160 3925 sub
4187 3860 4312 3924 Dei
4359 3859 4578 3925 ferula
4605 3878 4753 3942 pro·

2802 3946 2981 4010 fecit:
3043 3958 3274 4010 contra
3317 3943 3428 4027 qui
3473 3945 3835 4030 ringuntur
3877 3944 4050 4030 apud
4095 3968 4169 4010 se
4211 3947 4409 4028 ipsos,
4471 3959 4539 4009 et
4581 3968 4752 4012 acer·

2803 4031 2949 4096 bam
2996 4031 3200 4096 vitam
3246 4028 3507 4111 ducunt,
3553 4033 3844 4097 nondum
3891 4031 4260 4098 didicerunt
4297 4031 4459 4113 quid
4498 4033 4751 4097 sitDeo

2803 4138 2946 4182 sese
2993 4116 3328 4199 subiicere,
3374 4118 3677 4183 nesciunt
3718 4119 3873 4201 quid
3920 4120 4006 4182 sit
4049 4117 4481 4201 fragilitatem
4523 4119 4752 4184 huma·

2804 4224 2954 4268 nam
3002 4222 3372 4285 agnoscere,
3434 4214 3502 4266 et
3546 4204 3626 4268 ad
3673 4224 3906 4268 verum
3951 4204 4317 4268 remedium
4364 4206 4739 4290 confugere.

2804 4288 3244 4370 Quamobrem
3277 4287 3544 4353 Davidis
3567 4288 3895 4375 lacrymae
3931 4290 4126 4372 longe
4164 4290 4373 4372 pluris
4409 4292 4743 4357 facien&

2803 4385 2980 4456 sunt,
3047 4394 3242 4457 quam
3302 4373 3415 4438 illa
3473 4378 3835 4456 pertinacia
3892 4388 3960 4440 et
4017 4376 4394 4451 obstinatio,
4468 4399 4646 4460 quae
4689 4382 4748 4443 in

2802 4459 3104 4525 omnibus
3148 4459 3506 4525 incredulis
3551 4462 3824 4540 obtinet,
3887 4462 3999 4544 qui
4043 4460 4187 4525 Deo
4233 4482 4379 4526 sese
4425 4463 4754 4530 subiicere

2804 4557 3151 4628 nequeunt,
3192 4554 3256 4608 et
3299 4566 3556 4628 semper
3593 4547 3794 4611 durae
3827 4549 4099 4612 cervicis
4135 4546 4265 4611 Dei
4303 4569 4586 4614 manum
4629 4572 4748 4615 non

2802 4643 3186 4715 agnoscunt,
3241 4630 3321 4695 de
3364 4651 3484 4696 sua
3527 4632 3912 4698 infirmitate
3971 4654 4096 4696 non
4145 4636 4444 4717 cogitant
4485 4652 4559 4699 ut
4607 4659 4750 4703 cau·

2804 4720 3001 4782 tiores
3067 4718 3465 4794 efficiantur,
3549 4718 3802 4801 Deique
3882 4718 4203 4783 auxilium
4285 4719 4752 4802 deprecentur.

2802 4803 2982 4871 Sane
3039 4802 3315 4867 militem
3374 4802 3457 4867 ad
3501 4806 3818 4885 praelium
3878 4826 3948 4870 se
4006 4822 4510 4887 comparantem
4553 4830 4754 4891 quum

2801 4901 3268 4962 commovetur,
3315 4898 3383 4952 et
3427 4886 3507 4952 de
3542 4910 3612 4954 se
3647 4891 3893 4974 cogitat
3928 4900 3995 4956 et
4016 4911 4088 4955 se
4125 4904 4410 4974 apparat
4435 4894 4520 4959 ad
4547 4894 4758 4961 hostis

2802 4976 3115 5058 impetum
3143 4973 3607 5056 repellendum,
3656 4998 3791 5040 non
3826 4975 3970 5041 ideo
4007 4975 4379 5043 dixerimus
4415 4980 4753 5063 ignavum.

2801 5060 2914 5127 sed
2961 5062 3175 5142 potius
3232 5061 3309 5124 de
3355 5062 3578 5124 futuro
3621 5075 3864 5127 eventu
3921 5063 4383 5146 cogitabimus,
4446 5078 4520 5131 et
4558 5089 4756 5150 quun

2801 5147 3116 5212 adversus
3175 5146 3427 5210 hostem
3486 5146 3844 5213 viderimus
3910 5169 4346 5232 progressum
4413 5153 4753 5238 intrepide.

2802 5246 2873 5299 et
2929 5233 3185 5297 fortiter
3242 5242 3659 5316 pugnantem,
3723 5233 3931 5299 donee
3977 5235 4331 5301 victoriam
4380 5240 4754 5317 obtinuerit,
