5059 6059
293 320 399 392 329

296 526 412 582 tum
449 508 698 594 habere,
739 509 854 576 sed
892 511 1230 593 utriusque
1273 530 1536 577 causam
1584 530 1726 577 esse
1760 529 2194 578 communem.

295 601 445 671 Sane
486 597 639 663 satis
685 595 1249 663 animadvertebat
1295 596 1559 664 Saulem
1603 597 1727 662 hoc
1770 598 1941 663 sacto
1983 595 2197 680 magis

293 686 586 754 irritatum
629 682 732 758 iri,
778 681 1029 765 sibique
1072 681 1313 748 idcirco
1357 684 1574 748 maius
1617 682 1978 767 periculum
2015 702 2193 748 crea-

291 784 408 838 tum
447 769 553 835 iri:
600 766 1127 851 quandoquidem
1174 769 1317 852 ipse
1364 779 1586 835 tantae
1631 770 2001 836 autoritatis
2047 789 2194 852 pro-

290 858 475 942 pheta,
526 862 593 920 et
647 862 785 918 tam
846 862 1192 938 provectae
1249 856 1483 920 aetatis
1544 855 1767 939 egredi
1825 860 2018 920 domo
2062 874 2191 918 non

285 947 530 1028 poterat,
572 940 732 1023 quin
779 939 956 1005 fama
998 942 1222 1005 statim
1268 952 1626 1023 emanaret,
1685 950 1753 1006 et
1795 941 1877 1005 ad
1923 938 2194 1007 Saulem

357 1027 643 1094 rveniret.
703 1023 889 1091 Nihil
933 1033 1152 1091 tamen
1197 1026 1410 1109 ipsum
1458 1026 1760 1110 impediit
1802 1026 1957 1111 quin
2005 1025 2195 1090 domo

328 1122 419 1182 cet
455 1133 582 1178 non
625 1111 769 1177 sine
812 1131 1072 1176 summa
1108 1110 1494 1179 difficultate
1528 1132 1834 1198 egressus
1868 1110 2195 1178 Davidem

285 1200 696 1276 comitaretur,
765 1204 833 1262 et
905 1217 1027 1263 sua
1083 1199 1451 1282 praesentia
1509 1201 1922 1264 commissam
1975 1197 2099 1262 sibi
2159 1214 2198 1259 a

281 1285 540 1352 Domino
609 1283 976 1349 doctrinam
1040 1286 1461 1351 confirmaret
1526 1294 1869 1367 ratamque
1934 1283 2194 1348 faceret.

277 1372 434 1437 Hinc
489 1378 758 1452 apparet
815 1390 924 1434 eos
983 1371 1221 1452 quibus
1282 1372 1466 1436 verbi
1526 1371 1730 1435 divini
1772 1367 2195 1453 praedicandi

276 1476 415 1522 cura
467 1458 810 1520 commissa
868 1468 984 1530 est,
1044 1475 1177 1519 non
1236 1463 1532 1537 oportere
1579 1467 1836 1522 tantum
1877 1454 2035 1520 illud
2084 1473 2195 1518 ore

267 1540 646 1626 praedicare,
728 1538 845 1605 sed
901 1541 1096 1605 etiam
1159 1561 1362 1623 quum
1421 1560 1586 1623 opus
1645 1542 1771 1607 erit
1828 1540 2194 1607 doctrinam

269 1649 440 1694 suam
492 1627 633 1693 vita
692 1625 958 1708 propria
1013 1626 1378 1710 obsignare,
1436 1626 1592 1692 licet
1649 1626 1961 1692 adversus
2018 1627 2194 1711 ipsos

261 1715 465 1779 furore
525 1712 816 1777 mundus
896 1720 1260 1778 exaestuet.
1346 1711 1586 1795 Atque,
1655 1712 1934 1790 obsecro,
2017 1710 2194 1795 quali

261 1799 612 1865 tentatione
656 1796 986 1862 Davidem
1033 1797 1413 1881 agitandum
1460 1808 1786 1882 putamus,
1832 1799 1885 1862 si
1926 1796 2193 1863 Samuel

259 1906 297 1951 a
334 1905 406 1950 se
448 1883 790 1949 dimissum
834 1883 1137 1949 iussisset
1178 1882 1304 1947 sibi
1347 1893 1414 1949 et
1450 1882 1643 1949 rebus
1687 1883 1823 1948 suis
1866 1892 1942 1948 ut
1980 1891 2197 1967 posset

261 1969 626 2037 consulere:
694 1989 765 2034 se
820 1969 986 2033 nihil
1049 1969 1175 2033 nisi
1231 1968 1403 2051 quod
1459 1990 1611 2035 eum
1655 1967 1841 2034 Deus
1898 1968 2197 2035 iussisset

256 2057 496 2122 fecisse.
554 2053 808 2121 Contra
850 2075 1249 2138 magnopere
1293 2053 1513 2120 David
1557 2064 1891 2121 recreatus
1934 2065 2000 2119 et
2044 2074 2196 2120 con-

253 2142 548 2207 firmatus
595 2154 714 2220 est,
759 2161 957 2223 quum
995 2161 1064 2206 se
1099 2140 1195 2205 illi
1234 2137 1506 2207 Samuel
1543 2139 1864 2219 adiunxit,
1910 2149 1980 2206 et
2015 2140 2200 2205 velut

251 2230 320 2292 in
363 2228 516 2292 forti
565 2226 1057 2311 propugnaculo
1109 2225 1473 2293 collocavit.
1562 2224 1704 2292 Sua
1747 2228 1967 2309 itaque
2008 2246 2196 2309 prae·

250 2314 459 2379 sentia
505 2311 780 2380 Samuel
824 2311 1154 2377 Davidem
1217 2312 1428 2378 facere
1475 2311 1686 2378 voluit
1729 2314 2071 2378 certiorem
2118 2309 2198 2376 de

247 2399 375 2464 Dei
416 2399 673 2465 auxilio
733 2406 800 2462 et
844 2397 926 2463 de
968 2397 1469 2482 promissionem
1513 2399 1723 2483 ipsius
1767 2396 2196 2464 certitudine:

242 2486 381 2551 fore
425 2485 746 2550 nimirum
784 2492 875 2560 ut,
919 2483 1074 2550 licet
1110 2486 1330 2567 ipsum
1365 2483 1447 2548 ad
1484 2495 1763 2550 mortem
1806 2504 2011 2568 usque
2034 2481 2192 2550 Saul

243 2579 700 2654 persequatur,
736 2578 806 2635 et
838 2571 1147 2637 maximis
1183 2570 1442 2635 iniuriis
1465 2570 1722 2649 afficiat,
1757 2570 1943 2636 Deus
1970 2580 2193 2636 tamen

236 2657 716 2739 promissiones
759 2675 910 2721 suas
947 2657 1234 2739 impleat,
1281 2663 1346 2720 et
1379 2656 1588 2740 ipsius
1623 2657 2035 2722 misereatur.
2085 2653 2195 2721 Sic

233 2743 460 2843 itaque
505 2763 634 2809 sua
676 2743 1050 2825 praesentia
1083 2740 1411 2808 Davidem
1446 2741 1692 2808 solatus
1736 2751 1853 2819 est,
1899 2750 1969 2805 et
2011 2761 2191 2841 spem

234 2829 387 2895 fecit
447 2848 611 2894 eum
672 2828 784 2909 qui
844 2828 1156 2911 loquutus
1216 2835 1319 2893 est
1360 2848 1489 2893 non
1534 2828 2006 2911 permissurum
2050 2847 2192 2892 ina·

230 2935 388 2980 nem
424 2934 580 2981 esse
615 2914 1191 2997 inaugurationem
1229 2922 1295 2979 et
1330 2913 1845 2997 promissionem.
1887 2912 2192 2996 Denique

232 3000 391 3066 hinc
454 3006 744 3085 apparet
799 3006 1048 3082 quanta
1104 2998 1474 3066 constantia
1530 3009 1597 3063 et
1651 2998 2193 3084 magnanimitate

223 3085 358 3153 Dei
405 3085 710 3152 ministri
755 3082 1115 3152 doctrinam
1160 3104 1346 3151 suam
1383 3084 1833 3151 confirmarint
1874 3091 1943 3151 et
1980 3094 2190 3150 ratam

226 3172 539 3252 fecerint,
599 3170 776 3255 quod
832 3180 896 3236 et
955 3192 1219 3240 necesse
1263 3171 1403 3237 fuit.
1492 3170 1846 3237 Praeterea
1888 3168 2192 3237 videmus

220 3257 424 3341 quale
485 3258 584 3324 sit
638 3263 942 3323 nostrum
999 3257 1068 3323 in
1115 3257 1452 3340 quibusvis
1511 3255 1976 3323 afflictionibus
2017 3254 2193 3321 refu·

222 3343 437 3427 gium,
487 3363 735 3427 nempe
778 3343 910 3409 Dei
955 3342 1247 3427 verbum,
1292 3364 1461 3426 quae
1502 3362 1661 3409 vera
1703 3351 1805 3407 est
1848 3351 1914 3407 et
1955 3341 2194 3407 firmis·

214 3429 397 3496 sima
447 3429 589 3495 Dei
631 3428 922 3494 filiorum
963 3439 1317 3495 armatura.
1386 3428 1569 3495 Hinc
1611 3426 1791 3508 fides,
1834 3426 1990 3493 hinc
2032 3426 2197 3493 aliae

217 3516 549 3594 virtutes,
594 3534 763 3598 spes,
809 3514 1068 3596 caritas,
1113 3513 1481 3599 prudentia,
1542 3514 1861 3598 patientia
1903 3522 2195 3590 manant,

216 3600 472 3686 quibus
524 3601 767 3666 armati
812 3600 1068 3666 fortiter
1101 3599 1390 3666 hostium
1427 3608 1800 3665 nostrorum
1846 3597 2198 3666 insultibus

210 3689 620 3755 resistimus
663 3685 870 3752 donec
916 3687 1256 3753 victoriam
1299 3696 1727 3771 reportemus.

399 3773 774 3839 Caeterum
834 3791 917 3838 ex
963 3772 1089 3838 hoc
1133 3772 1330 3837 etiam
1376 3773 1518 3838 loco
1562 3769 1944 3852 colligimus,
2005 3789 2196 3853 quas-

209 3859 378 3925 dam
431 3857 656 3924 fuisse
699 3857 1173 3942 prophetarum
1230 3856 1508 3941 scholas,
1567 3858 1635 3922 in
1683 3855 1918 3939 quibus
1959 3855 2192 3921 forma-

203 3952 472 4011 rentur
523 3944 640 4028 qui
684 3942 921 4009 deinde
963 3965 1192 4010 veram
1229 3943 1614 4029 religionem
1651 3942 1975 4020 docerent,
2018 3942 2196 4025 puri-

203 4037 593 4115 tatemque
638 4027 972 4097 doctrinae
1015 4031 1396 4096 retinerent.
1483 4030 1715 4113 Neque
1759 4028 1932 4093 enim
1979 4027 2196 4110 aliquo

201 4124 510 4182 tantum
574 4124 875 4199 tempore
945 4116 1303 4200 prophetae
1359 4116 1431 4181 in
1488 4112 1734 4180 Naioth
1793 4112 2198 4190 habitabant,

191 4202 324 4269 sed
376 4202 492 4269 ibi
557 4202 757 4267 fixam
819 4200 1039 4267 sedem
1086 4200 1431 4269 habebant.
1522 4201 1728 4267 Porro
1774 4217 1906 4264 non
1952 4199 2202 4283 simpli-

189 4288 383 4354 citer
449 4286 830 4372 prophetae
889 4287 1091 4353 fuisse
1151 4287 1480 4366 dicuntur,
1538 4288 1650 4353 sed
1709 4284 2199 4369 prophetantes,

190 4393 287 4441 ex
330 4393 492 4458 qno
538 4380 809 4457 apparet
853 4372 1004 4439 illos
1040 4393 1234 4440 omne
1269 4394 1460 4439 suum
1497 4372 1788 4440 studium
1823 4369 2202 4437 adhibuisse

183 4458 270 4525 in
341 4460 646 4526 divinae
705 4458 870 4543 legis
926 4460 1412 4537 exercitatione,
1479 4468 1553 4524 ut
1611 4458 1837 4524 fideles
1903 4457 2199 4525 doctores

191 4555 462 4612 essent
523 4545 597 4609 in
641 4544 897 4628 populo.
988 4544 1182 4625 Quod
1241 4566 1396 4611 vero
1439 4542 1702 4627 quidam
1746 4562 1972 4610 vocem
2016 4542 2198 4608 illam

170 4632 588 4715 prophetae
644 4630 975 4715 accipiunt
1026 4653 1146 4716 pro
1203 4631 1612 4698 modulatore
1655 4628 2055 4698 canticorum
2099 4636 2200 4696 est

187 4718 646 4785 ridiculum:
691 4736 846 4781 nam
889 4738 1020 4784 non
1068 4716 1337 4784 dubium
1381 4724 1483 4783 est
1523 4717 1680 4799 quin
1723 4715 1846 4781 hac
1888 4735 2053 4782 voce
2094 4715 2198 4780 in-

179 4802 661 4891 telligentiae
721 4802 964 4870 donum
1010 4802 1622 4887 comprehendatur.
1708 4799 2202 4884 Prophetarunt

175 4889 496 4973 itaque,
561 4887 631 4953 id
693 4895 796 4954 est
850 4909 996 4955 sese
1052 4890 1125 4954 in
1183 4888 1349 4975 legis
1392 4886 1688 4956 doctrina
1732 4896 2198 4954 exercuerunt:

163 4995 422 5060 quam
481 4972 620 5040 sibi
663 4973 826 5057 ipsis
868 4973 1292 5059 applicarent,
1337 4982 1403 5041 et
1455 4973 1803 5058 discipulos
1843 4972 2198 5038 erudirent.

166 5061 460 5143 Quare
546 5059 905 5143 prophetae
971 5060 1080 5127 hic
1143 5069 1466 5128 vocantur
1510 5060 1559 5126 ii
1616 5060 1729 5143 qui
1772 5079 1914 5126 sese
1956 5060 2027 5124 in
2072 5058 2200 5125 Dei

159 5145 354 5234 lego
412 5146 870 5213 exercebant:
917 5154 984 5213 et
1026 5146 1496 5232 prophetantes
1530 5145 1859 5223 dicuntur,
1904 5154 1979 5211 ut
2018 5144 2200 5212 doce·

157 5253 416 5301 amur
506 5252 644 5298 non
705 5232 936 5300 inanes
989 5253 1133 5299 esse
1192 5242 1493 5318 oportere
1563 5232 1887 5298 honorum
1949 5231 2198 5309 titulos,

1567 321 1668 390 IN
1709 320 1765 388 1.
1809 320 1991 387 LIB.
2042 317 2440 389 SAMUEL.
2483 316 2685 385 CAP.
2729 316 2927 384 xlx.

4110 316 4246 383 330

2300 505 2848 591 quemadmodum
2909 507 3100 574 multi
3160 506 3546 591 plerumque
3602 527 3840 573 nomen
3891 526 4235 573 servorum

2298 593 2423 659 Dei
2467 593 2753 659 inaniter
2797 596 3223 660 mentiuntur.
3270 594 3385 661 Sic
3426 593 3609 659 vides
3645 593 3715 658 in
3752 602 3993 677 papatu
4030 592 4233 660 eccle·

2298 680 2431 745 siae
2473 680 2818 764 praelatos,
2876 680 3233 764 episcopos,
3279 688 3571 763 pastores
3614 679 3742 744 Dei
3786 679 4051 744 nomine
4093 680 4233 763 glo·

2298 766 2472 845 riari,
2517 766 2701 848 quasi
2746 766 2816 830 in
2861 766 3074 832 medio
3119 767 3406 849 ipsorum
3453 774 3778 850 regnaret,
3845 764 4236 831 catholicam

2297 851 2658 928 ecclesiam,
2715 852 3185 918 successionem
3240 851 3679 935 apostolicam,
3739 858 3805 916 et
3846 850 4230 916 vicariatum

2294 938 2449 1003 Iesu
2492 937 2746 1003 Christi
2786 958 3178 1022 magnopere
3237 939 3496 1016 iactare,
3553 937 3828 1020 denique
3870 937 4232 1002 istiusmodi

2296 1024 2557 1108 magnis
2604 1023 2810 1090 titulis
2850 1025 3142 1107 insignes
3187 1042 3356 1105 esse;
3403 1022 3514 1090 sed
3559 1046 3692 1089 non
3737 1023 3896 1088 satis
3939 1032 4038 1086 est
4073 1023 4231 1087 titu-

2298 1108 2379 1173 lis
2434 1110 2701 1192 glcriari
2758 1110 2883 1176 nisi
2942 1130 3045 1175 res
3089 1111 3231 1193 ipsa
3296 1109 3702 1193 respondeat,
3762 1117 3828 1173 et
3886 1109 4045 1173 tales
4101 1110 4234 1174 sint

2299 1215 2371 1259 re
2429 1196 2574 1277 ipsa
2617 1195 2842 1279 quales
2900 1193 3126 1261 haberi
3172 1195 3417 1261 volunt.
3505 1195 3678 1261 Nam
3722 1193 3947 1278 quales
3986 1193 4232 1260 dixeris

2298 1281 2632 1365 episcopos
2697 1282 2837 1348 sive
2900 1280 3531 1364 superintendentes,
3612 1281 3726 1363 qui
3790 1279 4043 1345 nullam
4108 1282 4231 1346 sibi

2299 1368 2630 1433 commissi
2689 1369 2905 1453 gregis
2949 1387 3173 1432 curam
3220 1377 3468 1450 gerant,
3530 1366 3680 1433 solis
3726 1366 3962 1431 annuis
4004 1364 4232 1431 rediti-

2300 1451 2421 1516 bus
2494 1472 2767 1518 suorum
2825 1475 2990 1537 qnae
3060 1463 3296 1519 vocant
3368 1452 3822 1518 beneficiorum
3892 1452 4228 1518 contenti?

2297 1537 2607 1603 Pastores
2651 1539 2847 1604 etiam
2892 1539 3134 1622 quales,
3180 1549 3249 1603 et
3293 1539 3467 1622 quali
3513 1538 3653 1605 cibo
3697 1558 3848 1604 suas
3893 1557 4049 1603 oves
4093 1559 4233 1620 pas-

2298 1634 2490 1703 cunt;
2537 1633 2604 1689 et
2646 1625 2755 1691 ubi
2800 1637 2955 1691 sunt
2992 1646 3147 1690 oves
3189 1646 3464 1707 quarum
3502 1644 3724 1690 curam
3764 1622 4050 1707 gerunt?
4091 1622 4231 1688 Nae

2297 1711 2490 1776 officii
2536 1712 2826 1794 ipsorum
2864 1711 3031 1776 ratio
3068 1711 3456 1794 postulabat,
3500 1719 3575 1775 ut
3610 1708 3826 1774 Deum
3864 1708 4227 1793 praesidem

2299 1794 2615 1861 habentes
2652 1797 2890 1880 populo
2912 1817 3139 1861 sanam
3163 1796 3521 1861 doctrinam
3547 1807 4005 1879 proponerent,
4049 1816 4229 1860 eum·-

2298 1902 2424 1965 que
2465 1881 2534 1946 in
2579 1883 3009 1948 sanctimonia
3062 1891 3130 1946 et
3169 1881 3549 1964 integritate
3606 1881 3784 1946 vitae
3828 1893 4231 1959 exercerent,

2298 1974 2367 2032 et
2410 1965 2493 2033 ad
2547 1967 2825 2033 salutem
2873 1970 3044 2034 viam
3091 1975 3568 2033 monstrarent:
3627 1965 3740 2032 sed
3786 1966 3935 2048 quis
3976 1965 4236 2031 illorum

2300 2053 2425 2118 ista
2464 2054 2741 2118 curant?
2804 2054 2981 2121 Sane
3026 2054 3080 2119 si
3128 2053 3276 2118 Iesu
3321 2052 3569 2118 Christi
3616 2052 3893 2136 vestigia
3935 2062 4001 2115 et
4044 2072 4229 2117 man·

2300 2137 2454 2203 data
2506 2148 2870 2223 sequuntur
2915 2136 3214 2222 operibus
3271 2137 3336 2202 id
3392 2137 3807 2203 manifestum
3853 2136 4093 2203 debent
4133 2139 4227 2201 fa-

2298 2245 2465 2291 cere.
2551 2224 2682 2291 Sed
2741 2226 2889 2307 quis
2933 2223 3200 2289 obsecro
3258 2226 3432 2289 inter
3474 2223 3620 2288 illos
3664 2223 3821 2289 ordo
3864 2233 3983 2303 est,
4024 2243 4229 2307 purae

2297 2310 2603 2394 religioni
2646 2309 3163 2376 consentaneus?
3209 2309 3533 2375 Dominus
3570 2310 3745 2374 enim
3782 2319 4006 2375 noster
4039 2308 4227 2373 Iesus

2300 2395 2609 2462 Christus
2644 2416 2848 2478 quum
2884 2396 2950 2461 in
2991 2394 3259 2461 ecclesia
3292 2406 3586 2480 pastores
3620 2394 3977 2475 constituit,
4020 2393 4232 2458 noluit

2297 2481 2491 2566 genio
2527 2480 2868 2566 indulgere
2902 2493 2969 2548 et
3004 2482 3132 2545 otio
3168 2490 3443 2566 torpere,
3488 2479 3602 2546 sed
3638 2479 3929 2546 sedulam
3965 2500 4230 2563 operam

2297 2564 2590 2634 docendo
2663 2569 2898 2651 populo
2959 2586 3223 2645 navare,
3305 2567 3643 2651 eidemque
3720 2577 3857 2631 tam
3936 2563 4233 2631 doctrina

2297 2673 2494 2804 guam
2555 2653 2741 2719 bonis
2800 2653 3101 2737 operibus
3157 2662 3226 2718 et
3267 2656 3439 2720 vitae
3482 2651 3915 2719 sanctimonia
3958 2651 4228 2733 praeire.

2352 2737 2430 2804 ed
2500 2736 2600 2805 illi
2659 2760 2826 2822 qnae
2881 2738 3209 2805 Dominus
3267 2748 3487 2805 noster
3529 2738 3875 2813 ordinavit,
3936 2736 4231 2802 funditus

2298 2832 2620 2891 evertunt.
2708 2825 2815 2890 Ex
2876 2824 3109 2907 quibus
3171 2834 3441 2908 apparet
3506 2825 3733 2889 inanes
3800 2821 3944 2887 illos
4010 2822 4233 2887 titulos

2298 2910 2538 2993 quibus
2581 2909 2693 2975 isti
2735 2909 3121 2996 gloriantur,
3168 2930 3299 2975 non
3346 2918 3603 2975 tantum
3646 2907 3994 2974 ridiculum
4041 2905 4227 2989 quid-

2296 2996 2450 3062 dam
2492 3016 2651 3075 esse,
2711 2995 2824 3063 sed
2868 2997 3141 3080 impium
3199 3004 3267 3061 et
3309 2995 3435 3080 ipsi
3477 2994 3622 3060 Deo
3666 2992 4226 3060 contumeliosum.

2297 3081 2446 3163 Quo
2505 3080 2679 3147 enim
2737 3082 2900 3162 iure,
2985 3082 3086 3149 vel
3136 3102 3333 3164 quam
3389 3078 3808 3163 impudenter
3858 3079 4076 3162 potius
4129 3077 4231 3143 illi

2295 3188 2365 3234 se
2399 3178 2696 3251 pastores
2738 3169 2959 3235 ovium
3006 3166 3250 3245 dicunt,
3297 3168 3404 3251 qui
3448 3166 3585 3249 lupi
3626 3174 3784 3229 sunt
3827 3183 4109 3248 rapaces,
4166 3173 4233 3228 et

2344 3253 2522 3320 rocul
2568 3251 2808 3319 absunt
2849 3254 2931 3320 ab
2975 3272 3052 3320 eo
3095 3274 3364 3320 munere
3399 3272 3526 3337 quo
3563 3260 3784 3316 tamen
3819 3248 4230 3337 gloriantur?

2295 3275 2740 3421 Quamobrem
2785 3338 3284 3424 diligentissime
3319 3333 3795 3405 observandum
3839 3335 4009 3420 quod
4045 3333 4228 3401 audi-

2295 3447 2443 3492 mus
2495 3425 2621 3492 hoc
2663 3425 2835 3492 loco:
2895 3424 3246 3510 prophetas
3289 3446 3424 3491 non
3478 3423 3668 3488 titulo
3712 3433 3904 3488 tenus
3949 3428 4230 3503 vocatos,

2295 3520 2371 3577 ut
2409 3511 2572 3577 istos
2614 3510 2902 3595 pseudo·
2922 3521 3209 3596 pastores
3266 3510 3616 3594 papisticos
3656 3508 3962 3574 inanibus
4004 3507 4233 3592 elogiis

2297 3597 2519 3663 ornari
2565 3595 2881 3676 videmus,
2926 3597 3042 3663 sed
3081 3618 3309 3662 revera
3352 3595 3793 3680 prophetasse,
3837 3593 3905 3659 id
3951 3600 4054 3659 est
4097 3614 4231 3658 non

2296 3683 2481 3749 inani
2525 3682 2806 3765 quadam
2842 3682 3153 3749 iactantia
3194 3682 3609 3766 superbiisse,
3654 3679 3769 3746 sed
3813 3679 3883 3744 in
3919 3679 4049 3746 Dei
4092 3677 4236 3763 lege

2297 3790 2369 3835 se
2414 3768 2802 3847 exercuisse,
2848 3779 2914 3834 et
2957 3768 3023 3833 in
3070 3766 3247 3833 illius
3284 3766 3581 3834 doctrina
3614 3785 3758 3831 sese
3793 3765 4237 3844 confirmasse,

2298 3860 2374 3920 ut
2432 3853 2731 3920 fidelium
2791 3854 3123 3921 doctorum
3182 3853 3393 3919 officio
3448 3852 3901 3937 fungerentur.
4006 3850 4233 3930 Quare

2299 3940 2407 4006 hic
2467 3939 2651 4006 locus
2716 3949 2818 4006 est
2880 3939 3335 4005 observatione
3393 3935 3652 4023 dignus,
3722 3958 3805 4002 ne
3862 3936 4046 4002 falsis
4102 3936 4233 4002 illis

2301 4024 2511 4093 titulis
2594 4026 2830 4108 quibus
2894 4024 3189 4090 homines
3254 4024 3621 4110 gloriantur
3682 4042 4232 4089 commoveamur.

2297 4112 2552 4180 Idcirco
2615 4111 2771 4178 alibi
2839 4110 3158 4194 propheta
3228 4111 3521 4176 minatur
3591 4109 3672 4175 iis
3724 4110 3837 4191 qui
3893 4108 4230 4175 scientiam

2298 4198 2689 4276 reiecerunt,
2750 4196 2887 4263 sore
2930 4206 3005 4261 ut
3045 4196 3444 4273 reiiciantur,
3488 4215 3573 4261 ne
3616 4194 3889 4260 Domini
3933 4191 4232 4259 sacerdo-

2300 4295 2397 4352 tes
2460 4283 2843 4351 habeantur.
2932 4282 3140 4347 Porro
3198 4303 3325 4347 vox
3391 4281 3504 4347 illa
3556 4279 3863 4347 Scientiae
3925 4299 4055 4344 non
4114 4297 4232 4362 pro

2299 4370 2670 4454 cognitione
2734 4377 2802 4435 et
2865 4367 3315 4452 intelligentia,
3387 4366 3501 4433 sed
3566 4385 3685 4451 pro
3750 4363 4232 4449 praedicatione

2298 4455 2634 4541 accipitur,
2678 4456 2859 4538 quasi
2897 4454 3083 4520 Deus
3126 4453 3207 4519 iis
3250 4451 3548 4520 omnibus
3591 4451 3705 4535 qui
3738 4450 3967 4517 haberi
4002 4447 4236 4514 volunt

2299 4551 2597 4628 pastores
2651 4547 2718 4606 et
2771 4540 3063 4607 doctores
3117 4539 3423 4607 ecclesiae
3468 4537 3887 4603 denuntiaret
3931 4555 4059 4600 non
4106 4533 4235 4598 alia

2298 4629 2556 4695 ratione
2613 4627 2768 4703 fore,
2827 4647 3038 4709 neque
3098 4625 3397 4691 habitum
3454 4623 3536 4689 iri
3589 4631 3876 4706 pastores
3936 4640 4132 4704 quam
4176 4619 4233 4685 si

2300 4735 2462 4799 pure
2504 4720 2574 4779 et
2614 4712 2866 4779 sincere
2901 4711 3027 4777 Dei
3068 4710 3343 4777 verbum
3388 4708 3792 4795 praedicent:
3837 4726 3913 4773 ac
3955 4702 4232 4789 proinde

2298 4801 2357 4867 si
2401 4799 2470 4865 id
2514 4819 2646 4864 non
2689 4797 2962 4865 fecerint
2994 4798 3223 4863 inanes
3258 4805 3324 4863 et
3356 4796 3574 4861 irritos
3616 4794 3776 4859 istos
3811 4791 3951 4859 fore
3986 4790 4232 4857 titulos.

2300 4886 2483 4952 Deus
2529 4884 2710 4950 enim
2754 4894 2977 4968 aperte
3021 4883 3308 4951 declarat
3349 4903 3420 4947 se
3462 4901 3597 4945 non
3636 4877 3876 4944 habere
3920 4897 4039 4962 pro
4085 4874 4234 4942 doc-

2300 4971 2551 5038 toribus
2569 4980 2635 5036 et
2655 4968 3026 5054 pastoribus
3049 4990 3157 5035 eos
3179 4968 3291 5051 qui
3327 4967 3661 5034 scientiam
3698 4984 3833 5030 non
3866 4962 4133 5043 habent,
4167 4962 4233 5027 id

2301 5066 2420 5136 est,
2458 5058 2726 5140 quinon
2749 5063 2905 5124 sunt
2919 5055 3052 5139 apti
3084 5064 3148 5119 et
3174 5052 3389 5120 idonei
3416 5050 3497 5118 ad
3519 5050 3791 5118 verbum
3815 5050 4023 5134 ipsius
4045 5069 4233 5133 prae-

2303 5142 2672 5221 dicandum,
2718 5151 2786 5207 et
2823 5141 2936 5225 qui
2980 5159 3115 5205 non
3157 5140 3521 5224 funguntur
3554 5157 3864 5204 verorum
3898 5143 4233 5221 pastorum

2303 5230 2513 5296 officio
2559 5229 2629 5294 in
2673 5226 3014 5312 pascendis
3056 5223 3385 5311 gregibus,
3443 5222 3559 5292 sed
3600 5223 3822 5309 potius
3866 5243 4011 5292 esse
4052 5220 4242 5305 lupos
