5059 6059
271 344 383 412 269

268 541 416 600 stat:
469 529 706 612 vixque
758 528 902 594 fieri
969 535 1185 612 potest
1230 527 1409 614 quin,
1454 528 1617 596 adeo
1659 529 1921 613 stupido
1962 538 2029 596 et
2071 528 2185 595 he-

269 620 383 685 beti
424 616 642 682 animo
683 635 937 693 sumus,
993 615 1048 680 si
1093 615 1281 682 Deus
1321 634 1572 680 moram
1622 615 1907 699 aliquam
1950 617 2019 681 in
2066 637 2180 681 no·

267 706 356 772 bis
393 699 774 769 adinvandis
798 701 1037 777 fecerit,
1083 701 1291 767 nostri
1337 700 1611 767 oblitum
1658 699 1845 766 illum
1886 722 2031 767 esse
2065 723 2183 767 no·

269 790 356 856 bis
393 785 914 874 persuadeamus.
1003 785 1224 868 Quare
1270 785 1584 853 adversus
1626 787 1994 853 istiusmodi
2040 798 2181 852 ten-

268 875 525 942 tationes
568 872 662 938 sic
702 871 1085 938 luctandum
1129 883 1232 939 est
1276 882 1349 938 ut
1391 873 1785 938 eluctemur:
1832 873 1944 939 sed
1982 876 2180 939 inter·

270 963 350 1028 im
389 959 552 1044 quod
589 959 872 1024 terrenis
916 956 1216 1024 sensibus
1261 979 1394 1023 non
1441 978 1827 1043 possumus,
1873 959 2182 1042 quamdiu

264 1049 324 1114 in
364 1047 462 1112 his
506 1045 697 1110 terris
740 1043 1056 1127 degimus,
1102 1044 1295 1128 plane
1332 1044 1735 1125 renunciare,
1792 1044 2034 1112 idcireo
2078 1067 2182 1111 sa-

267 1154 363 1200 cra
401 1133 720 1213 scriptura
763 1151 880 1196 nos
903 1152 986 1195 ex
1011 1141 1235 1195 nostra
1268 1129 1783 1214 apprehensione
1819 1130 2182 1196 balbutien-

264 1229 353 1285 tes
411 1217 643 1283 tolerat
710 1226 777 1281 et
819 1215 1123 1282 accedere
1181 1217 1502 1300 permittit
1555 1215 1636 1281 ad
1710 1215 1951 1282 Deum.
2053 1217 2183 1282 'ra-

266 1306 349 1371 les
408 1302 794 1387 plerumque
849 1312 1007 1366 sunt
1085 1302 1244 1367 istae
1309 1313 1684 1367 sanctorum
1763 1324 1987 1381 voces,
2047 1303 2183 1368 Do-

265 1391 422 1456 mine
479 1409 797 1473 exsurge,
856 1387 1140 1453 Domine
1195 1408 1401 1471 usque
1443 1387 1614 1470 quo?
1716 1386 1940 1469 Quare
1998 1387 2184 1454 dissi·

263 1473 500 1542 mulas?
546 1472 773 1555 Quare
815 1472 1039 1557 procul
1084 1471 1451 1539 recessisti?
1504 1472 1727 1554 Quare
1770 1475 1978 1539 nostri
2022 1473 2181 1538 obli·

262 1572 357 1629 tus
399 1558 513 1628 es?
601 1559 832 1641 Quare
902 1560 1137 1625 faciem
1201 1566 1381 1624 tuam
1428 1580 1467 1623 a
1508 1558 1694 1624 nobis
1738 1557 2179 1625 abscondisti?

264 1647 464 1730 Quare
504 1666 629 1724 me,
674 1644 977 1725 Domine,
1024 1667 1243 1710 rerum
1287 1645 1578 1710 omnium
1625 1666 1902 1730 egenum
1948 1644 2182 1710 dereli-

263 1731 492 1818 quisti?
537 1743 603 1797 et
632 1731 883 1796 similes
925 1731 1291 1815 pleraeque,
1338 1730 1525 1808 aliae,
1554 1731 1692 1796 Deo
1718 1732 1986 1797 minime
2028 1752 2180 1798 con-

263 1822 575 1885 venientes
620 1816 947 1900 querelae,
990 1816 1104 1883 sed
1148 1818 1381 1900 quibus
1427 1816 1616 1899 quasi
1660 1816 2074 1883 audentiores
2118 1828 2184 1883 et

269 1904 749 1970 confidentiores
795 1902 877 1968 ad
924 1903 1141 1969 Deum
1186 1902 1568 1985 suppliciter
1611 1901 2071 1982 invocandum,
2118 1913 2186 1968 et

274 1992 440 2074 quasi
477 1989 891 2055 familiariter
935 1987 1431 2072 deprecandum,
1477 1997 1546 2052 et
1574 1986 1657 2052 ad
1684 1998 1935 2054 nostras
1961 2010 2183 2055 omnes

274 2076 361 2140 illi
400 2096 572 2140 curas
641 2084 712 2141 et
776 2072 1253 2141 sollicitudines
1321 2071 1776 2152 declarandas,
1844 2075 2182 2141 efficimur.

273 2162 543 2245 Namque
600 2171 687 2226 ut
744 2180 814 2226 se
872 2171 1139 2225 nostrae
1188 2157 1463 2225 ruditati
1507 2159 1977 2239 accommodet,
2026 2182 2184 2245 quo·

273 2244 620 2332 dammodo,
686 2255 761 2312 ut
806 2248 896 2311 ita
939 2246 1182 2325 dicam,
1232 2266 1373 2311 sese
1418 2246 1863 2311 transformat.
1953 2247 2182 2313 Caete-

270 2354 399 2398 rum
440 2332 638 2399 Anna
699 2343 921 2398 votum
988 2330 1153 2396 illud
1240 2332 1331 2395 ita
1375 2351 1786 2413 nuncupasse
1831 2329 1981 2399 Deo
2025 2331 2183 2399 dici-

271 2430 381 2500 tur,
420 2431 491 2483 ut
530 2440 662 2484 non
709 2418 931 2483 verbis
976 2419 1326 2499 conceptis,
1372 2414 1484 2482 sed
1530 2416 1667 2481 sola
1710 2427 1928 2482 mente
1964 2417 2183 2483 Deum

272 2504 582 2588 alloquuta
654 2504 763 2583 sit,
829 2501 981 2568 licet
1040 2503 1342 2568 incautae
1420 2500 1591 2566 labia
1655 2523 1736 2568 ex
1805 2502 2182 2569 vehementi

270 2591 483 2656 mentis
547 2593 791 2655 affectu
818 2639 834 2670 ‚
910 2588 1142 2672 lingua
1206 2598 1423 2652 tamen
1493 2592 1709 2671 quieta
1773 2599 2182 2655 moveantur.

271 2676 692 2757 Quamobrem
758 2676 991 2739 merito
1050 2693 1262 2739 novus
1326 2682 1392 2738 et
1456 2672 1740 2739 insolens
1799 2675 1906 2740 hic
1964 2693 2186 2759 gestus

270 2761 455 2827 videri
497 2769 794 2845 poterat,
851 2761 1019 2826 hanc
1070 2759 1409 2825 mulierem
1471 2759 1610 2825 sola
1668 2770 2184 2828 commoventem

269 2848 419 2914 labia
458 2846 908 2914 intuentibus:
966 2866 1133 2927 quae
1167 2865 1366 2910 causa
1388 2843 1593 2910 Helin
1635 2846 1897 2928 impulit
1931 2856 2007 2911 ut
2043 2869 2185 2913 sus·

269 2935 575 3017 picaretur
633 2932 883 2998 ebriam
904 2984 920 3011 ,
986 2932 1377 3013 domumque
1433 2930 1812 2996 amandaret
1832 2982 1851 3012 ,
1910 2953 1993 2997 ne
2056 2930 2186 2997 Dei

270 3020 732 3099 sanctuarium,
787 3015 954 3101 quod
1012 3016 1304 3100 oportuit
1360 3027 1659 3081 sanctum
1705 3024 1771 3081 et
1811 3016 2185 3084 inviolabile

270 3125 409 3185 esse,
448 3105 848 3190 profanaret.
937 3103 1147 3169 Porro
1206 3122 1339 3167 non
1383 3121 1452 3167 se
1495 3104 1662 3179 vino,
1714 3124 1842 3167 non
1889 3103 2184 3184 cervisia,

271 3212 381 3256 non
422 3193 547 3257 alia
591 3187 915 3256 eiusmodi
957 3188 1190 3272 quavis
1234 3188 1496 3271 potione
1529 3187 1937 3270 inebriatam,
1984 3211 2022 3253 a
2059 3210 2187 3273 qua

270 3297 513 3360 prorsus
556 3275 987 3356 abstinuerit,
1028 3273 1143 3339 sed
1190 3295 1260 3340 se
1302 3274 1604 3339 maximis
1648 3275 1827 3340 curis
1871 3283 1938 3338 et
1982 3275 2186 3340 animi

270 3362 591 3442 molestiis,
703 3382 820 3426 uas
875 3360 1100 3512 {agisis
1156 3358 1475 3425 sacerdoti
1520 3359 1800 3442 explicat
1843 3361 2183 3445 perturba·

272 3457 385 3513 tam
427 3469 659 3532 respon
710 3459 792 3513 et.
983 3467 1050 3510 m
1094 3465 1253 3511 vero
1297 3444 1615 3522 sacerdos,
1655 3466 1772 3511 sua
1814 3467 1960 3511 cum
2005 3444 2186 3512 illius

272 3535 421 3599 votis
459 3535 888 3618 coniungens,
934 3530 1197 3596 domum
1242 3552 1404 3611 eam,
1447 3551 1671 3615 pacem
1709 3531 1805 3596 illi
1842 3533 2007 3598 bene
2040 3553 2184 3617 pre·

269 3629 460 3704 catus,
517 3619 816 3686 dimittit.
902 3617 1009 3684 Ex
1067 3618 1300 3700 quibus
1361 3627 1662 3700 apparet,
1708 3639 1836 3683 non
1885 3639 2071 3701 posse
2115 3621 2183 3683 in

265 3707 614 3790 exemplum
665 3704 930 3789 singula
974 3723 1315 3768 servorum
1362 3703 1486 3768 Dei
1529 3703 1698 3769 facta
1741 3705 1885 3769 sine
1930 3704 2183 3770 delectu

265 3790 438 3867 trahi,
480 3791 639 3875 quin
691 3809 933 3874 magna
977 3789 1047 3854 in
1094 3787 1433 3855 ecelesiam
1482 3809 1698 3853 rerum
1744 3790 2038 3856 confusio
2080 3790 2186 3854 in-

267 3875 543 3942 vehatur.
637 3876 890 3942 Multos
945 3876 1187 3959 passim
1249 3872 1478 3938 videas
1531 3874 1908 3959 hypocritas
1967 3877 2184 3941 Deum

266 3964 491 4043 precari
534 3983 673 4028 non
719 3979 907 4046 posse
949 3961 1105 4044 quin
1166 3980 1312 4026 cum
1370 3959 1692 4024 labiorum
1737 3973 1916 4026 motu
1962 3982 2183 4045 preca·

270 4046 570 4115 tiuncnlas
615 4066 773 4115 suas
818 4046 1347 4112 demurmurent:
1395 4066 1671 4128 quorum
1718 4048 2006 4112 maxime
2049 4047 2181 4113 cul-

269 4133 464 4215 panda
503 4146 624 4214 est,
673 4155 804 4199 non
851 4142 1108 4197 tantum
1154 4130 1463 4215 stultitia,
1520 4133 1632 4196 sed
1679 4131 1962 4211 ambiti0,
2010 4133 2183 4216 quod

266 4216 368 4281 illa
406 4218 1004 4285 demut-mutatione
1057 4215 1398 4302 gloriolam
1460 4216 1539 4282 ab
1599 4217 1974 4284 hominibus
2034 4219 2183 4284 reli-

268 4305 580 4386 giosorum
666 4305 1059 4388 piorumque
1123 4304 1416 4369 virorum
1483 4324 1610 4368 non
1687 4305 1975 4369 contenti
2042 4305 2186 4370 Deo

270 4399 414 4456 teste
456 4401 887 4476 aucupentur.
956 4390 1198 4455 Verum
1245 4391 1761 4472 quotiescunque
1786 4410 2010 4473 preces
2044 4392 2181 4456 lau-

269 4473 358 4541 dis
396 4488 459 4542 et
503 4477 752 4562 gloriae
809 4475 1022 4542 studio
1083 4475 1165 4541 ab
1214 4473 1587 4539 hominibus
1643 4485 1992 4560 conceptae
2045 4479 2186 4541 fue-

268 4560 415 4642 rint,
465 4562 737 4647 perinde
780 4562 928 4628 illas
973 4581 1117 4627 esse
1159 4559 1493 4627 sciendum
1541 4571 1640 4625 est
1684 4581 1758 4627 ac
1801 4562 1856 4626 si
1902 4562 2187 4628 nubibus

270 4645 475 4714 irritae
516 4647 852 4714 darentur.
940 4646 1155 4711 Deum
1219 4656 1435 4711 autem
1497 4656 1870 4730 precaturos
1930 4657 2189 4731 oportet

272 4744 473 4799 mente
538 4734 623 4800 ad
690 4737 903 4818 ipsum
973 4753 1177 4816 usque
1244 4752 1431 4797 assur
1478 4752 1604 4797 ere.
1712 4732 1905 4797 Absit
1969 4744 2183 4798 autem

274 4817 518 4885 Annam
587 4822 652 4885 in
729 4818 1217 4905 hypocritarum
1296 4753 1665 4902 cataffogum
1744 4840 1967 4902 preces
2043 4821 2186 4886 sine

273 4915 476 4970 mente
520 4905 1163 4971 demurmurantium
1207 4903 1596 4980 referamus,
1644 4915 1757 4968 aut
1800 4904 2057 4969 inanem
2105 4906 2184 4972 ab

274 4987 401 5072 ipsa
429 4990 708 5075 gloriam
739 4991 1099 5076 quaesitam
1146 4989 1539 5074 cogitemus,
1584 4989 1693 5056 sed
1742 4990 1957 5074 potius
2002 4992 2188 5074 quasi

275 5083 447 5141 extra
487 5099 556 5142 se
598 5077 898 5160 positam,
942 5098 1026 5143 ex
1070 5075 1444 5141 vehementi
1474 5076 1714 5141 mentis
1750 5075 2005 5155 affectu,
2054 5077 2186 5141 De-

277 5177 378 5225 um
414 5162 829 5247 compellam
871 5162 1058 5229 nobis
1100 5159 1627 5246 persuadeamus.

434 5247 902 5315 Verumtamen
949 5258 1015 5315 et
1057 5246 1181 5312 hoc
1226 5247 1738 5328 observandum,
1783 5267 1976 5331 saepe
2016 5248 2192 5312 inter
2294 5247 2580 5313 Fallitur
2657 5257 2875 5313 tamen
2943 5248 3262 5331 opinione.

1712 5339 1735 5372 N

1601 339 1702 406 IN
1759 339 1815 407 I.
1861 339 2043 406 LIB.
2089 337 2495 408 SAMUEL.
2556 339 2754 407 OAP.
2801 338 2854 407 1.

4094 343 4223 412 270

2285 528 2684 612 precandum
2730 528 2926 594 etiam
2965 550 3037 594 os
3080 536 3146 595 et
3186 528 3358 596 labia
3402 551 3545 598 esse
3587 531 3991 614 adhibenda,
4051 535 4220 618 quod

2287 615 2597 680 nimirum
2643 623 2828 680 tanta
2871 615 2960 680 sit
3002 625 3264 682 nostrae
3297 618 3537 683 mentis
3575 618 3827 698 levitas,
3852 630 3931 686 ut
3950 619 4223 689 subinde

2289 702 2490 768 variis
2535 700 3037 785 cogitationibus
3091 722 3315 786 preces
3375 713 3640 770 nostrae
3689 704 3899 771 veluti
3957 706 4222 791 quibus-

2288 786 2437 851 dam
2482 784 2789 853 fluctibus
2829 788 3236 871 frangantur,
3285 810 3443 872 quas
3488 811 3652 874 pura
3694 803 3913 857 mente
3968 792 4222 878 concipi

2287 873 2597 956 oportuit.
2689 870 2908 953 Quam
2968 874 3420 940 infirmitatem
3480 877 3848 958 superaturi
3915 877 4223 944 ardenter

2288 957 2506 1024 Deum
2554 978 2777 1037 orare,
2834 969 2899 1023 et
2955 979 3086 1024 non
3138 971 3393 1026 tantum
3438 960 3757 1027 labiorum
3802 964 3916 1029 sed
3955 963 4223 1050 lingua·

2288 1065 2437 1109 rum
2495 1046 2692 1109 etiam
2754 1056 2935 1109 motu
2999 1064 3120 1111 nos
3162 1045 3339 1129 ipsos
3383 1048 3705 1128 excitare,
3764 1056 4221 1134 torporemque

2289 1129 2617 1196 discutere
2682 1129 3010 1196 debemus.
3096 1128 3405 1217 (Precum
3470 1155 3626 1200 vero
3693 1135 4077 1201 solemnium
4146 1156 4222 1203 ac

2286 1215 2700 1299 publicarum
2747 1217 2938 1301 longe
2982 1216 3109 1282 alia
3155 1220 3318 1283 ratio
3363 1229 3496 1284 est:
3554 1240 3705 1284 nam
3762 1221 3834 1286 in
3890 1220 4024 1286 illis
4067 1242 4219 1288 con-

2288 1314 2475 1385 cepta
2513 1300 2713 1369 verba
2747 1301 2922 1368 clare
2956 1314 3024 1367 et
3059 1302 3358 1369 distincte
3393 1306 3914 1389 pronuntiamus.
3963 1316 4037 1372 ιιι
4070 1328 4221 1372 con-

2289 1389 2531 1454 iunctis
2578 1389 2743 1454 votis
2788 1388 3033 1454 mutuis
3080 1389 3292 1454 Deum
3337 1390 3762 1477 invocemus).
3852 1391 4025 1474 Quin
4090 1395 4220 1461 imo

2292 1494 2757 1557 nonnunquam
2782 1473 3031 1558 lingua,
3077 1486 3386 1557 tanquam
3434 1475 3691 1542 subdito
3736 1477 4003 1558 calcare,
4046 1478 4219 1564 cogi·

2290 1560 2572 1624 tationes
2616 1569 2680 1624 et
2726 1573 2975 1625 mentes
3013 1571 3289 1639 nostrae,
3335 1560 3577 1645 alioqui
3621 1564 4039 1644 remissiores,
4097 1564 4219 1630 etsi

2291 1666 2427 1709 non
2484 1654 2796 1728 perpetua
2855 1646 3148 1711 oratione
3209 1645 3318 1711 sed
3379 1649 3775 1731 interrupta,
3829 1650 4218 1716 excitantur.

2288 1730 2517 1814 Neque
2577 1731 2755 1795 enim
2822 1729 3042 1797 fideles
3098 1731 3446 1798 verborum
3513 1731 3673 1798 adeo
3731 1744 3886 1799 sunt
3943 1735 4220 1817 solliciti,

2288 1816 2402 1882 sed
2449 1836 2652 1882 unum
2699 1827 2813 1881 aut
2855 1816 3132 1883 alterum
3180 1817 3389 1896 effati,
3450 1839 3673 1902 preces
3731 1827 3951 1885 tamen
3995 1830 4221 1887 mente

2288 1913 2350 1966 et
2398 1902 2620 1967 animo
2667 1902 2836 1986 apud
2883 1901 3101 1969 Deum
3148 1904 3459 1969 continua
3512 1905 3681 1971 serie
3738 1905 4041 1971 fundunt.
4131 1907 4221 1972 Et

2287 1987 2486 2056 veluti
2550 2009 2678 2052 non
2739 2009 2995 2072 semper
3053 2010 3215 2073 equo
3258 1989 3471 2055 calcar
3509 1988 3883 2071 subdimus,
3941 1991 4219 2058 nimium

2289 2074 2577 2157 alioquin
2624 2074 2963 2154 irritando,
3008 2074 3121 2139 sed
3167 2096 3637 2158 nonnunquam
3684 2084 3942 2142 tantum
3978 2089 4053 2142 ut
4093 2078 4222 2142 for-

2289 2160 2420 2225 tius
2468 2168 2603 2225 eat:
2660 2161 2754 2226 sic
2813 2158 3100 2226 fidelium
3160 2161 3228 2226 in
3289 2161 3615 2245 precando
3674 2161 3944 2229 tarditas
3997 2164 4220 2247 paucis

2289 2246 2538 2328 aliquot
2580 2246 3020 2330 pronuntiatis
3066 2246 3282 2313 verbis
3325 2247 3696 2332 corrigitur.
3764 2248 3855 2312 Et
3900 2248 3979 2314 de
4023 2253 4221 2316 Anna

2291 2329 2594 2415 quidem,
2650 2331 2827 2396 inter
2869 2333 3267 2416 precandum
3313 2354 3394 2397 ex
3430 2333 3668 2399 affectu
3713 2333 4088 2400 vehementi
4132 2335 4226 2400 la-

2290 2416 2399 2483 bia
2438 2428 2907 2502 commovente,
2943 2427 3008 2483 et
3045 2419 3185 2484 sine
3223 2417 3641 2484 simulatione
3666 2417 3880 2485 Deum
3918 2428 4230 2504 precante

2296 2502 2640 2568 hactenus.
2731 2503 2926 2569 'Pales
2970 2504 3249 2570 Davidis
3308 2525 3558 2588 preces,
3618 2525 3747 2570 non
3809 2506 4000 2571 modo
4056 2505 4227 2590 apud

2292 2590 2512 2654 Deum
2558 2589 3072 2672 expostulantis,
3131 2592 3244 2655 sed
3299 2592 3496 2656 etiam
3543 2591 3753 2656 instar
3796 2591 4003 2656 leonis
4045 2593 4224 2677 rugi·

2291 2675 2479 2739 entis.
2569 2675 2763 2739 'Pales
2807 2677 3002 2739 etiam
3049 2674 3400 2756 Ezechiae,
3460 2675 3736 2742 dicentis
3792 2698 3861 2742 se
3906 2678 3974 2740 in
4019 2678 4223 2745 afflic-
4331 2697 4335 2701 ’

2293 2760 2465 2825 tione
2508 2781 2629 2825 sua
2672 2759 2751 2826 ad
2793 2760 3009 2826 Deum
3054 2760 3442 2827 clamavisse
3498 2768 3573 2826 ut
3630 2761 3880 2845 pullum
3926 2761 4226 2828 hirundi-

2292 2846 2417 2926 nis,
2461 2844 2852 2928 doloresque
2895 2867 3047 2913 suos
3091 2846 3186 2911 illi
3230 2867 3362 2912 non
3407 2847 3696 2912 oratione
3737 2847 4065 2927 meditata,
4110 2848 4224 2914 sed

2289 2953 2438 2997 cum
2481 2930 2834 3016 gemitibus
2877 2950 2952 2996 ac
2988 2931 3381 3018 singultibus
3426 2933 3820 3016 exposuisse.
3909 2930 4022 3000 Sic
4067 2935 4223 2999 fide-

2289 3018 2384 3082 les
2442 3018 2879 3101 conspicimus
2935 3039 3070 3083 non
3132 3016 3602 3102 praemeditata
3655 3017 3854 3085 verba
3909 3018 4223 3103 quodam-

2288 3103 2481 3169 modo
2517 3102 2835 3187 proiicere
2879 3112 2947 3168 et
2983 3101 3305 3169 balbutire
3339 3102 3513 3168 inter
3547 3103 3985 3187 precandum:
4026 3112 4222 3187 atque

2291 3210 2417 3272 qno
2460 3188 2818 3271 simplicior
2861 3208 3083 3254 eorum
3129 3198 3233 3255 est
3271 3189 3501 3273 oratio,
3544 3210 3620 3254 eo
3655 3188 3897 3255 certius
3933 3191 4220 3256 testimo-

2290 3276 2477 3341 nium
2518 3295 2653 3338 non
2698 3274 2888 3339 fictae
2932 3283 3049 3340 aut
3089 3274 3436 3340 simulatae
3479 3294 3608 3358 qua
3654 3272 3870 3341 Deum
3918 3275 4225 3342 invocant

2287 3381 2430 3427 esse
2474 3358 2644 3424 fidei.
2733 3358 3183 3441 Quamobrem
3226 3358 3443 3426 danda
3485 3360 3670 3426 nobis
3714 3381 3930 3444 opera,
3976 3372 4050 3426 ut
4093 3382 4225 3427 om·

2287 3467 2438 3512 nem
2484 3443 2900 3511 ambitionem
2944 3457 3009 3512 et
3052 3445 3323 3530 gloriam
3369 3465 3586 3512 coram
3634 3445 4008 3512 hominibus
4052 3447 4220 3531 fugi-

2286 3552 2507 3614 amus,
2575 3530 2692 3596 sed
2737 3529 2881 3596 Deo
2919 3541 3290 3597 nostrarum
3336 3532 3798 3616 cogitationum
3845 3541 3912 3596 et
3954 3531 4222 3598 affectu-

2284 3639 2398 3683 um
2456 3625 2623 3682 teste
2675 3618 2965 3682 contenti
3022 3619 3261 3683 simus:
3321 3617 3599 3700 denique
3655 3617 4019 3683 certissima
4062 3618 4222 3683 haee

2285 3726 2426 3769 esse
2471 3701 2662 3768 debet
2704 3723 2969 3786 precum
3012 3703 3258 3784 regula,
3303 3714 3373 3768 ut
3418 3724 3501 3768 ex
3545 3704 3781 3780 animo,
3827 3703 3999 3769 sieut
4041 3703 4229 3769 docet

2287 3788 2511 3866 Isaiae,
2559 3788 3028 3873 concipiantur.
3118 3788 3298 3854 Nihil
3345 3789 3524 3855 enim
3567 3809 3757 3855 voces
3800 3790 4063 3869 inanes,
4123 3790 4221 3854 ni·

2287 3875 2381 3942 hil
2425 3873 2748 3939 labiorum
2786 3883 3001 3939 motus
3034 3872 3116 3939 ad
3149 3874 3627 3940 exauditionem
3678 3874 3849 3958 facit,
3893 3873 4005 3939 sed
4046 3874 4225 3940 solus

2287 3960 2488 4026 animi
2534 3959 2727 4024 ardor
2772 3960 2984 4024 Deum
3033 3972 3286 4025 movet:
3326 3960 3462 4025 sola
3507 3961 3748 4025 veritas
3783 3969 4003 4043 gratos
4045 3959 4221 4026 facit.

2286 4047 2593 4127 Linguae
2638 4065 2794 4112 vero
2831 4066 2990 4111 suus
3034 4049 3228 4110 etiam
3276 4045 3626 4129 aliquando
3696 4059 3795 4110 est
3838 4067 4028 4123 usus,
4095 4067 4223 4130 qua

2286 4132 2687 4199 incitatiores
2732 4145 2798 4196 et
2831 4131 3353 4197 vehementiores
3388 4153 3614 4215 preces
3649 4131 4043 4208 efficiuntur,
4081 4150 4224 4215 pro-

2284 4219 2482 4284 ximis
2523 4218 2764 4283 bonum
2811 4217 3183 4301 exemplum
3233 4218 3602 4300 praebetur,
3647 4239 3721 4285 ac
3757 4237 3972 4283 coram
4012 4216 4221 4283 homi·

2288 4304 2481 4369 nibus
2524 4302 2835 4368 solemnis
2895 4304 3305 4386 protestatio,
3368 4325 3485 4368 nos
3544 4303 3763 4368 omnia
3821 4312 4049 4368 nostra
4106 4301 4222 4366 uni

2285 4392 2430 4457 Deo
2474 4403 2741 4471 accepta
2785 4390 2987 4465 ferre,
3047 4388 3281 4455 editur.
3383 4388 3598 4473 Saepe
3659 4409 3815 4453 vero
3872 4388 4093 4453 evenit
4149 4397 4222 4452 nt

2285 4477 2458 4540 inter
2516 4474 2915 4558 precandum
2970 4494 3186 4541 coram
3249 4475 3619 4540 hominibus
3680 4474 3864 4539 stulti
3933 4475 4223 4556 fatuique

2286 4582 2741 4645 appareamus,
2787 4559 2959 4644 quod
3005 4560 3286 4626 incautis
3332 4560 3551 4627 neseio
3595 4561 3705 4644 qui
3749 4559 3881 4625 oris
3925 4568 4041 4624 aut
4084 4579 4224 4623 ma-

2286 4667 2492 4712 nuum
2565 4656 2790 4730 gestus
2859 4646 3163 4710 excidant
3238 4646 3726 4712 insolentiores:
3787 4665 4018 4709 verum
4076 4644 4218 4708 Deo

2286 4753 2398 4799 eor
2440 4742 2739 4798 nostrum
2785 4729 3131 4815 approbari
3173 4733 3333 4798 satis
3367 4742 3500 4798 est:
3544 4752 3708 4815 quae
3743 4750 3895 4814 pars
3929 4738 4032 4794 est
4075 4750 4220 4794 ora-

2288 4821 2490 4883 tionis
2534 4819 2857 4897 maxima,
2916 4817 3267 4883 dummodo
3326 4820 3466 4883 sine
3511 4818 3657 4882 fuco
3701 4830 3767 4881 et
3809 4814 4221 4882 simulatione

2286 4903 2367 4969 ad
2428 4904 2644 4970 Deum
2718 4903 3120 4970 accedamus.
3226 4903 3381 4968 Heli
3449 4902 3752 4985 deinceps
3808 4905 4070 4966 Annam
4132 4901 4227 4966 ita

2289 5010 2511 5074 preces
2558 4988 3158 5054 demurmurantem
3205 4991 3571 5071 increpasse
3617 4987 3884 5052 dicitur:
3930 4986 4101 5069 qnod
4138 5006 4224 5052 ex

2286 5075 2645 5141 sacerdotis
2688 5075 2904 5141 officio
2947 5074 3253 5141 faciebat:
3295 5075 3480 5140 cuius
3524 5080 3665 5137 erat
3706 5093 3969 5152 munus,
4013 5093 4219 5156 popu-

2293 5163 2426 5227 lum
2474 5182 2606 5227 non
2644 5171 2896 5227 tantum
2937 5161 3194 5244 publice
3236 5159 3347 5226 sed
3394 5161 3587 5223 etiam
3624 5159 3931 5243 privatim
3969 5157 4218 5225 docere.

3371 5244 3566 5311 Unde
3629 5252 3902 5329 apparet
3966 5244 4220 5310 nullum
