5059 6059
839 321 964 388 171

1436 511 1932 593 HOMILlA
1994 510 2211 594 LIX.

1027 681 1127 748 13.
1177 681 1352 746 Tulit
1394 700 1537 763 erqo
1584 678 1838 745 Samuel
1879 700 2078 746 cornu
2122 682 2263 761 olei,
2320 687 2376 746 et
2422 683 2611 747 unxit
2650 703 2791 748 eum

851 769 926 835 iu
965 767 1166 834 medio
1194 767 1478 849 fratrum
1512 765 1650 830 eius
1666 791 1686 829 .·
1727 770 1784 831 et
1816 765 2087 834 directus
2122 772 2215 833 est
2235 769 2505 849 spiritus
2527 767 2793 834 Domini

853 855 956 922 die
1009 852 1129 919 illa
1184 854 1257 916 in
1312 848 1533 916 David
1594 856 1649 915 et
1710 851 1997 934 deinceps
2010 878 2030 918 :
2091 874 2474 936 suryeusque
2532 851 2795 919 Samuel

856 939 1013 1006 abiit
1053 941 1124 1005 in
1169 936 1507 1003 Ramatba.
1599 937 1699 1002 14.
1763 936 2044 1019 Spiritus
2102 945 2308 1004 autem
2368 939 2637 1005 Domini
2689 960 2788 1005 re-

849 1022 1342 1096 eessitaSaul,
1398 1027 1452 1086 et
1507 1022 1859 1106 eaeayitabat
1914 1044 2053 1089 eum
2107 1026 2380 1106 spiritus
2436 1045 2788 1108 nequama

848 1111 1145 1180 Domino.
1237 1107 1338 1174 15.
1384 1107 1820 1190 Dixertmtque
1860 1110 2030 1175 servi
2075 1108 2238 1176 Saul
2277 1111 2362 1176 ad
2405 1131 2579 1176 eum.-
2631 1110 2790 1177 Ecce

843 1199 1116 1282 spiritus
1157 1195 1287 1263 Dei
1326 1193 1538 1260 malus
1579 1195 1858 1277 exayitat
1898 1199 1973 1260 te.
2067 1197 2165 1261 16.
2212 1196 2435 1262 Iubeat
2464 1195 2789 1262 Dominus

850 1288 1075 1356 noster,
1135 1287 1191 1348 et
1245 1282 1410 1346 servi
1466 1280 1560 1345 tui
1615 1282 1727 1363 qui
1785 1299 1994 1345 coram
2036 1286 2093 1347 te
2131 1287 2299 1362 eunt,
2341 1286 2638 1364 quaerent
2677 1282 2784 1348 bo·

850 1372 1082 1438 minem
1122 1367 1408 1434 scientem
1439 1365 1720 1447 psallere
1757 1365 2036 1432 cithara:
2090 1373 2160 1433 ut
2210 1368 2460 1449 quando
2502 1369 2787 1448 arripue-

847 1458 940 1523 rit
979 1462 1034 1521 te
1073 1453 1342 1537 spiritus
1363 1450 1490 1518 Dei
1524 1452 1752 1531 malus,
1789 1452 2029 1533 psallat
2067 1473 2266 1519 manu
2304 1475 2445 1530 sua,
2489 1459 2550 1520 et
2590 1454 2788 1519 levius

847 1543 1042 1627 ferae.
1112 1538 1211 1603 17.
1251 1536 1340 1603 Et
1371 1538 1466 1604 ait
1490 1535 1650 1602 Saul
1691 1538 1777 1603 ad
1818 1556 2030 1604 servos
2069 1559 2245 1605 suos:
2287 1538 2618 1607 Providete
2649 1560 2790 1623 erqo

852 1626 1011 1694 mibi
1052 1626 1323 1707 aliquem
1365 1623 1511 1688 bene
1548 1623 1931 1705 psallentem,
1973 1628 2031 1689 et
2073 1625 2359 1691 adducite
2390 1646 2532 1692 eum
2566 1626 2652 1692 acl
2672 1646 2788 1691 me.

857 1714 958 1780 18.
1026 1709 1117 1777 Et
1170 1708 1554 1791 respondeus
1611 1729 1781 1774 uuus
1835 1710 1912 1774 de
1957 1711 2198 1792 pueri-e,
2257 1713 2384 1776 ait.-
2437 1711 2599 1776 Ecce
2653 1712 2790 1777 vidi

851 1801 1060 1882 filium
1103 1795 1247 1862 1εαῖ
1289 1793 1790 1860 Bethlehemitem
1831 1796 2116 1861 scientem
2147 1796 2439 1878 psallere,
2477 1802 2534 1861 et
2570 1798 2788 1873 fortis·

851 1885 1087 1952 simum
1126 1882 1362 1964 robore,
1420 1885 1478 1946 et
1518 1881 1727 1945 virum
1780 1880 2147 1956 bellicosum,
2206 1886 2260 1948 et
2303 1883 2679 1962 prudentem
2717 1883 2789 1947 in

851 1970 1074 2047 verbi-⁹,
1132 1973 1185 2033 et
1240 1968 1452 2032 virum

856 2055 959 2122 19.
1003 2051 1193 2120 Misit
1245 2072 1388 2135 erqo
1434 2049 1594 2116 Saul
1634 2051 1899 2118 nuncios
1954 2053 2041 2118 acl
2086 2054 2244 2129 Isai‘,
2304 2054 2516 2119 dicens
2530 2079 2550 2119 .-
2608 2051 2791 2120 Mitte

853 2141 943 2210 ad
1022 2160 1120 2205 me
1186 2137 1405 2204 David
1476 2137 1685 2219 filium
1759 2142 1937 2202 tuum
2016 2139 2128 2220 qui
2203 2143 2292 2203 est
2365 2140 2436 2204 in
2505 2140 2785 2221 pascuis.

855 2227 961 2294 20.
1013 2224 1183 2291 Tulit
1220 2225 1431 2306 imaue
1477 2223 1619 2288 1εαῖ
1658 2223 1918 2288 asinum
1964 2223 2222 2303 plenum
2255 2225 2555 2307 panibus,
2596 2230 2653 2289 et
2693 2226 2789 2291 za-

853 2331 1076 2398 penam
1118 2311 1276 2390 viui,
1319 2313 1375 2373 et
1413 2307 1669 2390 hoedum
1712 2307 1786 2374 de
1827 2306 2043 2390 capris
2084 2330 2298 2390 unum,
2352 2316 2409 2376 et
2460 2312 2639 2377 misit
2668 2331 2790 2391 per

849 2417 1114 2464 manum
1155 2392 1376 2460 David
1425 2392 1553 2475 filii
1606 2393 1715 2459 sui
1773 2393 1979 2460 Sauli.
2067 2394 2172 2460 21.
2220 2395 2310 2460 Et
2361 2401 2527 2461 venit
2568 2394 2789 2462 David

855 2480 1148 2561 adSaul,
1181 2486 1236 2547 et
1272 2480 1438 2545 stetit
1476 2499 1687 2546 coram
1727 2500 1831 2545 eo.-
1874 2484 1941 2546 at
1981 2479 2087 2545 ille
2127 2481 2348 2547 dilexit
2387 2502 2529 2547 eum
2570 2482 2786 2561 nimis,

853 2575 914 2636 et
966 2570 1173 2651 factus
1230 2570 1320 2631 est
1374 2566 1513 2630 eius
1576 2566 1867 2649 armiger.
1949 2564 2056 2630 22.
2115 2566 2425 2649 Misitque
2486 2568 2645 2633 Saul
2701 2567 2790 2632 ad

857 2655 1022 2738 lsai,
1079 2653 1291 2719 dicens
1306 2676 1325 2715 .·
1385 2649 1511 2716 Stet
1553 2649 1773 2717 David
1824 2653 1897 2716 in
2331 2674 2494 2718 meo.-
2557 2653 2790 2719 invenit

856 2741 1024 2808 enim
1061 2738 1343 2823 ‚oratiam
1374 2738 1447 2801 iu
1481 2736 1677 2802 ocidis
1696 2738 1869 2803 meis.
1929 2736 2034 2802 23.
2058 2738 2271 2822 Igitur
2303 2740 2790 2820 quandocunque

849 2827 1127 2910 spiram
1147 2823 1276 2889 Dei
1317 2821 1659 2904 arripiebat
1694 2821 1872 2903 Saul,
1917 2822 2138 2889 David
2177 2824 2421 2890 tollebat
2455 2824 2788 2903 citharam,

854 2918 912 2978 et
956 2908 1342 2994 percutiebat
1401 2928 1595 2972 manu
1648 2929 1789 2990 sua,
1853 2914 1911 2974 et
1972 2909 2444 2991 refocillabatur
2497 2910 2676 2988 Saul,
2731 2915 2790 2975 et

850 2998 1054 3065 levius
1095 2994 1384 3063 babebat.-
1436 2993 1745 3061 recedebat
1797 2995 1962 3060 enim
2017 2996 2099 3061 ab
2143 3016 2210 3062 eo
2251 2995 2522 3076 spiritus
2561 2996 2789 3062 malus.

1774 1987 1835 2030 m
1853 2016 1867 2042 ,
1933 1971 1989 2032 et
2029 1965 2349 2033 Dominus
2388 1973 2476 2033 est
2518 1988 2657 2034 cum
2699 1988 2785 2033 eo.

1022 3167 1100 3232 In
1147 3166 1454 3233 unctione
1507 3164 1804 3247 navidis,
1862 3167 1940 3230 de
1985 3188 2115 3252 qua
2155 3169 2558 3232 mentionem
2601 3167 2787 3233 iusti-

846 3254 1116 3331 tuimus,
1159 3250 1639 3319 observandum
1674 3262 1776 3316 est
1797 3251 2010 3316 Deum
2046 3253 2290 3318 frustra
2333 3252 2501 3318 nihil
2544 3253 2788 3333 conari,

849 3341 1005 3407 licet
1047 3360 1175 3403 non
1218 3339 1440 3404 statim
1488 3336 1572 3401 ab
1613 3336 1987 3403 hominibus
2030 3338 2295 3405 virtutis
2343 3340 2551 3422 ipsius
2595 3338 2786 3403 effec-

851 3436 991 3491 tum
1036 3425 1492 3507 conspiciatur.
1581 3423 1889 3505 Exempli
1946 3423 2177 3508 gratia,
2244 3424 2460 3491 David
2521 3423 2786 3507 quidem

852 3522 1091 3578 unctus
1134 3521 1235 3574 est
1276 3529 1316 3573 a
1361 3507 1688 3587 Samuele,
1729 3509 1842 3574 sed
1885 3529 1968 3575 an
2016 3508 2156 3575 ideo
2200 3522 2511 3593 paternae
2556 3510 2787 3576 domus

847 3606 1047 3680 caput
1090 3595 1298 3660 factus
1342 3594 1487 3659 est?
1563 3594 1840 3661 Minime
1882 3596 2202 3680 gentium.
2289 3595 2399 3661 An
2443 3597 2788 3661 immutata

848 3682 1055 3766 ipsius
1099 3679 1423 3746 conditio?
1514 3680 1965 3764 Nequaquam,
2025 3680 2143 3747 sed
2201 3683 2553 3765 pristinum
2613 3683 2786 3748 vitae

852 3778 1096 3835 statum
1145 3766 1613 3850 pascendarum
1657 3768 1880 3831 ovium
1920 3766 2211 3832 retinuit.
2301 3768 2433 3834 Ubi
2485 3787 2642 3850 ergo
2686 3767 2786 3832 vis

855 3852 1199 3930 unctionis,
1244 3852 1559 3934 siquidem
1606 3852 1925 3937 inglorius
1970 3851 2052 3917 ad
2096 3860 2281 3935 septa
2329 3853 2552 3918 ovium
2596 3852 2783 3931 vivit,

850 3952 920 4007 et
965 3959 1096 4004 non
1155 3940 1530 4022 agnoscitur
1584 3937 1757 4003 alius
1816 3959 2011 4022 quam
2072 3947 2226 4004 ante
2282 3940 2515 4018 fuerat,
2574 3959 2786 4021 neque

850 4025 995 4091 laus
1041 4024 1176 4088 ulla
1233 4024 1360 4108 ipsi
1421 4022 1775 4089 tribuitur?
1866 4024 2118 4089 Verum
2183 4033 2400 4089 tamen
2460 4024 2788 4106 requievit

851 4109 1125 4178 Domini
1171 4109 1440 4193 spiritus
1486 4109 1555 4173 in
1602 4109 1706 4173 die
1751 4109 1865 4174 illa
1906 4109 1976 4174 in
2023 4108 2300 4189 Davide,
2344 4131 2475 4175 non
2520 4108 2601 4174 ad
2647 4129 2784 4174 mo·

854 4207 1166 4271 mentum,
1224 4194 1335 4259 sed
1391 4195 1699 4277 quamdiu
1766 4195 1950 4259 vixit.
2053 4194 2497 4260 Nihilominus
2564 4205 2784 4260 tamen

852 4306 936 4349 ex
981 4282 1194 4366 specie
1237 4292 1528 4354 externa,
1589 4290 1655 4343 et
1699 4280 2036 4346 hominum
2081 4281 2405 4365 opinione,
2467 4281 2649 4346 nulla
2692 4281 2786 4347 vi-

854 4369 1046 4434 detur
1090 4368 1157 4431 in
1210 4363 1468 4432 Davide
1512 4370 1805 4446 mutatio,
1851 4388 1926 4433 ac
1967 4365 2241 4450 proinde
2283 4366 2492 4432 videri
2536 4375 2787 4449 poterat

852 4456 1071 4522 unctio
1115 4451 1229 4517 illa
1274 4452 1527 4518 inutilis
1572 4464 1638 4515 et
1680 4450 1972 4517 ridicula.
2036 4451 2169 4518 Sed
2208 4472 2339 4516 non
2385 4453 2529 4519 ideo
2566 4463 2782 4518 tamen

855 4562 983 4612 non
1029 4549 1129 4604 est
1172 4551 1478 4622 operatus
1527 4538 1865 4616 Dominus,
1909 4539 2096 4604 cuius
2140 4539 2349 4603 virtus
2389 4548 2458 4605 et
2501 4539 2788 4605 efficacia

852 4627 1224 4691 unctionem
1270 4623 1451 4687 illam
1497 4624 1639 4687 sive
1684 4624 1976 4688 exterius
2018 4624 2281 4707 signum
2316 4625 2624 4690 comitata
2668 4633 2784 4689 ea.

852 4713 960 4777 Ex
1027 4731 1155 4793 quo
1220 4707 1565 4790 discimus,
1630 4707 1776 4773 Deo
1843 4709 2025 4774 nobis
2090 4710 2372 4793 gratiam
2425 4730 2611 4775 suam
2670 4730 2788 4792 per

854 4798 1045 4881 signa
1109 4794 1437 4878 quaelibet
1493 4795 1778 4859 visibilia
1836 4805 2382 4876 repraesentante,
2450 4815 2784 4877 nunquam

853 4883 992 4947 fore
1035 4883 1276 4958 inania,
1321 4880 1434 4946 sed
1474 4903 1541 4945 re
1578 4882 1717 4962 ipsa
1741 4879 1957 4945 Deum
1995 4900 2158 4962 quae
2202 4901 2319 4963 per
2361 4880 2476 4945 illa
2518 4879 2787 4945 exhibet

851 4967 1257 5034 effecturum.
1346 4967 1652 5049 Exempli
1698 4967 1909 5049 gratia
1968 4966 2187 5030 unctio
2249 4966 2376 5031 ista
2417 4965 2788 5049 pertinebat

853 5051 938 5118 ad
978 5052 1435 5135 temporarium
1463 5050 1737 5117 Davidis
1775 5071 2070 5136 regnum,
2118 5052 2241 5116 etsi
2285 5052 2544 5136 longius
2586 5052 2782 5117 etiam

851 5136 1204 5221 spectabat,
1251 5158 1485 5220 nempe
1529 5137 1609 5201 ad
1657 5138 2000 5203 veritatem
2048 5136 2227 5201 illam
2272 5158 2437 5220 quae
2482 5138 2667 5202 nobis
2711 5137 2783 5203 in

851 5223 1142 5290 Domino
1197 5231 1417 5289 nostro
1461 5222 1612 5289 Iesu
1658 5222 1924 5289 Christo
1982 5222 2358 5287 exhibetur:
2420 5243 2648 5288 verum
2707 5244 2783 5289 eo

2381 300 2390 314 '
2508 317 2919 388 HommA
2964 319 3148 387 mx.
4655 320 4736 388 m

2893 521 3181 591 tempore
3226 529 3354 593 quo
3396 519 3630 576 unctus
3674 519 3792 588 est,
3850 529 3981 573 non
4038 507 4169 572 alia
4227 507 4562 573 videbatur
4604 529 4744 590 qussi

2893 596 3078 678 regni
3122 595 3368 660 terreni
3410 594 3942 678 repraesentatio.
4032 593 4215 660 Deus
4269 594 4491 675 itaque
4529 594 4608 658 sic
4638 616 4749 678 cpo-

2890 692 3092 757 ratur,
3152 694 3230 747 ut
3288 702 3417 745 non
3474 681 3563 746 sit
3616 681 3813 746 inane
3864 692 3933 746 et
3988 698 4270 745 vacuum
4335 680 4615 763 signum,
4667 693 4750 748 ant

2890 765 3105 831 inanis
3149 768 3383 850 figura,
3443 788 3608 850 quae
3666 766 3838 832 solos
3882 764 4105 831 oculos
4143 767 4625 850 perstringeret:
4670 766 4751 834 secl

2890 872 3037 917 cum
3106 854 3294 936 signo
3353 853 3740 919 coniunctus
3795 850 3922 916 fuit
3977 850 4248 916 Domini
4312 852 4591 933 spiritus.
4673 850 4753 918 Sic

2891 937 3094 1021 igitur
3138 939 3331 1003 hodie
3385 959 3593 1021 quum
3644 937 3716 1002 in
3775 936 4098 1020 baptismo
4140 933 4221 1002 de
4258 945 4647 1019 peccatorum
4682 958 4753 1002 rs-

2891 1023 3197 1089 missione
3241 1026 3439 1090 fimus
3482 1024 3822 1090 certiores:
3883 1031 3952 1089 et
3990 1022 4063 1087 in
4107 1041 4310 1088 coena
4352 1021 4638 1088 docemur
4671 1045 4760 1089 no·

2889 1108 3032 1191 ipsa
3077 1110 3191 1175 filii
3234 1110 3364 1175 Dei
3409 1110 3773 1176 substantia
3814 1109 4058 1185 vivere,
4114 1108 4417 1191 quoniam
4461 1109 4757 1173 communi·
4896 1149 4897 1152 κ

2888 1206 3075 1260 catur
3143 1197 3356 1273 nobis,
3426 1208 3500 1260 ut
3560 1197 3629 1259 in
3695 1195 3883 1261 nobis
3947 1193 4236 1270 habitet,
4299 1206 4367 1258 et
4428 1214 4546 1259 nos
4601 1194 4761 1276 ipsius

2889 1281 3183 1347 membra
3219 1283 3443 1365 simus,
3481 1302 3561 1347 ne
3596 1281 3784 1364 signa
3817 1279 3930 1345 illa
3964 1279 4763 1345 existimemusesseinania

2889 1367 3203 1446 quaedam
3250 1366 3633 1450 spectacula.
3692 1366 3806 1432 sed
3864 1386 4082 1431 rerum
4126 1365 4474 1432 veritatem
4518 1363 4685 1432 nobis
4710 1367 4763 1432 is

2889 1452 3021 1516 illis
3063 1454 3394 1519 exhiberi:
3439 1472 3515 1517 ac
3560 1450 3834 1535 proinde
3873 1450 4420 1534 quemadmodum
4455 1471 4617 1534 aqua
4653 1452 4764 1515 visi-

2891 1538 3006 1603 bili
3075 1541 3374 1605 lavamur
3433 1550 3498 1602 et
3557 1537 3853 1604 sordibus
3896 1557 4280 1621 purgamur,
4337 1537 4431 1599 ita
4476 1536 4672 1601 Deum
4714 1537 4766 1602 vi

2889 1627 3096 1692 sancti
3141 1626 3244 1691 sui
3290 1626 3558 1707 spiritus
3600 1624 3855 1688 animas
3912 1634 4172 1689 nostras
4214 1623 4296 1687 ab
4338 1622 4521 1686 omni
4561 1622 4768 1686 macula

2889 1731 3188 1796 purgare.
3277 1711 3370 1776 Et
3420 1706 3970 1793 quemadmodum
4020 1708 4124 1773 vel
4191 1709 4257 1772 in
4304 1727 4538 1806 aquam
4578 1710 4771 1860 meg:

2889 1819 3058 1876 mur,
3102 1798 3206 1863 vel
3251 1817 3452 1880 supra
3494 1807 3691 1877 caput
3731 1814 3902 1877 aqua
3945 1794 4257 1879 rigamur,
4300 1791 4629 1858 itaDeum

2888 1904 3036 1951 cere
3073 1885 3356 1950 sciamus
3399 1891 3473 1948 ut
3517 1880 3762 1946 mundo
3808 1881 4182 1956 moriamur,
4237 1889 4304 1944 et
4368 1889 4556 1944 vetus
4595 1891 4771 1944 noste

2888 1970 3084 2036 homo
3143 1990 3293 2036 cum
3336 1968 3625 2032 Domino
3684 1977 3901 2031 nostro
3959 1964 4109 2031 Iesu
4154 1964 4427 2030 Christo
4488 1965 4775 2042 moriatur,

2889 2056 3000 2140 qui
3069 2054 3373 2138 baptismi
3440 2063 3629 2118 autor
3687 2062 3821 2128 est,
3886 2058 3955 2116 et
4009 2049 4173 2116 illud
4230 2051 4301 2115 in
4361 2069 4637 2133 persona
4684 2070 4776 2116 m
4900 2095 4901 2100 κ

2888 2141 3313 2214 consecravit,
3372 2150 3450 2204 ut
3490 2140 3797 2206 certiores
3839 2138 4075 2202 fiamus
4115 2157 4234 2202 nos
4278 2137 4575 2202 omnium
4612 2137 4779 2220 ipsius

2889 2229 3207 2293 bonorum
3265 2226 3407 2291 fieri
3465 2224 3832 2308 participes,
3890 2242 4092 2305 quum
4146 2223 4391 2306 pignus
4439 2221 4612 2287 istud
4651 2221 4777 2286 acci·

2887 2315 3106 2397 pimus
3149 2331 3281 2396 quo
3323 2310 3405 2376 ad
3451 2330 3673 2377 veram
3709 2319 3778 2375 et
3812 2310 4161 2390 perfectam
4196 2328 4378 2391 spem
4413 2305 4779 2374 deducimur.

2888 2399 3072 2466 Idem
3128 2406 3269 2465 esto
3325 2396 3406 2461 de
3462 2417 3665 2463 coena
3722 2394 3991 2461 dictum.
4078 2393 4224 2462 Hoc
4280 2394 4487 2477 igitur
4528 2404 4663 2459 esto
4695 2394 4783 2458 fir·

2890 2505 3073 2551 mum
3119 2484 3399 2559 axioma,
3455 2483 3671 2547 Deum
3729 2502 3860 2546 non
3917 2480 4221 2546 inanibus
4276 2479 4517 2563 figuris
4558 2499 4669 2544 nos
4704 2479 4781 2543 lu·

2891 2570 3063 2646 dere,
3121 2590 3323 2654 quum
3381 2569 3640 2652 signum
3696 2564 3957 2649 aliquod
4014 2576 4131 2631 aut
4185 2566 4469 2650 figuram
4528 2564 4786 2641 exhibet:

2891 2656 3006 2722 sed
3065 2654 3220 2721 dare
3275 2667 3585 2737 tanquam
3647 2654 3885 2737 pignus
3950 2665 4196 2717 eertum
4262 2665 4331 2716 et
4390 2649 4786 2716 indubitabile

2892 2737 4491 2907 :2¹:2⁰*utztmaesssszssffltmffi„zffll’ssmffiz
4497 2737 4788 2888 ⁰3:322?

2891 2915 3200 2979 venerint
3241 2924 3307 2977 et
3349 2931 3544 2995 quam
3588 2910 3943 2975 diabolicus
3977 2909 4158 2974 furor
4191 2908 4404 2985 fuerit,
4446 2928 4649 2991 quum
4677 2907 4786 2973 auti

2889 3007 3046 3065 sunt
3084 2999 3208 3083 ipsi
3254 2997 3375 3063 sibi
3420 2998 3608 3081 signa
3650 2998 3898 3080 fingere
3941 3015 4155 3060 rerum
4201 2993 4617 3073 divinarum3
4650 2992 4786 3076 qued

2890 3087 2960 3152 in
3019 3095 3261 3169 papatu
3314 3085 3559 3148 factum
3623 3081 3941 3148 videmus.
4025 3080 4201 3146 Nam
4254 3079 4312 3146 si
4354 3098 4651 3163 quaeras,
4688 3096 4787 3161 quo

2891 3184 3121 3239 autore
3166 3172 3377 3254 figura
3419 3169 3538 3233 illa
3578 3188 3694 3233 seu
3738 3168 4014 3252 signum,
4077 3164 4251 3250 quod
4305 3175 4555 3232 vocant
4607 3175 4789 3230 extre-

2890 3277 3065 3323 mam
3108 3255 3502 3332 unctionem,
3538 3253 3606 3318 in
3641 3252 3973 3320 eeclesiam
4018 3251 4276 3318 invecta
4309 3253 4417 3332 sit,
4452 3250 4611 3335 quid
4643 3247 4787 3316 aliud

2888 3365 3082 3427 quam
3122 3351 3407 3407 veterem
3428 3340 3648 3406 nescio
3669 3359 3862 3421 quam
3884 3337 4419 3404 consuetudinem
4444 3335 4787 3421 proferent?

2889 3428 3140 3494 Verum
3184 3426 3414 3512 primis
3445 3426 3578 3490 illis
3612 3422 4014 3508 temporibus
4036 3421 4221 3489 Deus
4254 3423 4597 3488 miraculis
4626 3441 4787 3488 evan·

2888 3514 3041 3599 gelii
3063 3514 3413 3579 veritatem
3447 3509 3902 3579 commendare
3935 3518 4003 3575 et
4022 3511 4188 3574 tueri
4225 3508 4483 3586 volens,
4521 3509 4784 3592 spiritum

2887 3622 3079 3667 suum
3123 3599 3243 3665 sub
3286 3596 3655 3666 visibilibus
3696 3597 3903 3680 signis
3957 3595 4509 3661 communicabat.
4596 3594 4789 3677 Itaque

2887 3694 3028 3752 tum
3087 3684 3383 3751 adhibito
3442 3684 3568 3749 olei
3606 3685 3796 3766 signo
3836 3682 4084 3766 aegroti
4129 3680 4585 3747 valetudinem
4628 3700 4783 3747 recu·

2888 3772 3239 3854 pei-abant:
3298 3769 3411 3834 sed
3470 3769 3583 3834 illa
3640 3769 3911 3833 fuerunt
3948 3775 4435 3833 momentanea.
4530 3764 4661 3833 &d
4700 3765 4789 3847 qui
4904 3829 4905 3840 ,

2888 3854 3079 3922 hodie
3123 3857 3317 3940 signa
3355 3855 3485 3921 ista
3529 3854 3757 3919 volunt
3798 3854 3865 3918 in
3903 3872 4094 3919 usum
4131 3872 4472 3934 revocare,
4507 3848 4789 3936 quomodo

2887 3943 3187 4025 spiritum
3231 3950 3531 4007 sanctum
3575 3939 3780 4024 signis
3823 3938 4206 4024 alligabunt,
4251 3950 4319 4003 et
4360 3938 4673 4004 ombus
4707 3939 4788 4001 di-

2890 4039 3029 4093 tum
3088 4028 3173 4092 iri
3241 4023 3720 4109 persuadebunt
3783 4025 4020 4107 quibus
4082 4022 4245 4088 haec
4314 4025 4550 4090 unctio
4625 4022 4791 4089 fuerit

2886 4114 3378 4190 communicata,
3419 4120 3531 4177 aut
3577 4132 3619 4176 a
3654 4109 3898 4177 morbis
3940 4120 4265 4176 recretum
4323 4109 4459 4174 iri?
4525 4131 4611 4175 an
4652 4106 4789 4192 qnod

2887 4210 2987 4265 est
3029 4200 3221 4265 unius
3266 4198 3391 4263 Dei
3436 4198 3770 4281 proprium
3814 4194 4060 4261 habent
4100 4196 4172 4259 in
4213 4195 4594 4279 potestate?
4648 4194 4786 4260 nim
4904 4211 4905 4238 ¹

2888 4286 3092 4369 igitur
3132 4284 3393 4349 illorum
3454 4284 3733 4359 insignis
3785 4283 4157 4381 arrogantia
4210 4295 4278 4347 et
4332 4282 4659 4380 sacrilega
4702 4301 4787 4345 au-
4904 4327 4905 4336 κ

2889 4370 3075 4437 dacia
3114 4370 3275 4436 satis
3317 4379 3606 4453 apparet,
3648 4389 3854 4452 quum
3910 4387 4100 4452 signa
4153 4366 4403 4432 audent
4460 4367 4786 4438 insum

2888 4477 3169 4540 quorum
3215 4457 3315 4521 vis
3358 4477 3501 4522 esse
3545 4453 3728 4520 nulla
3770 4463 3994 4538 potest,
4055 4473 4261 4535 quum
4313 4454 4524 4520 unius
4568 4452 4689 4519 Dei
4722 4451 4787 4516 sit

2888 4543 3140 4627 gratiae
3184 4561 3340 4606 suae
3382 4542 3573 4625 signa
3615 4541 3985 4605 hominibus
4030 4537 4207 4605 dare.
4274 4537 4471 4619 Quae
4510 4560 4663 4607 vero
4688 4539 4787 4602 ina

2889 4626 3160 4693 audacia
3225 4639 3360 4704 est,
3429 4627 3596 4708 quod
3663 4627 3947 4709 figuram
4017 4625 4320 4709 baptismi
4384 4633 4785 4709 corruperunt

2889 4712 3128 4778 additis
3170 4712 3303 4778 illis
3348 4712 3487 4778 suis
3529 4712 3837 4790 inventis,
3877 4720 4089 4794 sputo,
4133 4709 4521 4788 luminibus,
4577 4711 4704 4776 oleo
4736 4721 4783 4771 et

2888 4798 3229 4877 similibus,
3272 4818 3440 4880 quae
3481 4797 3740 4882 singula
3773 4817 3959 4861 suam
3996 4796 4546 4880 significationem
4587 4793 4785 4862 habes

2887 4881 3749 5053 iifsspssffififfltcffiff
3782 4880 4325 5034 rasati:
4359 4882 4785 5052 ⁹1¹3”.„m‘⁵³.m'¹⁵'

2888 5065 3192 5122 sanctum
3258 5052 3693 5136 potestatem?
3773 5074 3857 5120 an
3924 5063 4205 5137 possunt
4262 5055 4493 5137 ipsum.
4554 5053 4783 5137 alligare

2887 5140 3193 5208 inanibus
3236 5141 3379 5208 istis
3423 5140 3559 5205 suis
3601 5140 3984 5205 commentis
4026 5149 4094 5206 et
4137 5140 4327 5206 vanis
4361 5139 4785 5223 speculationi-

2886 5225 3058 5294 bus?
3122 5225 3345 5307 Quare
3387 5227 3442 5296 si
3486 5226 3821 5311 signorum
3865 5224 4313 5310 impletionem
4354 5224 4605 5293 habere
4638 5226 4785 5308 αρ’-
4904 5235 4905 5294 ὲ
