<?xml version="1.0" encoding="UTF-8"?>
<!DOCTYPE html PUBLIC "-//W3C//DTD XHTML 1.0 Transitional//EN"
    "http://www.w3.org/TR/xhtml1/DTD/xhtml1-transitional.dtd">
<html xmlns="http://www.w3.org/1999/xhtml" xml:lang="en" lang="en">
 <head>
  <title>
</title>
<meta http-equiv="Content-Type" content="text/html;charset=utf-8" />
  <meta name='ocr-system' content='tesseract 3.04.00' />
  <meta name='ocr-capabilities' content='ocr_page ocr_carea ocr_par ocr_line ocrx_word'/>
</head>
<body>
  <div class='ocr_page' id='page_1' title='image "./ioanniscalvinio07unkngoog_0176.png"; bbox 0 0 5059 6059; ppageno 0'>
   <div class='ocr_carea' id='block_1_1' title="bbox 781 241 913 311">
    <p class='ocr_par' dir='ltr' id='par_1_1' title="bbox 781 241 913 311">
     <span class='ocr_line' id='line_1_1' title="bbox 781 241 913 311; baseline 0 -1"><span class='ocrx_word' id='word_1_1' title='bbox 781 241 913 311; x_wconf 81' lang='lat'><strong>323</strong></span> 
     </span>
    </p>
   </div>
   <div class='ocr_carea' id='block_1_2' title="bbox 781 433 2741 5247">
    <p class='ocr_par' dir='ltr' id='par_1_2' title="bbox 782 433 2741 2823">
     <span class='ocr_line' id='line_1_2' title="bbox 782 433 2728 522; baseline -0.002 -19"><span class='ocrx_word' id='word_1_2' title='bbox 782 437 956 503; x_wconf 77' lang='lat' dir='ltr'><strong>tium</strong></span> <span class='ocrx_word' id='word_1_3' title='bbox 1006 437 1261 522; x_wconf 90' lang='lat' dir='ltr'><strong>ingens,</strong></span> <span class='ocrx_word' id='word_1_4' title='bbox 1316 435 1631 502; x_wconf 81' lang='lat' dir='ltr'><strong>adversus</strong></span> <span class='ocrx_word' id='word_1_5' title='bbox 1677 433 1809 500; x_wconf 91' lang='lat' dir='ltr'><strong>Dei</strong></span> <span class='ocrx_word' id='word_1_6' title='bbox 1857 433 2243 502; x_wconf 87' lang='lat' dir='ltr'><strong>mandatum</strong></span> <span class='ocrx_word' id='word_1_7' title='bbox 2290 435 2728 519; x_wconf 85' lang='lat' dir='ltr'><strong>recalcitrant,</strong></span> 
     </span>
     <span class='ocr_line' id='line_1_3' title="bbox 782 520 2730 608; baseline -0.003 -18"><span class='ocrx_word' id='word_1_8' title='bbox 782 525 1046 608; x_wconf 90' lang='lat' dir='ltr'><strong>ipsique</strong></span> <span class='ocrx_word' id='word_1_9' title='bbox 1115 523 1261 588; x_wconf 90' lang='lat' dir='ltr'><strong>Deo</strong></span> <span class='ocrx_word' id='word_1_10' title='bbox 1315 521 1627 605; x_wconf 83' lang='lat' dir='ltr'><strong>praeferri</strong></span> <span class='ocrx_word' id='word_1_11' title='bbox 1685 520 1941 587; x_wconf 80' lang='lat' dir='ltr'><strong>volunt.</strong></span> <span class='ocrx_word' id='word_1_12' title='bbox 2028 522 2201 587; x_wconf 88' lang='lat' dir='ltr'><strong>Nam</strong></span> <span class='ocrx_word' id='word_1_13' title='bbox 2261 521 2730 588; x_wconf 87' lang='lat' dir='ltr'><strong>sacrificiorum</strong></span> 
     </span>
     <span class='ocr_line' id='line_1_4' title="bbox 787 607 2733 696; baseline -0.003 -19"><span class='ocrx_word' id='word_1_14' title='bbox 787 632 948 696; x_wconf 88' lang='lat' dir='ltr'><strong>pars</strong></span> <span class='ocrx_word' id='word_1_15' title='bbox 1004 610 1290 675; x_wconf 87' lang='lat' dir='ltr'><strong>maxima</strong></span> <span class='ocrx_word' id='word_1_16' title='bbox 1350 607 1474 673; x_wconf 85' lang='lat' dir='ltr'><strong>fuit</strong></span> <span class='ocrx_word' id='word_1_17' title='bbox 1529 607 1742 690; x_wconf 79' lang='lat' dir='ltr'><strong>adipis</strong></span> <span class='ocrx_word' id='word_1_18' title='bbox 1786 607 2068 682; x_wconf 87' lang='lat' dir='ltr'><strong>suffitus,</strong></span> <span class='ocrx_word' id='word_1_19' title='bbox 2136 628 2327 690; x_wconf 90' lang='lat' dir='ltr'><strong>quem</strong></span> <span class='ocrx_word' id='word_1_20' title='bbox 2366 610 2733 673; x_wconf 77' lang='lat' dir='ltr'>sacerdotes</span> 
     </span>
     <span class='ocr_line' id='line_1_5' title="bbox 788 691 2733 782; baseline -0.003 -19"><span class='ocrx_word' id='word_1_21' title='bbox 788 696 1151 782; x_wconf 76' lang='lat' dir='ltr'>pecudibus</span> <span class='ocrx_word' id='word_1_22' title='bbox 1208 696 1415 761; x_wconf 88' lang='lat' dir='ltr'><strong>caesis</strong></span> <span class='ocrx_word' id='word_1_23' title='bbox 1473 693 1838 758; x_wconf 88' lang='lat' dir='ltr'><strong>detractum</strong></span> <span class='ocrx_word' id='word_1_24' title='bbox 1894 691 2152 759; x_wconf 90' lang='lat' dir='ltr'><strong>adolere</strong></span> <span class='ocrx_word' id='word_1_25' title='bbox 2196 693 2482 759; x_wconf 92' lang='lat' dir='ltr'><strong>Domino</strong></span> <span class='ocrx_word' id='word_1_26' title='bbox 2537 714 2733 775; x_wconf 88' lang='lat' dir='ltr'><strong>super</strong></span> 
     </span>
     <span class='ocr_line' id='line_1_6' title="bbox 790 779 2730 862; baseline -0.002 -14"><span class='ocrx_word' id='word_1_27' title='bbox 790 784 999 850; x_wconf 88' lang='lat' dir='ltr'><strong>altare</strong></span> <span class='ocrx_word' id='word_1_28' title='bbox 1021 783 1092 846; x_wconf 89' lang='lat' dir='ltr'><strong>in</strong></span> <span class='ocrx_word' id='word_1_29' title='bbox 1137 781 1431 846; x_wconf 88' lang='lat' dir='ltr'><strong>suffitum</strong></span> <span class='ocrx_word' id='word_1_30' title='bbox 1476 779 1575 845; x_wconf 93' lang='lat' dir='ltr'><strong>illi</strong></span> <span class='ocrx_word' id='word_1_31' title='bbox 1611 791 1873 862; x_wconf 87' lang='lat' dir='ltr'><strong>gratum</strong></span> <span class='ocrx_word' id='word_1_32' title='bbox 1910 793 1976 844; x_wconf 89' lang='lat' dir='ltr'><strong>et</strong></span> <span class='ocrx_word' id='word_1_33' title='bbox 2011 801 2283 846; x_wconf 85' lang='lat' dir='ltr'><strong>suavem</strong></span> <span class='ocrx_word' id='word_1_34' title='bbox 2318 780 2730 846; x_wconf 89' lang='lat' dir='ltr'><strong>iubebantur.</strong></span> 
     </span>
     <span class='ocr_line' id='line_1_7' title="bbox 789 865 2735 948; baseline -0.004 -12"><span class='ocrx_word' id='word_1_35' title='bbox 789 870 1065 937; x_wconf 83' lang='lat' dir='ltr'><strong>Minime</strong></span> <span class='ocrx_word' id='word_1_36' title='bbox 1103 888 1256 933; x_wconf 81' lang='lat' dir='ltr'><strong>vero</strong></span> <span class='ocrx_word' id='word_1_37' title='bbox 1294 865 1804 932; x_wconf 85' lang='lat' dir='ltr'><strong>existimandum</strong></span> <span class='ocrx_word' id='word_1_38' title='bbox 1845 865 2014 931; x_wconf 89' lang='lat' dir='ltr'><strong>tanti</strong></span> <span class='ocrx_word' id='word_1_39' title='bbox 2068 866 2328 948; x_wconf 79' lang='lat' dir='ltr'>adipem</span> <span class='ocrx_word' id='word_1_40' title='bbox 2373 865 2565 948; x_wconf 89' lang='lat' dir='ltr'><strong>pretii</strong></span> <span class='ocrx_word' id='word_1_41' title='bbox 2617 886 2735 947; x_wconf 88' lang='lat' dir='ltr'><strong>per</strong></span> 
     </span>
     <span class='ocr_line' id='line_1_8' title="bbox 786 952 2734 1036; baseline -0.004 -15"><span class='ocrx_word' id='word_1_42' title='bbox 786 977 865 1022; x_wconf 84' lang='lat' dir='ltr'><strong>se</strong></span> <span class='ocrx_word' id='word_1_43' title='bbox 929 973 1145 1020; x_wconf 87' lang='lat' dir='ltr'><strong>coram</strong></span> <span class='ocrx_word' id='word_1_44' title='bbox 1212 952 1359 1017; x_wconf 92' lang='lat' dir='ltr'><strong>Deo</strong></span> <span class='ocrx_word' id='word_1_45' title='bbox 1422 953 1641 1029; x_wconf 86' lang='lat' dir='ltr'><strong>fuisse,</strong></span> <span class='ocrx_word' id='word_1_46' title='bbox 1710 972 1913 1035; x_wconf 91' lang='lat' dir='ltr'><strong>quum</strong></span> <span class='ocrx_word' id='word_1_47' title='bbox 1969 952 2352 1034; x_wconf 88' lang='lat' dir='ltr'><strong>praesertim</strong></span> <span class='ocrx_word' id='word_1_48' title='bbox 2399 954 2734 1036; x_wconf 89' lang='lat' dir='ltr'><strong>ingratum</strong></span> 
     </span>
     <span class='ocr_line' id='line_1_9' title="bbox 786 1036 2732 1121; baseline -0.002 -16"><span class='ocrx_word' id='word_1_49' title='bbox 786 1039 1058 1106; x_wconf 89' lang='lat' dir='ltr'><strong>odorem</strong></span> <span class='ocrx_word' id='word_1_50' title='bbox 1124 1038 1326 1121; x_wconf 89' lang='lat' dir='ltr'><strong>adeps</strong></span> <span class='ocrx_word' id='word_1_51' title='bbox 1390 1046 1716 1104; x_wconf 89' lang='lat' dir='ltr'><strong>crematus</strong></span> <span class='ocrx_word' id='word_1_52' title='bbox 1784 1036 2158 1103; x_wconf 92' lang='lat' dir='ltr'><strong>hominibus</strong></span> <span class='ocrx_word' id='word_1_53' title='bbox 2223 1039 2552 1120; x_wconf 88' lang='lat' dir='ltr'><strong>praebeat,</strong></span> <span class='ocrx_word' id='word_1_54' title='bbox 2616 1036 2732 1102; x_wconf 91' lang='lat' dir='ltr'><strong>sed</strong></span> 
     </span>
     <span class='ocr_line' id='line_1_10' title="bbox 790 1122 2735 1208; baseline -0.004 -14"><span class='ocrx_word' id='word_1_55' title='bbox 790 1129 997 1194; x_wconf 88' lang='lat' dir='ltr'><strong>finem</strong></span> <span class='ocrx_word' id='word_1_56' title='bbox 1040 1127 1113 1189; x_wconf 93' lang='lat' dir='ltr'><strong>in</strong></span> <span class='ocrx_word' id='word_1_57' title='bbox 1154 1145 1347 1208; x_wconf 91' lang='lat' dir='ltr'><strong>quem</strong></span> <span class='ocrx_word' id='word_1_58' title='bbox 1391 1144 1432 1189; x_wconf 90' lang='lat' dir='ltr'><strong>a</strong></span> <span class='ocrx_word' id='word_1_59' title='bbox 1475 1123 1618 1189; x_wconf 91' lang='lat' dir='ltr'><strong>Deo</strong></span> <span class='ocrx_word' id='word_1_60' title='bbox 1661 1123 1785 1189; x_wconf 91' lang='lat' dir='ltr'><strong>sibi</strong></span> <span class='ocrx_word' id='word_1_61' title='bbox 1832 1122 2077 1188; x_wconf 87' lang='lat' dir='ltr'><strong>adoleri</strong></span> <span class='ocrx_word' id='word_1_62' title='bbox 2120 1122 2343 1207; x_wconf 81' lang='lat' dir='ltr'><strong>adipes</strong></span> <span class='ocrx_word' id='word_1_63' title='bbox 2387 1123 2551 1189; x_wconf 91' lang='lat' dir='ltr'><strong>iussi</strong></span> <span class='ocrx_word' id='word_1_64' title='bbox 2595 1124 2735 1188; x_wconf 89' lang='lat' dir='ltr'><strong>fue-</strong></span> 
     </span>
     <span class='ocr_line' id='line_1_11' title="bbox 791 1208 2734 1292; baseline -0.003 -14"><span class='ocrx_word' id='word_1_65' title='bbox 791 1223 950 1278; x_wconf 86' lang='lat' dir='ltr'><strong>rant</strong></span> <span class='ocrx_word' id='word_1_66' title='bbox 1003 1211 1248 1278; x_wconf 90' lang='lat' dir='ltr'><strong>intueri</strong></span> <span class='ocrx_word' id='word_1_67' title='bbox 1292 1221 1567 1292; x_wconf 78' lang='lat' dir='ltr'><strong>oportet.</strong></span> <span class='ocrx_word' id='word_1_68' title='bbox 1656 1209 1816 1274; x_wconf 82' lang='lat' dir='ltr'><strong>Fuit</strong></span> <span class='ocrx_word' id='word_1_69' title='bbox 1861 1211 2034 1273; x_wconf 91' lang='lat' dir='ltr'><strong>enim</strong></span> <span class='ocrx_word' id='word_1_70' title='bbox 2080 1210 2251 1292; x_wconf 87' lang='lat' dir='ltr'><strong>grati</strong></span> <span class='ocrx_word' id='word_1_71' title='bbox 2297 1209 2470 1291; x_wconf 90' lang='lat' dir='ltr'><strong>apud</strong></span> <span class='ocrx_word' id='word_1_72' title='bbox 2513 1208 2734 1273; x_wconf 92' lang='lat' dir='ltr'><strong>Deum</strong></span> 
     </span>
     <span class='ocr_line' id='line_1_12' title="bbox 797 1294 2733 1377; baseline -0.003 -14"><span class='ocrx_word' id='word_1_73' title='bbox 797 1299 1015 1363; x_wconf 91' lang='lat' dir='ltr'><strong>odoris</strong></span> <span class='ocrx_word' id='word_1_74' title='bbox 1093 1297 1369 1375; x_wconf 84' lang='lat' dir='ltr'><strong>suffitus,</strong></span> <span class='ocrx_word' id='word_1_75' title='bbox 1455 1316 1651 1377; x_wconf 91' lang='lat' dir='ltr'><strong>quam</strong></span> <span class='ocrx_word' id='word_1_76' title='bbox 1716 1294 1800 1360; x_wconf 91' lang='lat' dir='ltr'><strong>ob</strong></span> <span class='ocrx_word' id='word_1_77' title='bbox 1864 1315 2129 1360; x_wconf 90' lang='lat' dir='ltr'><strong>causam</strong></span> <span class='ocrx_word' id='word_1_78' title='bbox 2196 1309 2469 1361; x_wconf 83' lang='lat' dir='ltr'><strong>vocatur</strong></span> <span class='ocrx_word' id='word_1_79' title='bbox 2535 1297 2733 1359; x_wconf 90' lang='lat' dir='ltr'><strong>etiam</strong></span> 
     </span>
     <span class='ocr_line' id='line_1_13' title="bbox 795 1380 2734 1462; baseline -0.003 -13"><span class='ocrx_word' id='word_1_80' title='bbox 795 1383 954 1450; x_wconf 90' lang='lat' dir='ltr'><strong>boni</strong></span> <span class='ocrx_word' id='word_1_81' title='bbox 1011 1384 1227 1449; x_wconf 91' lang='lat' dir='ltr'><strong>odoris</strong></span> <span class='ocrx_word' id='word_1_82' title='bbox 1286 1382 1711 1447; x_wconf 88' lang='lat' dir='ltr'><strong>sacrificium:</strong></span> <span class='ocrx_word' id='word_1_83' title='bbox 1773 1380 1944 1462; x_wconf 89' lang='lat' dir='ltr'><strong>quod</strong></span> <span class='ocrx_word' id='word_1_84' title='bbox 2003 1381 2314 1445; x_wconf 90' lang='lat' dir='ltr'><strong>nimirum</strong></span> <span class='ocrx_word' id='word_1_85' title='bbox 2372 1380 2557 1445; x_wconf 91' lang='lat' dir='ltr'><strong>Deus</strong></span> <span class='ocrx_word' id='word_1_86' title='bbox 2603 1400 2734 1445; x_wconf 92' lang='lat' dir='ltr'><strong>non</strong></span> 
     </span>
     <span class='ocr_line' id='line_1_14' title="bbox 794 1466 2736 1535; baseline -0.003 0"><span class='ocrx_word' id='word_1_87' title='bbox 794 1492 905 1535; x_wconf 83' lang='lat' dir='ltr'><strong>res</strong></span> <span class='ocrx_word' id='word_1_88' title='bbox 968 1482 1273 1534; x_wconf 82' lang='lat' dir='ltr'><strong>externas</strong></span> <span class='ocrx_word' id='word_1_89' title='bbox 1316 1480 1382 1532; x_wconf 91' lang='lat' dir='ltr'><strong>et</strong></span> <span class='ocrx_word' id='word_1_90' title='bbox 1424 1468 1491 1531; x_wconf 90' lang='lat' dir='ltr'><strong>in</strong></span> <span class='ocrx_word' id='word_1_91' title='bbox 1537 1467 1756 1532; x_wconf 90' lang='lat' dir='ltr'><strong>oculos</strong></span> <span class='ocrx_word' id='word_1_92' title='bbox 1799 1466 2207 1531; x_wconf 78' lang='lat' dir='ltr'><strong>incurrentes</strong></span> <span class='ocrx_word' id='word_1_93' title='bbox 2250 1466 2591 1533; x_wconf 90' lang='lat' dir='ltr'><strong>hominum</strong></span> <span class='ocrx_word' id='word_1_94' title='bbox 2636 1468 2736 1530; x_wconf 88' lang='lat' dir='ltr'><strong>in-</strong></span> 
     </span>
     <span class='ocr_line' id='line_1_15' title="bbox 800 1550 2737 1636; baseline -0.001 -16"><span class='ocrx_word' id='word_1_95' title='bbox 800 1566 1114 1632; x_wconf 80' lang='lat' dir='ltr'><strong>tueretur,</strong></span> <span class='ocrx_word' id='word_1_96' title='bbox 1160 1555 1240 1619; x_wconf 89' lang='lat' dir='ltr'><strong>ad</strong></span> <span class='ocrx_word' id='word_1_97' title='bbox 1287 1570 1658 1636; x_wconf 77' lang='lat' dir='ltr'><strong>peccatores</strong></span> <span class='ocrx_word' id='word_1_98' title='bbox 1703 1554 1770 1616; x_wconf 92' lang='lat' dir='ltr'><strong>in</strong></span> <span class='ocrx_word' id='word_1_99' title='bbox 1818 1555 2097 1635; x_wconf 87' lang='lat' dir='ltr'><strong>gratiam</strong></span> <span class='ocrx_word' id='word_1_100' title='bbox 2144 1551 2565 1635; x_wconf 87' lang='lat' dir='ltr'><strong>recipiendos,</strong></span> <span class='ocrx_word' id='word_1_101' title='bbox 2624 1550 2737 1618; x_wconf 89' lang='lat' dir='ltr'><strong>sed</strong></span> 
     </span>
     <span class='ocr_line' id='line_1_16' title="bbox 799 1639 2736 1721; baseline -0.002 -15"><span class='ocrx_word' id='word_1_102' title='bbox 799 1642 1132 1707; x_wconf 89' lang='lat' dir='ltr'><strong>internum</strong></span> <span class='ocrx_word' id='word_1_103' title='bbox 1217 1640 1482 1704; x_wconf 91' lang='lat' dir='ltr'><strong>illorum</strong></span> <span class='ocrx_word' id='word_1_104' title='bbox 1548 1639 1851 1702; x_wconf 88' lang='lat' dir='ltr'><strong>affectum</strong></span> <span class='ocrx_word' id='word_1_105' title='bbox 1921 1649 2115 1721; x_wconf 89' lang='lat' dir='ltr'><strong>atque</strong></span> <span class='ocrx_word' id='word_1_106' title='bbox 2183 1640 2736 1720; x_wconf 73' lang='lat' dir='ltr'><strong>protestationem,</strong></span> 
     </span>
     <span class='ocr_line' id='line_1_17' title="bbox 798 1724 2739 1811; baseline -0.001 -19"><span class='ocrx_word' id='word_1_107' title='bbox 798 1749 927 1811; x_wconf 92' lang='lat' dir='ltr'><strong>qua</strong></span> <span class='ocrx_word' id='word_1_108' title='bbox 975 1727 1119 1792; x_wconf 89' lang='lat' dir='ltr'><strong>Deo</strong></span> <span class='ocrx_word' id='word_1_109' title='bbox 1179 1746 1300 1792; x_wconf 88' lang='lat' dir='ltr'><strong>sua</strong></span> <span class='ocrx_word' id='word_1_110' title='bbox 1344 1724 1580 1791; x_wconf 88' lang='lat' dir='ltr'><strong>delicta</strong></span> <span class='ocrx_word' id='word_1_111' title='bbox 1622 1726 2007 1790; x_wconf 88' lang='lat' dir='ltr'><strong>confitentes</strong></span> <span class='ocrx_word' id='word_1_112' title='bbox 2074 1724 2526 1790; x_wconf 86' lang='lat' dir='ltr'><strong>remissionem</strong></span> <span class='ocrx_word' id='word_1_113' title='bbox 2594 1746 2739 1807; x_wconf 88' lang='lat' dir='ltr'><strong>pec·</strong></span> 
     </span>
     <span class='ocr_line' id='line_1_18' title="bbox 799 1809 2740 1893; baseline -0.003 -13"><span class='ocrx_word' id='word_1_114' title='bbox 799 1824 1091 1880; x_wconf 89' lang='lat' dir='ltr'><strong>catorum</strong></span> <span class='ocrx_word' id='word_1_115' title='bbox 1166 1810 1620 1893; x_wconf 86' lang='lat' dir='ltr'><strong>implorabant.</strong></span> <span class='ocrx_word' id='word_1_116' title='bbox 1711 1809 1934 1889; x_wconf 78' lang='lat' dir='ltr'><strong>Quare</strong></span> <span class='ocrx_word' id='word_1_117' title='bbox 2010 1810 2299 1892; x_wconf 89' lang='lat' dir='ltr'><strong>oportuit</strong></span> <span class='ocrx_word' id='word_1_118' title='bbox 2365 1810 2540 1875; x_wconf 90' lang='lat' dir='ltr'><strong>hunc</strong></span> <span class='ocrx_word' id='word_1_119' title='bbox 2605 1811 2740 1876; x_wconf 87' lang='lat' dir='ltr'><strong>suf·</strong></span> 
     </span>
     <span class='ocr_line' id='line_1_19' title="bbox 792 1896 2739 1979; baseline -0.002 -13"><span class='ocrx_word' id='word_1_120' title='bbox 792 1901 986 1966; x_wconf 89' lang='lat' dir='ltr'><strong>fitum</strong></span> <span class='ocrx_word' id='word_1_121' title='bbox 1052 1897 1196 1964; x_wconf 90' lang='lat' dir='ltr'><strong>Deo</strong></span> <span class='ocrx_word' id='word_1_122' title='bbox 1256 1913 1563 1979; x_wconf 79' lang='lat' dir='ltr'><strong>tanquam</strong></span> <span class='ocrx_word' id='word_1_123' title='bbox 1624 1897 1894 1960; x_wconf 87' lang='lat' dir='ltr'><strong>maximi</strong></span> <span class='ocrx_word' id='word_1_124' title='bbox 1938 1917 2080 1960; x_wconf 90' lang='lat' dir='ltr'><strong>rem</strong></span> <span class='ocrx_word' id='word_1_125' title='bbox 2125 1896 2315 1976; x_wconf 87' lang='lat' dir='ltr'><strong>pretii</strong></span> <span class='ocrx_word' id='word_1_126' title='bbox 2352 1897 2590 1974; x_wconf 88' lang='lat' dir='ltr'><strong>offerri,</strong></span> <span class='ocrx_word' id='word_1_127' title='bbox 2659 1897 2739 1962; x_wconf 89' lang='lat' dir='ltr'><strong>ad</strong></span> 
     </span>
     <span class='ocr_line' id='line_1_20' title="bbox 796 1980 2741 2070; baseline -0.002 -20"><span class='ocrx_word' id='word_1_128' title='bbox 796 1996 1213 2070; x_wconf 87' lang='lat' dir='ltr'><strong>peccatorum</strong></span> <span class='ocrx_word' id='word_1_129' title='bbox 1254 1982 1703 2047; x_wconf 88' lang='lat' dir='ltr'><strong>remissionem</strong></span> <span class='ocrx_word' id='word_1_130' title='bbox 1744 1980 2283 2064; x_wconf 87' lang='lat' dir='ltr'><strong>consequendam,</strong></span> <span class='ocrx_word' id='word_1_131' title='bbox 2335 1992 2398 2047; x_wconf 88' lang='lat' dir='ltr'><strong>et</strong></span> <span class='ocrx_word' id='word_1_132' title='bbox 2450 1984 2519 2047; x_wconf 82' lang='lat' dir='ltr'><strong>vi</strong></span> <span class='ocrx_word' id='word_1_133' title='bbox 2544 1995 2741 2068; x_wconf 88' lang='lat' dir='ltr'><strong>atque</strong></span> 
     </span>
     <span class='ocr_line' id='line_1_21' title="bbox 790 2066 2728 2152; baseline -0.001 -15"><span class='ocrx_word' id='word_1_134' title='bbox 790 2070 1076 2137; x_wconf 85' lang='lat' dir='ltr'><strong>efficacia</strong></span> <span class='ocrx_word' id='word_1_135' title='bbox 1110 2069 1453 2152; x_wconf 85' lang='lat' dir='ltr'><strong>signorum</strong></span> <span class='ocrx_word' id='word_1_136' title='bbox 1489 2075 1908 2133; x_wconf 81' lang='lat' dir='ltr'><strong>externorum</strong></span> <span class='ocrx_word' id='word_1_137' title='bbox 1932 2066 2012 2131; x_wconf 90' lang='lat' dir='ltr'><strong>ad</strong></span> <span class='ocrx_word' id='word_1_138' title='bbox 2037 2066 2254 2133; x_wconf 91' lang='lat' dir='ltr'><strong>Deum</strong></span> <span class='ocrx_word' id='word_1_139' title='bbox 2276 2069 2581 2135; x_wconf 84' lang='lat' dir='ltr'><strong>accedere</strong></span> <span class='ocrx_word' id='word_1_140' title='bbox 2609 2091 2728 2152; x_wconf 88' lang='lat' dir='ltr'><strong>per</strong></span> 
     </span>
     <span class='ocr_line' id='line_1_22' title="bbox 788 2152 2741 2237; baseline -0.001 -15"><span class='ocrx_word' id='word_1_141' title='bbox 788 2157 1156 2222; x_wconf 90' lang='lat' dir='ltr'><strong>Dominum</strong></span> <span class='ocrx_word' id='word_1_142' title='bbox 1243 2163 1540 2219; x_wconf 89' lang='lat' dir='ltr'><strong>nostrum</strong></span> <span class='ocrx_word' id='word_1_143' title='bbox 1608 2154 1827 2218; x_wconf 92' lang='lat' dir='ltr'><strong>Iesum</strong></span> <span class='ocrx_word' id='word_1_144' title='bbox 1896 2152 2267 2218; x_wconf 86' lang='lat' dir='ltr'><strong>Christum:</strong></span> <span class='ocrx_word' id='word_1_145' title='bbox 2372 2176 2563 2237; x_wconf 88' lang='lat' dir='ltr'><strong>quem</strong></span> <span class='ocrx_word' id='word_1_146' title='bbox 2626 2156 2741 2220; x_wconf 91' lang='lat' dir='ltr'><strong>illa</strong></span> 
     </span>
     <span class='ocr_line' id='line_1_23' title="bbox 792 2239 2741 2328; baseline -0.001 -20"><span class='ocrx_word' id='word_1_147' title='bbox 792 2244 986 2328; x_wconf 85' lang='lat' dir='ltr'><strong>signa</strong></span> <span class='ocrx_word' id='word_1_148' title='bbox 1045 2239 1645 2322; x_wconf 87' lang='lat' dir='ltr'><strong>repraesentabant.</strong></span> <span class='ocrx_word' id='word_1_149' title='bbox 1736 2240 1984 2304; x_wconf 90' lang='lat' dir='ltr'><strong>Verum</strong></span> <span class='ocrx_word' id='word_1_150' title='bbox 2041 2239 2169 2304; x_wconf 88' lang='lat' dir='ltr'><strong>ista</strong></span> <span class='ocrx_word' id='word_1_151' title='bbox 2225 2241 2595 2306; x_wconf 83' lang='lat' dir='ltr'><strong>sacerdotes</strong></span> <span class='ocrx_word' id='word_1_152' title='bbox 2657 2263 2741 2307; x_wconf 92' lang='lat' dir='ltr'><strong>ne</strong></span> 
     </span>
     <span class='ocr_line' id='line_1_24' title="bbox 794 2323 2739 2410; baseline -0.001 -17"><span class='ocrx_word' id='word_1_153' title='bbox 794 2327 914 2394; x_wconf 90' lang='lat' dir='ltr'><strong>hili</strong></span> <span class='ocrx_word' id='word_1_154' title='bbox 978 2327 1243 2410; x_wconf 89' lang='lat' dir='ltr'><strong>quidem</strong></span> <span class='ocrx_word' id='word_1_155' title='bbox 1311 2325 1652 2403; x_wconf 90' lang='lat' dir='ltr'><strong>faciebant,</strong></span> <span class='ocrx_word' id='word_1_156' title='bbox 1720 2323 1911 2389; x_wconf 91' lang='lat' dir='ltr'><strong>modo</strong></span> <span class='ocrx_word' id='word_1_157' title='bbox 1955 2325 2239 2390; x_wconf 85' lang='lat' dir='ltr'><strong>ferveret</strong></span> <span class='ocrx_word' id='word_1_158' title='bbox 2281 2325 2428 2403; x_wconf 90' lang='lat' dir='ltr'><strong>olla,</strong></span> <span class='ocrx_word' id='word_1_159' title='bbox 2495 2339 2561 2391; x_wconf 92' lang='lat' dir='ltr'><strong>et</strong></span> <span class='ocrx_word' id='word_1_160' title='bbox 2595 2349 2739 2393; x_wconf 89' lang='lat' dir='ltr'><strong>car·</strong></span> 
     </span>
     <span class='ocr_line' id='line_1_25' title="bbox 793 2411 2736 2495; baseline -0.001 -16"><span class='ocrx_word' id='word_1_161' title='bbox 793 2415 979 2479; x_wconf 91' lang='lat' dir='ltr'><strong>nium</strong></span> <span class='ocrx_word' id='word_1_162' title='bbox 1045 2413 1298 2495; x_wconf 90' lang='lat' dir='ltr'><strong>copiam</strong></span> <span class='ocrx_word' id='word_1_163' title='bbox 1365 2411 1762 2476; x_wconf 88' lang='lat' dir='ltr'><strong>torridarum</strong></span> <span class='ocrx_word' id='word_1_164' title='bbox 1828 2425 1893 2474; x_wconf 89' lang='lat' dir='ltr'><strong>et</strong></span> <span class='ocrx_word' id='word_1_165' title='bbox 1957 2411 2277 2475; x_wconf 86' lang='lat' dir='ltr'><strong>elixarum</strong></span> <span class='ocrx_word' id='word_1_166' title='bbox 2345 2412 2736 2478; x_wconf 87' lang='lat' dir='ltr'><strong>obtinerent.</strong></span> 
     </span>
     <span class='ocr_line' id='line_1_26' title="bbox 793 2495 2739 2580; baseline -0.001 -15"><span class='ocrx_word' id='word_1_167' title='bbox 793 2499 975 2565; x_wconf 87' lang='lat' dir='ltr'><strong>Hinc</strong></span> <span class='ocrx_word' id='word_1_168' title='bbox 1028 2499 1248 2580; x_wconf 89' lang='lat' dir='ltr'><strong>itaque</strong></span> <span class='ocrx_word' id='word_1_169' title='bbox 1327 2496 1748 2579; x_wconf 89' lang='lat' dir='ltr'><strong>conspicuum</strong></span> <span class='ocrx_word' id='word_1_170' title='bbox 1811 2495 1954 2562; x_wconf 90' lang='lat' dir='ltr'><strong>illos</strong></span> <span class='ocrx_word' id='word_1_171' title='bbox 1999 2498 2276 2561; x_wconf 85' lang='lat' dir='ltr'><strong>frontem</strong></span> <span class='ocrx_word' id='word_1_172' title='bbox 2323 2499 2739 2580; x_wconf 88' lang='lat' dir='ltr'><strong>perfricuisse</strong></span> 
     </span>
     <span class='ocr_line' id='line_1_27' title="bbox 796 2581 2738 2667; baseline 0 -17"><span class='ocrx_word' id='word_1_173' title='bbox 796 2584 1113 2651; x_wconf 87' lang='lat' dir='ltr'><strong>adversus</strong></span> <span class='ocrx_word' id='word_1_174' title='bbox 1150 2581 1527 2662; x_wconf 90' lang='lat' dir='ltr'><strong>Dominum,</strong></span> <span class='ocrx_word' id='word_1_175' title='bbox 1562 2592 1629 2647; x_wconf 91' lang='lat' dir='ltr'><strong>et</strong></span> <span class='ocrx_word' id='word_1_176' title='bbox 1660 2581 2264 2648; x_wconf 86' lang='lat' dir='ltr'><strong>contumacissimos</strong></span> <span class='ocrx_word' id='word_1_177' title='bbox 2287 2584 2503 2661; x_wconf 88' lang='lat' dir='ltr'><strong>fuisse,</strong></span> <span class='ocrx_word' id='word_1_178' title='bbox 2542 2595 2738 2667; x_wconf 87' lang='lat' dir='ltr'><strong>atque</strong></span> 
     </span>
     <span class='ocr_line' id='line_1_28' title="bbox 794 2666 2738 2754; baseline -0.001 -18"><span class='ocrx_word' id='word_1_179' title='bbox 794 2692 834 2736; x_wconf 91' lang='lat' dir='ltr'><strong>a</strong></span> <span class='ocrx_word' id='word_1_180' title='bbox 868 2669 1157 2736; x_wconf 90' lang='lat' dir='ltr'><strong>Domino</strong></span> <span class='ocrx_word' id='word_1_181' title='bbox 1197 2666 1484 2735; x_wconf 85' lang='lat' dir='ltr'><strong>Satanae</strong></span> <span class='ocrx_word' id='word_1_182' title='bbox 1519 2669 1977 2753; x_wconf 91' lang='lat' dir='ltr'><strong>emancipatos,</strong></span> <span class='ocrx_word' id='word_1_183' title='bbox 2017 2678 2087 2733; x_wconf 89' lang='lat' dir='ltr'><strong>ut</strong></span> <span class='ocrx_word' id='word_1_184' title='bbox 2125 2668 2429 2753; x_wconf 82' lang='lat' dir='ltr'><strong>deinceps</strong></span> <span class='ocrx_word' id='word_1_185' title='bbox 2451 2670 2738 2754; x_wconf 91' lang='lat' dir='ltr'><strong>amplius</strong></span> 
     </span>
     <span class='ocr_line' id='line_1_29' title="bbox 795 2756 1377 2823; baseline -0.007 1"><span class='ocrx_word' id='word_1_186' title='bbox 795 2756 1082 2823; x_wconf 78' lang='lat' dir='ltr'><strong>audituri</strong></span> <span class='ocrx_word' id='word_1_187' title='bbox 1127 2776 1377 2821; x_wconf 89' lang='lat' dir='ltr'><strong>sumus.</strong></span> 
     </span>
    </p>

    <p class='ocr_par' dir='ltr' id='par_1_3' title="bbox 781 2837 2738 4984">
     <span class='ocr_line' id='line_1_30' title="bbox 966 2837 2736 2926; baseline 0 -21"><span class='ocrx_word' id='word_1_188' title='bbox 966 2841 1272 2926; x_wconf 90' lang='lat' dir='ltr'><strong>Denique</strong></span> <span class='ocrx_word' id='word_1_189' title='bbox 1329 2840 1410 2905; x_wconf 90' lang='lat' dir='ltr'><strong>ab</strong></span> <span class='ocrx_word' id='word_1_190' title='bbox 1468 2839 1611 2905; x_wconf 86' lang='lat' dir='ltr'><strong>istis</strong></span> <span class='ocrx_word' id='word_1_191' title='bbox 1655 2837 2084 2905; x_wconf 89' lang='lat' dir='ltr'><strong>admissorum</strong></span> <span class='ocrx_word' id='word_1_192' title='bbox 2131 2855 2546 2923; x_wconf 89' lang='lat' dir='ltr'><strong>peccatorum</strong></span> <span class='ocrx_word' id='word_1_193' title='bbox 2591 2862 2736 2925; x_wconf 85' lang='lat' dir='ltr'><strong>gra-</strong></span> 
     </span>
     <span class='ocr_line' id='line_1_31' title="bbox 794 2924 2738 3009; baseline 0 -16"><span class='ocrx_word' id='word_1_194' title='bbox 794 2927 970 2993; x_wconf 82' lang='lat' dir='ltr'><strong>vitas</strong></span> <span class='ocrx_word' id='word_1_195' title='bbox 1036 2938 1305 2992; x_wconf 88' lang='lat' dir='ltr'><strong>notatur</strong></span> <span class='ocrx_word' id='word_1_196' title='bbox 1373 2926 1476 2990; x_wconf 91' lang='lat' dir='ltr'><strong>his</strong></span> <span class='ocrx_word' id='word_1_197' title='bbox 1544 2924 1778 3009; x_wconf 84' lang='lat' dir='ltr'><strong>verbis,</strong></span> <span class='ocrx_word' id='word_1_198' title='bbox 1845 2925 2018 3009; x_wconf 90' lang='lat' dir='ltr'><strong>quod</strong></span> <span class='ocrx_word' id='word_1_199' title='bbox 2090 2925 2410 3008; x_wconf 74' lang='lat' dir='ltr'><strong>sacrificia</strong></span> <span class='ocrx_word' id='word_1_200' title='bbox 2469 2926 2738 2994; x_wconf 77' lang='lat' dir='ltr'><strong>Domini</strong></span> 
     </span>
     <span class='ocr_line' id='line_1_32' title="bbox 793 3011 2735 3095; baseline -0.001 -15"><span class='ocrx_word' id='word_1_201' title='bbox 793 3014 1094 3080; x_wconf 78' lang='lat' dir='ltr'><strong>viluerint</strong></span> <span class='ocrx_word' id='word_1_202' title='bbox 1132 3019 1187 3078; x_wconf 75' lang='lat' dir='ltr'><strong>et</strong></span> <span class='ocrx_word' id='word_1_203' title='bbox 1219 3013 1416 3095; x_wconf 79' lang='lat' dir='ltr'><strong>parvi</strong></span> <span class='ocrx_word' id='word_1_204' title='bbox 1455 3011 1630 3093; x_wconf 80' lang='lat' dir='ltr'><strong>facta</strong></span> <span class='ocrx_word' id='word_1_205' title='bbox 1671 3012 1820 3076; x_wconf 72' lang='lat' dir='ltr'><strong>sint.</strong></span> <span class='ocrx_word' id='word_1_206' title='bbox 1909 3011 2131 3077; x_wconf 79' lang='lat' dir='ltr'><strong>Grave</strong></span> <span class='ocrx_word' id='word_1_207' title='bbox 2174 3034 2334 3079; x_wconf 89' lang='lat' dir='ltr'><strong>sane</strong></span> <span class='ocrx_word' id='word_1_208' title='bbox 2379 3014 2449 3077; x_wconf 92' lang='lat' dir='ltr'><strong>in</strong></span> <span class='ocrx_word' id='word_1_209' title='bbox 2484 3035 2555 3079; x_wconf 91' lang='lat' dir='ltr'><strong>se</strong></span> <span class='ocrx_word' id='word_1_210' title='bbox 2593 3014 2735 3091; x_wconf 81' lang='lat' dir='ltr'><strong>fuit,</strong></span> 
     </span>
     <span class='ocr_line' id='line_1_33' title="bbox 792 3095 2730 3184; baseline -0.001 -19"><span class='ocrx_word' id='word_1_211' title='bbox 792 3111 871 3166; x_wconf 91' lang='lat' dir='ltr'><strong>ut</strong></span> <span class='ocrx_word' id='word_1_212' title='bbox 915 3098 1220 3178; x_wconf 81' lang='lat' dir='ltr'><strong>diximus,</strong></span> <span class='ocrx_word' id='word_1_213' title='bbox 1266 3109 1624 3181; x_wconf 89' lang='lat' dir='ltr'><strong>peccatum,</strong></span> <span class='ocrx_word' id='word_1_214' title='bbox 1668 3095 1782 3162; x_wconf 90' lang='lat' dir='ltr'><strong>sed</strong></span> <span class='ocrx_word' id='word_1_215' title='bbox 1826 3118 1867 3161; x_wconf 88' lang='lat' dir='ltr'><strong>a</strong></span> <span class='ocrx_word' id='word_1_216' title='bbox 1909 3098 2142 3180; x_wconf 90' lang='lat' dir='ltr'><strong>spiritu</strong></span> <span class='ocrx_word' id='word_1_217' title='bbox 2178 3108 2404 3164; x_wconf 87' lang='lat' dir='ltr'><strong>sancto</strong></span> <span class='ocrx_word' id='word_1_218' title='bbox 2439 3098 2548 3166; x_wconf 89' lang='lat' dir='ltr'><strong>hic</strong></span> <span class='ocrx_word' id='word_1_219' title='bbox 2584 3119 2730 3184; x_wconf 90' lang='lat' dir='ltr'><strong>gra·</strong></span> 
     </span>
     <span class='ocr_line' id='line_1_34' title="bbox 795 3183 2734 3269; baseline -0.001 -17"><span class='ocrx_word' id='word_1_220' title='bbox 795 3188 944 3252; x_wconf 83' lang='lat' dir='ltr'><strong>vius</strong></span> <span class='ocrx_word' id='word_1_221' title='bbox 987 3187 1085 3269; x_wconf 84' lang='lat' dir='ltr'><strong>fit,</strong></span> <span class='ocrx_word' id='word_1_222' title='bbox 1141 3206 1342 3268; x_wconf 89' lang='lat' dir='ltr'><strong>quum</strong></span> <span class='ocrx_word' id='word_1_223' title='bbox 1405 3193 1751 3268; x_wconf 88' lang='lat' dir='ltr'><strong>propterea</strong></span> <span class='ocrx_word' id='word_1_224' title='bbox 1807 3184 2082 3266; x_wconf 88' lang='lat' dir='ltr'><strong>populus</strong></span> <span class='ocrx_word' id='word_1_225' title='bbox 2138 3183 2489 3250; x_wconf 87' lang='lat' dir='ltr'><strong>fastidiisse</strong></span> <span class='ocrx_word' id='word_1_226' title='bbox 2534 3186 2734 3251; x_wconf 90' lang='lat' dir='ltr'><strong>sacri-</strong></span> 
     </span>
     <span class='ocr_line' id='line_1_35' title="bbox 791 3269 2736 3346; baseline -0.001 -8"><span class='ocrx_word' id='word_1_227' title='bbox 791 3272 958 3346; x_wconf 88' lang='lat' dir='ltr'><strong>ficia,</strong></span> <span class='ocrx_word' id='word_1_228' title='bbox 1024 3282 1092 3336; x_wconf 90' lang='lat' dir='ltr'><strong>et</strong></span> <span class='ocrx_word' id='word_1_229' title='bbox 1154 3271 1599 3336; x_wconf 88' lang='lat' dir='ltr'><strong>sanctuarium</strong></span> <span class='ocrx_word' id='word_1_230' title='bbox 1646 3271 2088 3346; x_wconf 90' lang='lat' dir='ltr'><strong>contemsisse,</strong></span> <span class='ocrx_word' id='word_1_231' title='bbox 2157 3280 2224 3335; x_wconf 91' lang='lat' dir='ltr'><strong>et</strong></span> <span class='ocrx_word' id='word_1_232' title='bbox 2265 3271 2335 3335; x_wconf 92' lang='lat' dir='ltr'><strong>in</strong></span> <span class='ocrx_word' id='word_1_233' title='bbox 2378 3269 2511 3335; x_wconf 91' lang='lat' dir='ltr'><strong>Dei</strong></span> <span class='ocrx_word' id='word_1_234' title='bbox 2554 3269 2736 3337; x_wconf 88' lang='lat' dir='ltr'><strong>cultu</strong></span> 
     </span>
     <span class='ocr_line' id='line_1_36' title="bbox 792 3353 2735 3438; baseline -0.001 -14"><span class='ocrx_word' id='word_1_235' title='bbox 792 3358 1125 3424; x_wconf 84' lang='lat' dir='ltr'><strong>remissior</strong></span> <span class='ocrx_word' id='word_1_236' title='bbox 1189 3357 1422 3436; x_wconf 90' lang='lat' dir='ltr'><strong>factus,</strong></span> <span class='ocrx_word' id='word_1_237' title='bbox 1490 3354 1746 3422; x_wconf 88' lang='lat' dir='ltr'><strong>dicitur.</strong></span> <span class='ocrx_word' id='word_1_238' title='bbox 1839 3353 2155 3438; x_wconf 84' lang='lat' dir='ltr'><strong>Superius</strong></span> <span class='ocrx_word' id='word_1_239' title='bbox 2224 3377 2378 3421; x_wconf 83' lang='lat' dir='ltr'><strong>vero</strong></span> <span class='ocrx_word' id='word_1_240' title='bbox 2446 3355 2735 3423; x_wconf 83' lang='lat' dir='ltr'><strong>diximus</strong></span> 
     </span>
     <span class='ocr_line' id='line_1_37' title="bbox 795 3440 2734 3526; baseline -0.001 -18"><span class='ocrx_word' id='word_1_241' title='bbox 795 3443 1160 3526; x_wconf 89' lang='lat' dir='ltr'><strong>oportuisse</strong></span> <span class='ocrx_word' id='word_1_242' title='bbox 1206 3442 1381 3509; x_wconf 89' lang='lat' dir='ltr'><strong>hunc</strong></span> <span class='ocrx_word' id='word_1_243' title='bbox 1424 3441 1736 3526; x_wconf 86' lang='lat' dir='ltr'><strong>populum</strong></span> <span class='ocrx_word' id='word_1_244' title='bbox 1772 3440 1900 3505; x_wconf 94' lang='lat' dir='ltr'><strong>Dei</strong></span> <span class='ocrx_word' id='word_1_245' title='bbox 1947 3443 2159 3525; x_wconf 84' lang='lat' dir='ltr'><strong>gratia</strong></span> <span class='ocrx_word' id='word_1_246' title='bbox 2202 3452 2267 3506; x_wconf 94' lang='lat' dir='ltr'><strong>et</strong></span> <span class='ocrx_word' id='word_1_247' title='bbox 2310 3441 2535 3508; x_wconf 84' lang='lat' dir='ltr'><strong>favore</strong></span> <span class='ocrx_word' id='word_1_248' title='bbox 2579 3464 2734 3510; x_wconf 89' lang='lat' dir='ltr'><strong>con·</strong></span> 
     </span>
     <span class='ocr_line' id='line_1_38' title="bbox 793 3526 2735 3611; baseline -0.001 -17"><span class='ocrx_word' id='word_1_249' title='bbox 793 3529 1040 3595; x_wconf 87' lang='lat' dir='ltr'><strong>firmari</strong></span> <span class='ocrx_word' id='word_1_250' title='bbox 1098 3530 1166 3593; x_wconf 89' lang='lat' dir='ltr'><strong>in</strong></span> <span class='ocrx_word' id='word_1_251' title='bbox 1225 3528 1435 3610; x_wconf 90' lang='lat' dir='ltr'><strong>ipsius</strong></span> <span class='ocrx_word' id='word_1_252' title='bbox 1477 3527 1679 3605; x_wconf 92' lang='lat' dir='ltr'><strong>cultu,</strong></span> <span class='ocrx_word' id='word_1_253' title='bbox 1739 3526 1906 3610; x_wconf 90' lang='lat' dir='ltr'><strong>quod</strong></span> <span class='ocrx_word' id='word_1_254' title='bbox 1955 3549 2158 3610; x_wconf 91' lang='lat' dir='ltr'><strong>quum</strong></span> <span class='ocrx_word' id='word_1_255' title='bbox 2205 3527 2429 3611; x_wconf 89' lang='lat' dir='ltr'><strong>pietati</strong></span> <span class='ocrx_word' id='word_1_256' title='bbox 2474 3539 2542 3594; x_wconf 91' lang='lat' dir='ltr'><strong>et</strong></span> <span class='ocrx_word' id='word_1_257' title='bbox 2585 3529 2735 3595; x_wconf 90' lang='lat' dir='ltr'><strong>reli·</strong></span> 
     </span>
     <span class='ocr_line' id='line_1_39' title="bbox 796 3612 2736 3699; baseline 0.001 -21"><span class='ocrx_word' id='word_1_258' title='bbox 796 3615 974 3699; x_wconf 89' lang='lat' dir='ltr'><strong>gioni</strong></span> <span class='ocrx_word' id='word_1_259' title='bbox 1045 3613 1457 3679; x_wconf 88' lang='lat' dir='ltr'><strong>studentibus</strong></span> <span class='ocrx_word' id='word_1_260' title='bbox 1538 3613 1750 3678; x_wconf 91' lang='lat' dir='ltr'><strong>multa</strong></span> <span class='ocrx_word' id='word_1_261' title='bbox 1808 3612 1881 3676; x_wconf 91' lang='lat' dir='ltr'><strong>in</strong></span> <span class='ocrx_word' id='word_1_262' title='bbox 1947 3615 2320 3680; x_wconf 88' lang='lat' dir='ltr'><strong>sanctuario</strong></span> <span class='ocrx_word' id='word_1_263' title='bbox 2385 3614 2528 3698; x_wconf 89' lang='lat' dir='ltr'><strong>ipso</strong></span> <span class='ocrx_word' id='word_1_264' title='bbox 2594 3635 2736 3681; x_wconf 89' lang='lat' dir='ltr'><strong>sese</strong></span> 
     </span>
     <span class='ocr_line' id='line_1_40' title="bbox 796 3698 2734 3783; baseline 0.002 -19"><span class='ocrx_word' id='word_1_265' title='bbox 796 3698 1085 3783; x_wconf 91' lang='lat' dir='ltr'><strong>quotidie</strong></span> <span class='ocrx_word' id='word_1_266' title='bbox 1145 3700 1459 3765; x_wconf 88' lang='lat' dir='ltr'><strong>offerrent</strong></span> <span class='ocrx_word' id='word_1_267' title='bbox 1495 3698 1907 3778; x_wconf 82' lang='lat' dir='ltr'><strong>offendicula,</strong></span> <span class='ocrx_word' id='word_1_268' title='bbox 1949 3700 2183 3781; x_wconf 90' lang='lat' dir='ltr'><strong>quibus</strong></span> <span class='ocrx_word' id='word_1_269' title='bbox 2229 3720 2268 3764; x_wconf 91' lang='lat' dir='ltr'><strong>a</strong></span> <span class='ocrx_word' id='word_1_270' title='bbox 2311 3709 2539 3766; x_wconf 86' lang='lat' dir='ltr'><strong>sancto</strong></span> <span class='ocrx_word' id='word_1_271' title='bbox 2586 3721 2734 3782; x_wconf 90' lang='lat' dir='ltr'><strong>pro·</strong></span> 
     </span>
     <span class='ocr_line' id='line_1_41' title="bbox 792 3784 2734 3871; baseline 0 -21"><span class='ocrx_word' id='word_1_272' title='bbox 792 3787 1008 3871; x_wconf 89' lang='lat' dir='ltr'><strong>posito</strong></span> <span class='ocrx_word' id='word_1_273' title='bbox 1069 3784 1571 3863; x_wconf 88' lang='lat' dir='ltr'><strong>deterrerentur,</strong></span> <span class='ocrx_word' id='word_1_274' title='bbox 1632 3784 2059 3850; x_wconf 91' lang='lat' dir='ltr'><strong>nihilominus</strong></span> <span class='ocrx_word' id='word_1_275' title='bbox 2119 3798 2335 3851; x_wconf 90' lang='lat' dir='ltr'><strong>tamen</strong></span> <span class='ocrx_word' id='word_1_276' title='bbox 2393 3785 2466 3850; x_wconf 91' lang='lat' dir='ltr'><strong>in</strong></span> <span class='ocrx_word' id='word_1_277' title='bbox 2521 3787 2734 3852; x_wconf 84' lang='lat' dir='ltr'><strong>officio</strong></span> 
     </span>
     <span class='ocr_line' id='line_1_42' title="bbox 795 3871 2735 3938; baseline 0 -1"><span class='ocrx_word' id='word_1_278' title='bbox 795 3893 937 3938; x_wconf 87' lang='lat' dir='ltr'><strong>sese</strong></span> <span class='ocrx_word' id='word_1_279' title='bbox 980 3872 1488 3937; x_wconf 87' lang='lat' dir='ltr'><strong>continuissent:</strong></span> <span class='ocrx_word' id='word_1_280' title='bbox 1557 3872 1823 3936; x_wconf 89' lang='lat' dir='ltr'><strong>tandem</strong></span> <span class='ocrx_word' id='word_1_281' title='bbox 1870 3893 2023 3938; x_wconf 83' lang='lat' dir='ltr'><strong>vero</strong></span> <span class='ocrx_word' id='word_1_282' title='bbox 2065 3871 2400 3937; x_wconf 91' lang='lat' dir='ltr'><strong>fastidium</strong></span> <span class='ocrx_word' id='word_1_283' title='bbox 2446 3871 2591 3937; x_wconf 92' lang='lat' dir='ltr'><strong>illos</strong></span> <span class='ocrx_word' id='word_1_284' title='bbox 2635 3892 2735 3937; x_wconf 90' lang='lat' dir='ltr'><strong>ce-</strong></span> 
     </span>
     <span class='ocr_line' id='line_1_43' title="bbox 787 3956 2733 4042; baseline 0.001 -20"><span class='ocrx_word' id='word_1_285' title='bbox 787 3958 965 4042; x_wconf 88' lang='lat' dir='ltr'><strong>pisse</strong></span> <span class='ocrx_word' id='word_1_286' title='bbox 1024 3979 1197 4023; x_wconf 91' lang='lat' dir='ltr'><strong>nunc</strong></span> <span class='ocrx_word' id='word_1_287' title='bbox 1256 3956 1570 4022; x_wconf 90' lang='lat' dir='ltr'><strong>audimus.</strong></span> <span class='ocrx_word' id='word_1_288' title='bbox 1664 3957 1855 4039; x_wconf 82' lang='lat' dir='ltr'><strong>Quod</strong></span> <span class='ocrx_word' id='word_1_289' title='bbox 1916 3978 1954 4022; x_wconf 90' lang='lat' dir='ltr'><strong>a</strong></span> <span class='ocrx_word' id='word_1_290' title='bbox 1998 3957 2190 4023; x_wconf 92' lang='lat' dir='ltr'><strong>nobis</strong></span> <span class='ocrx_word' id='word_1_291' title='bbox 2238 3967 2336 4024; x_wconf 92' lang='lat' dir='ltr'><strong>est</strong></span> <span class='ocrx_word' id='word_1_292' title='bbox 2380 3956 2733 4042; x_wconf 84' lang='lat' dir='ltr'><strong>diligenter</strong></span> 
     </span>
     <span class='ocr_line' id='line_1_44' title="bbox 784 4041 2732 4128; baseline -0.001 -18"><span class='ocrx_word' id='word_1_293' title='bbox 784 4042 1299 4110; x_wconf 82' lang='lat' dir='ltr'><strong>observandum:</strong></span> <span class='ocrx_word' id='word_1_294' title='bbox 1362 4063 1509 4106; x_wconf 89' lang='lat' dir='ltr'><strong>nam</strong></span> <span class='ocrx_word' id='word_1_295' title='bbox 1559 4041 1861 4108; x_wconf 87' lang='lat' dir='ltr'><strong>docemur</strong></span> <span class='ocrx_word' id='word_1_296' title='bbox 1910 4043 2030 4109; x_wconf 91' lang='lat' dir='ltr'><strong>hoc</strong></span> <span class='ocrx_word' id='word_1_297' title='bbox 2073 4043 2374 4127; x_wconf 83' lang='lat' dir='ltr'><strong>exemplo</strong></span> <span class='ocrx_word' id='word_1_298' title='bbox 2404 4066 2544 4128; x_wconf 87' lang='lat' dir='ltr'><strong>nos,</strong></span> <span class='ocrx_word' id='word_1_299' title='bbox 2574 4044 2732 4109; x_wconf 91' lang='lat' dir='ltr'><strong>licet</strong></span> 
     </span>
     <span class='ocr_line' id='line_1_45' title="bbox 785 4129 2733 4212; baseline -0.001 -16"><span class='ocrx_word' id='word_1_300' title='bbox 785 4149 988 4196; x_wconf 87' lang='lat' dir='ltr'><strong>unam</strong></span> <span class='ocrx_word' id='word_1_301' title='bbox 1027 4141 1140 4193; x_wconf 90' lang='lat' dir='ltr'><strong>aut</strong></span> <span class='ocrx_word' id='word_1_302' title='bbox 1177 4129 1448 4194; x_wconf 88' lang='lat' dir='ltr'><strong>alteram</strong></span> <span class='ocrx_word' id='word_1_303' title='bbox 1473 4129 1899 4194; x_wconf 85' lang='lat' dir='ltr'><strong>tentationem</strong></span> <span class='ocrx_word' id='word_1_304' title='bbox 1924 4130 2473 4212; x_wconf 85' lang='lat' dir='ltr'><strong>superaverimus,</strong></span> <span class='ocrx_word' id='word_1_305' title='bbox 2511 4142 2733 4195; x_wconf 88' lang='lat' dir='ltr'><strong>tamen</strong></span> 
     </span>
     <span class='ocr_line' id='line_1_46' title="bbox 784 4213 2732 4297; baseline 0 -16"><span class='ocrx_word' id='word_1_306' title='bbox 784 4216 915 4281; x_wconf 91' lang='lat' dir='ltr'><strong>nisi</strong></span> <span class='ocrx_word' id='word_1_307' title='bbox 977 4213 1107 4279; x_wconf 91' lang='lat' dir='ltr'><strong>Dei</strong></span> <span class='ocrx_word' id='word_1_308' title='bbox 1174 4215 1378 4297; x_wconf 92' lang='lat' dir='ltr'><strong>ipsius</strong></span> <span class='ocrx_word' id='word_1_309' title='bbox 1435 4235 1631 4278; x_wconf 90' lang='lat' dir='ltr'><strong>manu</strong></span> <span class='ocrx_word' id='word_1_310' title='bbox 1693 4214 2157 4291; x_wconf 87' lang='lat' dir='ltr'><strong>sustineamur,</strong></span> <span class='ocrx_word' id='word_1_311' title='bbox 2225 4215 2493 4280; x_wconf 90' lang='lat' dir='ltr'><strong>tandem</strong></span> <span class='ocrx_word' id='word_1_312' title='bbox 2540 4226 2732 4281; x_wconf 91' lang='lat' dir='ltr'><strong>nuta·</strong></span> 
     </span>
     <span class='ocr_line' id='line_1_47' title="bbox 785 4299 2730 4385; baseline 0 -18"><span class='ocrx_word' id='word_1_313' title='bbox 785 4311 993 4385; x_wconf 85' lang='lat' dir='ltr'><strong>turos,</strong></span> <span class='ocrx_word' id='word_1_314' title='bbox 1038 4302 1171 4365; x_wconf 92' lang='lat' dir='ltr'><strong>imo</strong></span> <span class='ocrx_word' id='word_1_315' title='bbox 1215 4311 1284 4365; x_wconf 91' lang='lat' dir='ltr'><strong>et</strong></span> <span class='ocrx_word' id='word_1_316' title='bbox 1324 4318 1595 4384; x_wconf 89' lang='lat' dir='ltr'><strong>prorsus</strong></span> <span class='ocrx_word' id='word_1_317' title='bbox 1640 4299 1722 4365; x_wconf 92' lang='lat' dir='ltr'><strong>ab</strong></span> <span class='ocrx_word' id='word_1_318' title='bbox 1765 4299 1981 4366; x_wconf 85' lang='lat' dir='ltr'><strong>officio</strong></span> <span class='ocrx_word' id='word_1_319' title='bbox 2018 4300 2410 4367; x_wconf 87' lang='lat' dir='ltr'><strong>defecturos.</strong></span> <span class='ocrx_word' id='word_1_320' title='bbox 2478 4301 2730 4383; x_wconf 79' lang='lat' dir='ltr'><strong>Quam·</strong></span> 
     </span>
     <span class='ocr_line' id='line_1_48' title="bbox 785 4387 2732 4470; baseline -0.001 -16"><span class='ocrx_word' id='word_1_321' title='bbox 785 4389 1012 4454; x_wconf 90' lang='lat' dir='ltr'><strong>obrem</strong></span> <span class='ocrx_word' id='word_1_322' title='bbox 1077 4408 1223 4451; x_wconf 89' lang='lat' dir='ltr'><strong>eam</strong></span> <span class='ocrx_word' id='word_1_323' title='bbox 1282 4387 1803 4469; x_wconf 82' lang='lat' dir='ltr'><strong>perseverantiae</strong></span> <span class='ocrx_word' id='word_1_324' title='bbox 1867 4396 2063 4470; x_wconf 91' lang='lat' dir='ltr'><strong>atque</strong></span> <span class='ocrx_word' id='word_1_325' title='bbox 2129 4389 2530 4454; x_wconf 90' lang='lat' dir='ltr'><strong>constantiae</strong></span> <span class='ocrx_word' id='word_1_326' title='bbox 2600 4389 2732 4452; x_wconf 83' lang='lat' dir='ltr'><strong>vim</strong></span> 
     </span>
     <span class='ocr_line' id='line_1_49' title="bbox 786 4471 2733 4556; baseline -0.002 -16"><span class='ocrx_word' id='word_1_327' title='bbox 786 4494 929 4541; x_wconf 90' lang='lat' dir='ltr'><strong>esse</strong></span> <span class='ocrx_word' id='word_1_328' title='bbox 973 4474 1272 4549; x_wconf 89' lang='lat' dir='ltr'><strong>sciamus,</strong></span> <span class='ocrx_word' id='word_1_329' title='bbox 1321 4478 1394 4537; x_wconf 93' lang='lat' dir='ltr'><strong>ut</strong></span> <span class='ocrx_word' id='word_1_330' title='bbox 1438 4471 1738 4555; x_wconf 90' lang='lat' dir='ltr'><strong>precibus</strong></span> <span class='ocrx_word' id='word_1_331' title='bbox 1774 4471 2194 4556; x_wconf 86' lang='lat' dir='ltr'><strong>efflagitanda</strong></span> <span class='ocrx_word' id='word_1_332' title='bbox 2230 4473 2316 4539; x_wconf 92' lang='lat' dir='ltr'><strong>sit</strong></span> <span class='ocrx_word' id='word_1_333' title='bbox 2350 4496 2388 4540; x_wconf 88' lang='lat' dir='ltr'><strong>a</strong></span> <span class='ocrx_word' id='word_1_334' title='bbox 2424 4473 2733 4551; x_wconf 91' lang='lat' dir='ltr'><strong>Domino,</strong></span> 
     </span>
     <span class='ocr_line' id='line_1_50' title="bbox 781 4556 2732 4645; baseline -0.001 -19"><span class='ocrx_word' id='word_1_335' title='bbox 781 4582 911 4645; x_wconf 89' lang='lat' dir='ltr'><strong>quo</strong></span> <span class='ocrx_word' id='word_1_336' title='bbox 964 4569 1268 4642; x_wconf 88' lang='lat' dir='ltr'><strong>coeptum</strong></span> <span class='ocrx_word' id='word_1_337' title='bbox 1324 4558 1393 4622; x_wconf 89' lang='lat' dir='ltr'><strong>in</strong></span> <span class='ocrx_word' id='word_1_338' title='bbox 1449 4556 1635 4623; x_wconf 87' lang='lat' dir='ltr'><strong>nobis</strong></span> <span class='ocrx_word' id='word_1_339' title='bbox 1691 4579 1854 4642; x_wconf 90' lang='lat' dir='ltr'><strong>opus</strong></span> <span class='ocrx_word' id='word_1_340' title='bbox 1897 4560 2209 4641; x_wconf 88' lang='lat' dir='ltr'><strong>perficiat,</strong></span> <span class='ocrx_word' id='word_1_341' title='bbox 2270 4569 2336 4625; x_wconf 92' lang='lat' dir='ltr'><strong>et</strong></span> <span class='ocrx_word' id='word_1_342' title='bbox 2407 4557 2490 4623; x_wconf 90' lang='lat' dir='ltr'><strong>ad</strong></span> <span class='ocrx_word' id='word_1_343' title='bbox 2534 4561 2732 4624; x_wconf 88' lang='lat' dir='ltr'><strong>finem</strong></span> 
     </span>
     <span class='ocr_line' id='line_1_51' title="bbox 786 4642 2735 4730; baseline -0.002 -18"><span class='ocrx_word' id='word_1_344' title='bbox 786 4668 992 4730; x_wconf 87' lang='lat' dir='ltr'><strong>usque</strong></span> <span class='ocrx_word' id='word_1_345' title='bbox 1062 4666 1180 4710; x_wconf 91' lang='lat' dir='ltr'><strong>nos</strong></span> <span class='ocrx_word' id='word_1_346' title='bbox 1223 4656 1600 4710; x_wconf 89' lang='lat' dir='ltr'><strong>constanter</strong></span> <span class='ocrx_word' id='word_1_347' title='bbox 1645 4642 1939 4723; x_wconf 86' lang='lat' dir='ltr'><strong>deducat,</strong></span> <span class='ocrx_word' id='word_1_348' title='bbox 2013 4667 2093 4710; x_wconf 91' lang='lat' dir='ltr'><strong>ne</strong></span> <span class='ocrx_word' id='word_1_349' title='bbox 2139 4642 2221 4711; x_wconf 90' lang='lat' dir='ltr'><strong>ad</strong></span> <span class='ocrx_word' id='word_1_350' title='bbox 2266 4644 2438 4710; x_wconf 90' lang='lat' dir='ltr'><strong>diem</strong></span> <span class='ocrx_word' id='word_1_351' title='bbox 2486 4655 2608 4711; x_wconf 90' lang='lat' dir='ltr'><strong>aut</strong></span> <span class='ocrx_word' id='word_1_352' title='bbox 2652 4642 2735 4710; x_wconf 90' lang='lat' dir='ltr'><strong>ad</strong></span> 
     </span>
     <span class='ocr_line' id='line_1_52' title="bbox 785 4729 2733 4814; baseline -0.002 -16"><span class='ocrx_word' id='word_1_353' title='bbox 785 4752 1036 4798; x_wconf 89' lang='lat' dir='ltr'><strong>annum</strong></span> <span class='ocrx_word' id='word_1_354' title='bbox 1083 4752 1289 4796; x_wconf 93' lang='lat' dir='ltr'><strong>unum</strong></span> <span class='ocrx_word' id='word_1_355' title='bbox 1337 4739 1452 4796; x_wconf 90' lang='lat' dir='ltr'><strong>aut</strong></span> <span class='ocrx_word' id='word_1_356' title='bbox 1497 4729 1800 4814; x_wconf 88' lang='lat' dir='ltr'><strong>alterum,</strong></span> <span class='ocrx_word' id='word_1_357' title='bbox 1845 4729 1961 4795; x_wconf 88' lang='lat' dir='ltr'><strong>sed</strong></span> <span class='ocrx_word' id='word_1_358' title='bbox 1997 4731 2067 4796; x_wconf 92' lang='lat' dir='ltr'><strong>in</strong></span> <span class='ocrx_word' id='word_1_359' title='bbox 2110 4752 2369 4797; x_wconf 91' lang='lat' dir='ltr'><strong>omnem</strong></span> <span class='ocrx_word' id='word_1_360' title='bbox 2421 4731 2619 4796; x_wconf 82' lang='lat' dir='ltr'><strong>vitam</strong></span> <span class='ocrx_word' id='word_1_361' title='bbox 2663 4732 2733 4795; x_wconf 92' lang='lat' dir='ltr'><strong>in</strong></span> 
     </span>
     <span class='ocr_line' id='line_1_53' title="bbox 786 4815 2737 4900; baseline -0.002 -16"><span class='ocrx_word' id='word_1_362' title='bbox 786 4840 980 4884; x_wconf 90' lang='lat' dir='ltr'><strong>cursu</strong></span> <span class='ocrx_word' id='word_1_363' title='bbox 1056 4829 1284 4899; x_wconf 86' lang='lat' dir='ltr'><strong>coepto</strong></span> <span class='ocrx_word' id='word_1_364' title='bbox 1359 4815 1632 4882; x_wconf 83' lang='lat' dir='ltr'><strong>feliciter</strong></span> <span class='ocrx_word' id='word_1_365' title='bbox 1708 4836 2087 4899; x_wconf 90' lang='lat' dir='ltr'><strong>pergamus:</strong></span> <span class='ocrx_word' id='word_1_366' title='bbox 2177 4818 2417 4882; x_wconf 88' lang='lat' dir='ltr'><strong>futuris</strong></span> <span class='ocrx_word' id='word_1_367' title='bbox 2483 4816 2737 4900; x_wconf 87' lang='lat' dir='ltr'><strong>alioqui</strong></span> 
     </span>
     <span class='ocr_line' id='line_1_54' title="bbox 786 4901 2732 4984; baseline 0 -15"><span class='ocrx_word' id='word_1_368' title='bbox 786 4904 975 4970; x_wconf 89' lang='lat' dir='ltr'><strong>nobis</strong></span> <span class='ocrx_word' id='word_1_369' title='bbox 1030 4901 1352 4969; x_wconf 89' lang='lat' dir='ltr'><strong>similibus</strong></span> <span class='ocrx_word' id='word_1_370' title='bbox 1410 4902 1553 4967; x_wconf 93' lang='lat' dir='ltr'><strong>istis</strong></span> <span class='ocrx_word' id='word_1_371' title='bbox 1607 4903 1719 4984; x_wconf 91' lang='lat' dir='ltr'><strong>qui</strong></span> <span class='ocrx_word' id='word_1_372' title='bbox 1780 4902 1933 4968; x_wconf 89' lang='lat' dir='ltr'><strong>licet</strong></span> <span class='ocrx_word' id='word_1_373' title='bbox 1987 4901 2069 4968; x_wconf 92' lang='lat' dir='ltr'><strong>de</strong></span> <span class='ocrx_word' id='word_1_374' title='bbox 2126 4924 2243 4968; x_wconf 87' lang='lat' dir='ltr'><strong>suo</strong></span> <span class='ocrx_word' id='word_1_375' title='bbox 2301 4908 2444 4969; x_wconf 91' lang='lat' dir='ltr'><strong>iure</strong></span> <span class='ocrx_word' id='word_1_376' title='bbox 2499 4903 2732 4971; x_wconf 90' lang='lat' dir='ltr'><strong>cedere</strong></span> 
     </span>
    </p>

    <p class='ocr_par' dir='ltr' id='par_1_4' title="bbox 785 4987 2735 5247">
     <span class='ocr_line' id='line_1_55' title="bbox 835 4987 2735 5074; baseline -0.001 -20"><span class='ocrx_word' id='word_1_377' title='bbox 835 4989 1003 5054; x_wconf 88' lang='lat' dir='ltr'><strong>arati</strong></span> <span class='ocrx_word' id='word_1_378' title='bbox 1038 4989 1329 5064; x_wconf 87' lang='lat' dir='ltr'><strong>fuissent,</strong></span> <span class='ocrx_word' id='word_1_379' title='bbox 1375 4998 1444 5053; x_wconf 90' lang='lat' dir='ltr'><strong>et</strong></span> <span class='ocrx_word' id='word_1_380' title='bbox 1478 4987 1799 5071; x_wconf 86' lang='lat' dir='ltr'><strong>quaslibet</strong></span> <span class='ocrx_word' id='word_1_381' title='bbox 1821 4988 2098 5054; x_wconf 87' lang='lat' dir='ltr'><strong>iniurias</strong></span> <span class='ocrx_word' id='word_1_382' title='bbox 2120 4990 2444 5071; x_wconf 83' lang='lat' dir='ltr'><strong>patienter</strong></span> <span class='ocrx_word' id='word_1_383' title='bbox 2467 4998 2735 5074; x_wconf 90' lang='lat' dir='ltr'><strong>propter</strong></span> 
     </span>
     <span class='ocr_line' id='line_1_56' title="bbox 785 5011 2732 5150; baseline 0.001 -10"><span class='ocrx_word' id='word_1_384' title='bbox 785 5011 918 5140; x_wconf 57' lang='lat' dir='ltr'><strong>ihi</strong></span> <span class='ocrx_word' id='word_1_385' title='bbox 978 5076 1227 5141; x_wconf 89' lang='lat' dir='ltr'><strong>cultum</strong></span> <span class='ocrx_word' id='word_1_386' title='bbox 1273 5076 1570 5150; x_wconf 87' lang='lat' dir='ltr'><strong>tolerare,</strong></span> <span class='ocrx_word' id='word_1_387' title='bbox 1620 5084 1842 5140; x_wconf 90' lang='lat' dir='ltr'><strong>tamen</strong></span> <span class='ocrx_word' id='word_1_388' title='bbox 1887 5073 2001 5139; x_wconf 91' lang='lat' dir='ltr'><strong>ubi</strong></span> <span class='ocrx_word' id='word_1_389' title='bbox 2049 5075 2303 5141; x_wconf 91' lang='lat' dir='ltr'><strong>nullum</strong></span> <span class='ocrx_word' id='word_1_390' title='bbox 2346 5096 2488 5142; x_wconf 89' lang='lat' dir='ltr'><strong>esse</strong></span> <span class='ocrx_word' id='word_1_391' title='bbox 2534 5077 2732 5141; x_wconf 87' lang='lat' dir='ltr'><strong>finem</strong></span> 
     </span>
     <span class='ocr_line' id='line_1_57' title="bbox 785 5159 2733 5247; baseline 0.001 -20"><span class='ocrx_word' id='word_1_392' title='bbox 785 5161 1112 5228; x_wconf 87' lang='lat' dir='ltr'><strong>malorum</strong></span> <span class='ocrx_word' id='word_1_393' title='bbox 1163 5161 1445 5228; x_wconf 89' lang='lat' dir='ltr'><strong>istorum</strong></span> <span class='ocrx_word' id='word_1_394' title='bbox 1497 5159 1744 5241; x_wconf 83' lang='lat' dir='ltr'><strong>vident,</strong></span> <span class='ocrx_word' id='word_1_395' title='bbox 1799 5161 2091 5227; x_wconf 89' lang='lat' dir='ltr'><strong>animum</strong></span> <span class='ocrx_word' id='word_1_396' title='bbox 2135 5161 2472 5241; x_wconf 89' lang='lat' dir='ltr'><strong>abiiciunt,</strong></span> <span class='ocrx_word' id='word_1_397' title='bbox 2539 5173 2733 5247; x_wconf 87' lang='lat' dir='ltr'><strong>atque</strong></span> 
     </span>
    </p>
   </div>
   <div class='ocr_carea' id='block_1_3' title="bbox 2473 241 3128 310">
    <p class='ocr_par' dir='ltr' id='par_1_5' title="bbox 2473 241 3128 310">
     <span class='ocr_line' id='line_1_58' title="bbox 2473 241 3128 310; baseline -0.003 0"><span class='ocrx_word' id='word_1_398' title='bbox 2473 241 2888 310; x_wconf 81' lang='lat' dir='ltr'><strong>HOMILIA</strong></span> <span class='ocrx_word' id='word_1_399' title='bbox 2933 243 3128 310; x_wconf 89' lang='lat' dir='ltr'><strong>VIII.</strong></span> 
     </span>
    </p>
   </div>
   <div class='ocr_carea' id='block_1_4' title="bbox 4615 249 4718 317">
    <p class='ocr_par' dir='ltr' id='par_1_6' title="bbox 4615 249 4718 317">
     <span class='ocr_line' id='line_1_59' title="bbox 4615 249 4718 317; baseline 0 0"><span class='ocrx_word' id='word_1_400' title='bbox 4615 249 4718 317; x_wconf 79' lang='lat'><strong>324</strong></span> 
     </span>
    </p>
   </div>
   <div class='ocr_carea' id='block_1_5' title="bbox 2836 432 4738 5247">
    <p class='ocr_par' dir='ltr' id='par_1_7' title="bbox 2836 432 4728 1206">
     <span class='ocr_line' id='line_1_60' title="bbox 2836 432 4719 519; baseline 0.002 -18"><span class='ocrx_word' id='word_1_401' title='bbox 2836 455 2970 503; x_wconf 89' lang='lat' dir='ltr'><strong>non</strong></span> <span class='ocrx_word' id='word_1_402' title='bbox 3038 440 3297 499; x_wconf 85' lang='lat' dir='ltr'><strong>tantum</strong></span> <span class='ocrx_word' id='word_1_403' title='bbox 3357 433 3426 499; x_wconf 91' lang='lat' dir='ltr'><strong>in</strong></span> <span class='ocrx_word' id='word_1_404' title='bbox 3483 433 3694 499; x_wconf 86' lang='lat' dir='ltr'><strong>officio</strong></span> <span class='ocrx_word' id='word_1_405' title='bbox 3746 432 4043 499; x_wconf 84' lang='lat' dir='ltr'><strong>faciendo</strong></span> <span class='ocrx_word' id='word_1_406' title='bbox 4108 433 4503 501; x_wconf 85' lang='lat' dir='ltr'><strong>remissiores</strong></span> <span class='ocrx_word' id='word_1_407' title='bbox 4571 438 4719 519; x_wconf 87' lang='lat' dir='ltr'><strong>fiunt,</strong></span> 
     </span>
     <span class='ocr_line' id='line_1_61' title="bbox 2837 518 4720 604; baseline 0.002 -16"><span class='ocrx_word' id='word_1_408' title='bbox 2837 520 2951 588; x_wconf 89' lang='lat' dir='ltr'><strong>sed</strong></span> <span class='ocrx_word' id='word_1_409' title='bbox 3008 520 3080 586; x_wconf 91' lang='lat' dir='ltr'><strong>in</strong></span> <span class='ocrx_word' id='word_1_410' title='bbox 3134 519 3598 587; x_wconf 87' lang='lat' dir='ltr'><strong>sacrificiorum</strong></span> <span class='ocrx_word' id='word_1_411' title='bbox 3658 530 3725 585; x_wconf 89' lang='lat' dir='ltr'><strong>et</strong></span> <span class='ocrx_word' id='word_1_412' title='bbox 3765 518 4119 585; x_wconf 84' lang='lat' dir='ltr'><strong>sanctuarii</strong></span> <span class='ocrx_word' id='word_1_413' title='bbox 4163 532 4594 604; x_wconf 88' lang='lat' dir='ltr'><strong>contemptum</strong></span> <span class='ocrx_word' id='word_1_414' title='bbox 4632 546 4720 591; x_wconf 82' lang='lat' dir='ltr'><strong>ve-</strong></span> 
     </span>
     <span class='ocr_line' id='line_1_62' title="bbox 2837 604 4720 690; baseline 0.001 -16"><span class='ocrx_word' id='word_1_415' title='bbox 2837 610 3052 674; x_wconf 86' lang='lat' dir='ltr'><strong>niunt.</strong></span> <span class='ocrx_word' id='word_1_416' title='bbox 3140 605 3350 690; x_wconf 91' lang='lat' dir='ltr'><strong>Atqui</strong></span> <span class='ocrx_word' id='word_1_417' title='bbox 3412 628 3544 671; x_wconf 90' lang='lat' dir='ltr'><strong>non</strong></span> <span class='ocrx_word' id='word_1_418' title='bbox 3603 604 3748 672; x_wconf 91' lang='lat' dir='ltr'><strong>ideo</strong></span> <span class='ocrx_word' id='word_1_419' title='bbox 3807 613 4027 671; x_wconf 89' lang='lat' dir='ltr'><strong>tamen</strong></span> <span class='ocrx_word' id='word_1_420' title='bbox 4085 605 4257 690; x_wconf 91' lang='lat' dir='ltr'><strong>apud</strong></span> <span class='ocrx_word' id='word_1_421' title='bbox 4313 604 4522 672; x_wconf 91' lang='lat' dir='ltr'><strong>Deum</strong></span> <span class='ocrx_word' id='word_1_422' title='bbox 4563 630 4720 676; x_wconf 82' lang='lat' dir='ltr'><strong>excu-</strong></span> 
     </span>
     <span class='ocr_line' id='line_1_63' title="bbox 2837 692 4722 775; baseline 0.001 -15"><span class='ocrx_word' id='word_1_423' title='bbox 2837 693 3107 760; x_wconf 88' lang='lat' dir='ltr'><strong>sabiles:</strong></span> <span class='ocrx_word' id='word_1_424' title='bbox 3154 713 3363 775; x_wconf 90' lang='lat' dir='ltr'><strong>neque</strong></span> <span class='ocrx_word' id='word_1_425' title='bbox 3408 694 3580 757; x_wconf 89' lang='lat' dir='ltr'><strong>enim</strong></span> <span class='ocrx_word' id='word_1_426' title='bbox 3630 692 3771 756; x_wconf 91' lang='lat' dir='ltr'><strong>Deo</strong></span> <span class='ocrx_word' id='word_1_427' title='bbox 3808 692 4186 775; x_wconf 82' lang='lat' dir='ltr'><strong>quidquam,</strong></span> <span class='ocrx_word' id='word_1_428' title='bbox 4227 692 4575 759; x_wconf 87' lang='lat' dir='ltr'><strong>furentibus</strong></span> <span class='ocrx_word' id='word_1_429' title='bbox 4604 695 4722 763; x_wconf 82' lang='lat' dir='ltr'><strong>licet</strong></span> 
     </span>
     <span class='ocr_line' id='line_1_64' title="bbox 2839 776 4723 854; baseline 0.002 -9"><span class='ocrx_word' id='word_1_430' title='bbox 2839 778 3236 854; x_wconf 86' lang='lat' dir='ltr'><strong>hominibus,</strong></span> <span class='ocrx_word' id='word_1_431' title='bbox 3274 776 3774 843; x_wconf 88' lang='lat' dir='ltr'><strong>detrahendum.</strong></span> <span class='ocrx_word' id='word_1_432' title='bbox 3856 777 3990 844; x_wconf 82' lang='lat' dir='ltr'><strong>Sed</strong></span> <span class='ocrx_word' id='word_1_433' title='bbox 4026 778 4315 844; x_wconf 85' lang='lat' dir='ltr'><strong>maxima</strong></span> <span class='ocrx_word' id='word_1_434' title='bbox 4351 792 4449 843; x_wconf 88' lang='lat' dir='ltr'><strong>est</strong></span> <span class='ocrx_word' id='word_1_435' title='bbox 4480 781 4723 849; x_wconf 89' lang='lat' dir='ltr'><strong>omnium</strong></span> 
     </span>
     <span class='ocr_line' id='line_1_65' title="bbox 2840 863 4724 948; baseline 0.002 -18"><span class='ocrx_word' id='word_1_436' title='bbox 2840 865 3184 930; x_wconf 91' lang='lat' dir='ltr'><strong>hominum</strong></span> <span class='ocrx_word' id='word_1_437' title='bbox 3230 864 3504 930; x_wconf 87' lang='lat' dir='ltr'><strong>saeculis</strong></span> <span class='ocrx_word' id='word_1_438' title='bbox 3540 863 3840 930; x_wconf 90' lang='lat' dir='ltr'><strong>omnibus</strong></span> <span class='ocrx_word' id='word_1_439' title='bbox 3875 863 4318 930; x_wconf 86' lang='lat' dir='ltr'><strong>imbecillitas:</strong></span> <span class='ocrx_word' id='word_1_440' title='bbox 4383 876 4565 948; x_wconf 88' lang='lat' dir='ltr'><strong>atque</strong></span> <span class='ocrx_word' id='word_1_441' title='bbox 4616 866 4724 934; x_wconf 85' lang='lat' dir='ltr'><strong>ideo</strong></span> 
     </span>
     <span class='ocr_line' id='line_1_66' title="bbox 2838 949 4723 1035; baseline 0.002 -19"><span class='ocrx_word' id='word_1_442' title='bbox 2838 951 2970 1016; x_wconf 91' lang='lat' dir='ltr'><strong>Dei</strong></span> <span class='ocrx_word' id='word_1_443' title='bbox 3029 951 3308 1035; x_wconf 82' lang='lat' dir='ltr'><strong>gratiam</strong></span> <span class='ocrx_word' id='word_1_444' title='bbox 3355 949 3704 1032; x_wconf 88' lang='lat' dir='ltr'><strong>implorare</strong></span> <span class='ocrx_word' id='word_1_445' title='bbox 3748 949 4064 1027; x_wconf 86' lang='lat' dir='ltr'><strong>iubemur,</strong></span> <span class='ocrx_word' id='word_1_446' title='bbox 4130 949 4542 1035; x_wconf 83' lang='lat' dir='ltr'><strong>surgentibus</strong></span> <span class='ocrx_word' id='word_1_447' title='bbox 4578 974 4723 1019; x_wconf 77' lang='lat' dir='ltr'><strong>scau-</strong></span> 
     </span>
     <span class='ocr_line' id='line_1_67' title="bbox 2842 1035 4728 1121; baseline 0.001 -18"><span class='ocrx_word' id='word_1_448' title='bbox 2842 1038 3006 1103; x_wconf 87' lang='lat' dir='ltr'><strong>dalis</strong></span> <span class='ocrx_word' id='word_1_449' title='bbox 3062 1046 3129 1102; x_wconf 92' lang='lat' dir='ltr'><strong>et</strong></span> <span class='ocrx_word' id='word_1_450' title='bbox 3186 1035 3617 1113; x_wconf 82' lang='lat' dir='ltr'><strong>offendiculis,</strong></span> <span class='ocrx_word' id='word_1_451' title='bbox 3675 1057 3757 1100; x_wconf 91' lang='lat' dir='ltr'><strong>ne</strong></span> <span class='ocrx_word' id='word_1_452' title='bbox 3801 1056 3844 1101; x_wconf 89' lang='lat' dir='ltr'><strong>a</strong></span> <span class='ocrx_word' id='word_1_453' title='bbox 3887 1049 4067 1101; x_wconf 88' lang='lat' dir='ltr'><strong>recta</strong></span> <span class='ocrx_word' id='word_1_454' title='bbox 4110 1036 4221 1103; x_wconf 83' lang='lat' dir='ltr'><strong>via</strong></span> <span class='ocrx_word' id='word_1_455' title='bbox 4263 1058 4547 1121; x_wconf 87' lang='lat' dir='ltr'><strong>unquam</strong></span> <span class='ocrx_word' id='word_1_456' title='bbox 4587 1041 4728 1105; x_wconf 85' lang='lat' dir='ltr'><strong>aber-</strong></span> 
     </span>
     <span class='ocr_line' id='line_1_68' title="bbox 2840 1121 4081 1206; baseline -0.002 -17"><span class='ocrx_word' id='word_1_457' title='bbox 2840 1143 3083 1201; x_wconf 87' lang='lat' dir='ltr'><strong>remus,</strong></span> <span class='ocrx_word' id='word_1_458' title='bbox 3131 1121 3639 1206; x_wconf 79' lang='lat' dir='ltr'><strong>religionemque</strong></span> <span class='ocrx_word' id='word_1_459' title='bbox 3684 1121 4081 1187; x_wconf 88' lang='lat' dir='ltr'><strong>abiiciamus.</strong></span> 
     </span>
    </p>

    <p class='ocr_par' dir='ltr' id='par_1_8' title="bbox 2838 1207 4737 3872">
     <span class='ocr_line' id='line_1_69' title="bbox 3013 1207 4728 1292; baseline 0.001 -18"><span class='ocrx_word' id='word_1_460' title='bbox 3013 1207 3203 1289; x_wconf 81' lang='lat' dir='ltr'><strong>Quod</strong></span> <span class='ocrx_word' id='word_1_461' title='bbox 3271 1229 3465 1292; x_wconf 89' lang='lat' dir='ltr'><strong>porro</strong></span> <span class='ocrx_word' id='word_1_462' title='bbox 3525 1208 3768 1291; x_wconf 72' lang='lat' dir='ltr'><strong>yrande</strong></span> <span class='ocrx_word' id='word_1_463' title='bbox 3830 1207 3938 1274; x_wconf 75' lang='lat' dir='ltr'><strong>hoc</strong></span> <span class='ocrx_word' id='word_1_464' title='bbox 3981 1214 4310 1290; x_wconf 74' lang='lat' dir='ltr'><strong>peccatum</strong></span> <span class='ocrx_word' id='word_1_465' title='bbox 4375 1227 4572 1274; x_wconf 71' lang='lat' dir='ltr'><strong>coram</strong></span> <span class='ocrx_word' id='word_1_466' title='bbox 4625 1209 4728 1276; x_wconf 85' lang='lat' dir='ltr'><strong>Do-</strong></span> 
     </span>
     <span class='ocr_line' id='line_1_70' title="bbox 2839 1293 4729 1377; baseline -0.002 -15"><span class='ocrx_word' id='word_1_467' title='bbox 2839 1295 3011 1362; x_wconf 79' lang='lat' dir='ltr'><strong>mino</strong></span> <span class='ocrx_word' id='word_1_468' title='bbox 3071 1294 3329 1375; x_wconf 90' lang='lat' dir='ltr'><strong>dicitur,</strong></span> <span class='ocrx_word' id='word_1_469' title='bbox 3387 1315 3496 1360; x_wconf 91' lang='lat' dir='ltr'><strong>eos</strong></span> <span class='ocrx_word' id='word_1_470' title='bbox 3557 1293 3863 1358; x_wconf 87' lang='lat' dir='ltr'><strong>admonet</strong></span> <span class='ocrx_word' id='word_1_471' title='bbox 3919 1315 4038 1377; x_wconf 89' lang='lat' dir='ltr'><strong>per</strong></span> <span class='ocrx_word' id='word_1_472' title='bbox 4083 1315 4245 1377; x_wconf 90' lang='lat' dir='ltr'><strong>quos</strong></span> <span class='ocrx_word' id='word_1_473' title='bbox 4288 1294 4581 1361; x_wconf 86' lang='lat' dir='ltr'><strong>scandala</strong></span> <span class='ocrx_word' id='word_1_474' title='bbox 4611 1316 4729 1360; x_wconf 80' lang='lat' dir='ltr'><strong>eve·</strong></span> 
     </span>
     <span class='ocr_line' id='line_1_71' title="bbox 2843 1379 4730 1459; baseline 0 -13"><span class='ocrx_word' id='word_1_475' title='bbox 2843 1384 3054 1459; x_wconf 90' lang='lat' dir='ltr'><strong>niunt,</strong></span> <span class='ocrx_word' id='word_1_476' title='bbox 3103 1379 3245 1445; x_wconf 92' lang='lat' dir='ltr'><strong>Deo</strong></span> <span class='ocrx_word' id='word_1_477' title='bbox 3290 1381 3609 1444; x_wconf 89' lang='lat' dir='ltr'><strong>rationem</strong></span> <span class='ocrx_word' id='word_1_478' title='bbox 3654 1380 3807 1444; x_wconf 91' lang='lat' dir='ltr'><strong>olim</strong></span> <span class='ocrx_word' id='word_1_479' title='bbox 3855 1401 4002 1445; x_wconf 88' lang='lat' dir='ltr'><strong>esse</strong></span> <span class='ocrx_word' id='word_1_480' title='bbox 4031 1380 4355 1446; x_wconf 86' lang='lat' dir='ltr'><strong>factorum</strong></span> <span class='ocrx_word' id='word_1_481' title='bbox 4395 1379 4730 1458; x_wconf 83' lang='lat' dir='ltr'><strong>redditurus,</strong></span> 
     </span>
     <span class='ocr_line' id='line_1_72' title="bbox 2842 1465 4730 1549; baseline -0.001 -16"><span class='ocrx_word' id='word_1_482' title='bbox 2842 1481 3041 1549; x_wconf 89' lang='lat' dir='ltr'><strong>atque</strong></span> <span class='ocrx_word' id='word_1_483' title='bbox 3064 1465 3456 1533; x_wconf 87' lang='lat' dir='ltr'><strong>horrendam</strong></span> <span class='ocrx_word' id='word_1_484' title='bbox 3483 1467 3656 1547; x_wconf 90' lang='lat' dir='ltr'><strong>ipsos</strong></span> <span class='ocrx_word' id='word_1_485' title='bbox 3681 1466 4031 1531; x_wconf 83' lang='lat' dir='ltr'><strong>vindictam</strong></span> <span class='ocrx_word' id='word_1_486' title='bbox 4060 1487 4342 1544; x_wconf 87' lang='lat' dir='ltr'><strong>manere,</strong></span> <span class='ocrx_word' id='word_1_487' title='bbox 4363 1466 4443 1529; x_wconf 88' lang='lat' dir='ltr'><strong>ad</strong></span> <span class='ocrx_word' id='word_1_488' title='bbox 4470 1469 4638 1533; x_wconf 88' lang='lat' dir='ltr'><strong>cuius</strong></span> <span class='ocrx_word' id='word_1_489' title='bbox 4653 1467 4730 1532; x_wconf 84' lang='lat' dir='ltr'><strong>vel</strong></span> 
     </span>
     <span class='ocr_line' id='line_1_73' title="bbox 2842 1552 4732 1636; baseline 0.001 -19"><span class='ocrx_word' id='word_1_490' title='bbox 2842 1553 3244 1619; x_wconf 82' lang='lat' dir='ltr'><strong>levissimam</strong></span> <span class='ocrx_word' id='word_1_491' title='bbox 3289 1552 3746 1636; x_wconf 88' lang='lat' dir='ltr'><strong>cogitationem</strong></span> <span class='ocrx_word' id='word_1_492' title='bbox 3795 1562 3963 1617; x_wconf 90' lang='lat' dir='ltr'><strong>totos</strong></span> <span class='ocrx_word' id='word_1_493' title='bbox 3998 1553 4178 1635; x_wconf 92' lang='lat' dir='ltr'><strong>ipsos</strong></span> <span class='ocrx_word' id='word_1_494' title='bbox 4218 1552 4483 1619; x_wconf 85' lang='lat' dir='ltr'><strong>horrere</strong></span> <span class='ocrx_word' id='word_1_495' title='bbox 4516 1573 4732 1619; x_wconf 82' lang='lat' dir='ltr'><strong>necesse</strong></span> 
     </span>
     <span class='ocr_line' id='line_1_74' title="bbox 2844 1637 4733 1722; baseline -0.001 -17"><span class='ocrx_word' id='word_1_496' title='bbox 2844 1642 2948 1717; x_wconf 88' lang='lat' dir='ltr'><strong>sit,</strong></span> <span class='ocrx_word' id='word_1_497' title='bbox 2994 1639 3123 1703; x_wconf 91' lang='lat' dir='ltr'><strong>nisi</strong></span> <span class='ocrx_word' id='word_1_498' title='bbox 3169 1658 3399 1703; x_wconf 91' lang='lat' dir='ltr'><strong>sensus</strong></span> <span class='ocrx_word' id='word_1_499' title='bbox 3443 1637 3657 1702; x_wconf 89' lang='lat' dir='ltr'><strong>omnis</strong></span> <span class='ocrx_word' id='word_1_500' title='bbox 3701 1648 4003 1722; x_wconf 83' lang='lat' dir='ltr'><strong>expertes</strong></span> <span class='ocrx_word' id='word_1_501' title='bbox 4040 1638 4304 1703; x_wconf 83' lang='lat' dir='ltr'><strong>fuerint.</strong></span> <span class='ocrx_word' id='word_1_502' title='bbox 4397 1638 4733 1704; x_wconf 70' lang='lat' dir='ltr'><strong>Certissima</strong></span> 
     </span>
     <span class='ocr_line' id='line_1_75' title="bbox 2843 1723 4732 1806; baseline -0.001 -14"><span class='ocrx_word' id='word_1_503' title='bbox 2843 1727 3022 1792; x_wconf 91' lang='lat' dir='ltr'><strong>enim</strong></span> <span class='ocrx_word' id='word_1_504' title='bbox 3066 1724 3179 1788; x_wconf 90' lang='lat' dir='ltr'><strong>illa</strong></span> <span class='ocrx_word' id='word_1_505' title='bbox 3222 1734 3323 1789; x_wconf 92' lang='lat' dir='ltr'><strong>est</strong></span> <span class='ocrx_word' id='word_1_506' title='bbox 3368 1724 3636 1788; x_wconf 91' lang='lat' dir='ltr'><strong>Domini</strong></span> <span class='ocrx_word' id='word_1_507' title='bbox 3681 1723 3889 1806; x_wconf 91' lang='lat' dir='ltr'><strong>ipsius</strong></span> <span class='ocrx_word' id='word_1_508' title='bbox 3936 1725 4294 1790; x_wconf 88' lang='lat' dir='ltr'><strong>sententia:</strong></span> <span class='ocrx_word' id='word_1_509' title='bbox 4344 1724 4486 1789; x_wconf 86' lang='lat' dir='ltr'><strong>Vae</strong></span> <span class='ocrx_word' id='word_1_510' title='bbox 4528 1725 4732 1790; x_wconf 88' lang='lat' dir='ltr'><strong>homini</strong></span> 
     </span>
     <span class='ocr_line' id='line_1_76' title="bbox 2842 1808 4733 1894; baseline -0.001 -17"><span class='ocrx_word' id='word_1_511' title='bbox 2842 1812 2940 1878; x_wconf 93' lang='lat' dir='ltr'><strong>illi</strong></span> <span class='ocrx_word' id='word_1_512' title='bbox 2984 1832 3101 1894; x_wconf 90' lang='lat' dir='ltr'><strong>per</strong></span> <span class='ocrx_word' id='word_1_513' title='bbox 3145 1831 3339 1893; x_wconf 89' lang='lat' dir='ltr'><strong>quem</strong></span> <span class='ocrx_word' id='word_1_514' title='bbox 3374 1808 3841 1874; x_wconf 82' lang='lat' dir='ltr'><strong>offendiculum</strong></span> <span class='ocrx_word' id='word_1_515' title='bbox 3885 1810 4143 1874; x_wconf 84' lang='lat' dir='ltr'><strong>evenit:</strong></span> <span class='ocrx_word' id='word_1_516' title='bbox 4189 1811 4584 1893; x_wconf 87' lang='lat' dir='ltr'><strong>praestiterit</strong></span> <span class='ocrx_word' id='word_1_517' title='bbox 4612 1811 4733 1876; x_wconf 88' lang='lat' dir='ltr'><strong>eiut</strong></span> 
     </span>
     <span class='ocr_line' id='line_1_77' title="bbox 2844 1895 4734 1980; baseline -0.002 -16"><span class='ocrx_word' id='word_1_518' title='bbox 2844 1896 3288 1980; x_wconf 91' lang='lat' dir='ltr'><strong>suspendatur</strong></span> <span class='ocrx_word' id='word_1_519' title='bbox 3331 1895 3507 1960; x_wconf 88' lang='lat' dir='ltr'><strong>mola</strong></span> <span class='ocrx_word' id='word_1_520' title='bbox 3549 1895 3835 1960; x_wconf 87' lang='lat' dir='ltr'><strong>asinaria</strong></span> <span class='ocrx_word' id='word_1_521' title='bbox 3876 1895 3946 1959; x_wconf 92' lang='lat' dir='ltr'><strong>in</strong></span> <span class='ocrx_word' id='word_1_522' title='bbox 3992 1896 4157 1962; x_wconf 92' lang='lat' dir='ltr'><strong>collo</strong></span> <span class='ocrx_word' id='word_1_523' title='bbox 4200 1896 4357 1976; x_wconf 91' lang='lat' dir='ltr'><strong>eius,</strong></span> <span class='ocrx_word' id='word_1_524' title='bbox 4411 1916 4487 1961; x_wconf 87' lang='lat' dir='ltr'><strong>ac</strong></span> <span class='ocrx_word' id='word_1_525' title='bbox 4527 1895 4734 1961; x_wconf 85' lang='lat' dir='ltr'><strong>demer-</strong></span> 
     </span>
     <span class='ocr_line' id='line_1_78' title="bbox 2843 1980 4733 2069; baseline -0.001 -21"><span class='ocrx_word' id='word_1_526' title='bbox 2843 1993 3040 2069; x_wconf 91' lang='lat' dir='ltr'><strong>gatur</strong></span> <span class='ocrx_word' id='word_1_527' title='bbox 3081 1983 3152 2046; x_wconf 93' lang='lat' dir='ltr'><strong>in</strong></span> <span class='ocrx_word' id='word_1_528' title='bbox 3199 1980 3516 2065; x_wconf 91' lang='lat' dir='ltr'><strong>profundo</strong></span> <span class='ocrx_word' id='word_1_529' title='bbox 3560 1982 3777 2046; x_wconf 90' lang='lat' dir='ltr'><strong>maris.</strong></span> <span class='ocrx_word' id='word_1_530' title='bbox 3868 1980 4037 2062; x_wconf 79' lang='lat' dir='ltr'><strong>Quis</strong></span> <span class='ocrx_word' id='word_1_531' title='bbox 4081 1982 4161 2047; x_wconf 92' lang='lat' dir='ltr'><strong>ad</strong></span> <span class='ocrx_word' id='word_1_532' title='bbox 4207 1982 4381 2047; x_wconf 90' lang='lat' dir='ltr'><strong>hanc</strong></span> <span class='ocrx_word' id='word_1_533' title='bbox 4420 1983 4615 2066; x_wconf 90' lang='lat' dir='ltr'><strong>ipsius</strong></span> <span class='ocrx_word' id='word_1_534' title='bbox 4659 1983 4733 2048; x_wconf 82' lang='lat' dir='ltr'><strong>su-</strong></span> 
     </span>
     <span class='ocr_line' id='line_1_79' title="bbox 2847 2068 4735 2136; baseline -0.001 -3"><span class='ocrx_word' id='word_1_535' title='bbox 2847 2071 2978 2136; x_wconf 89' lang='lat' dir='ltr'><strong>turi</strong></span> <span class='ocrx_word' id='word_1_536' title='bbox 3039 2068 3270 2133; x_wconf 92' lang='lat' dir='ltr'><strong>iudicis</strong></span> <span class='ocrx_word' id='word_1_537' title='bbox 3327 2069 3716 2131; x_wconf 89' lang='lat' dir='ltr'><strong>sententiam</strong></span> <span class='ocrx_word' id='word_1_538' title='bbox 3779 2078 3954 2132; x_wconf 91' lang='lat' dir='ltr'><strong>totus</strong></span> <span class='ocrx_word' id='word_1_539' title='bbox 4011 2089 4141 2132; x_wconf 89' lang='lat' dir='ltr'><strong>non</strong></span> <span class='ocrx_word' id='word_1_540' title='bbox 4186 2068 4630 2135; x_wconf 76' lang='lat' dir='ltr'><strong>cohorrescat?</strong></span> <span class='ocrx_word' id='word_1_541' title='bbox 4666 2068 4735 2132; x_wconf 86' lang='lat' dir='ltr'><strong>At</strong></span> 
     </span>
     <span class='ocr_line' id='line_1_80' title="bbox 2846 2151 4734 2239; baseline -0.001 -18"><span class='ocrx_word' id='word_1_542' title='bbox 2846 2156 2902 2221; x_wconf 91' lang='lat' dir='ltr'><strong>si</strong></span> <span class='ocrx_word' id='word_1_543' title='bbox 2959 2154 3007 2219; x_wconf 93' lang='lat' dir='ltr'><strong>ii</strong></span> <span class='ocrx_word' id='word_1_544' title='bbox 3067 2174 3228 2237; x_wconf 92' lang='lat' dir='ltr'><strong>quos</strong></span> <span class='ocrx_word' id='word_1_545' title='bbox 3286 2151 3432 2218; x_wconf 89' lang='lat' dir='ltr'><strong>aliis</strong></span> <span class='ocrx_word' id='word_1_546' title='bbox 3487 2154 3773 2235; x_wconf 87' lang='lat' dir='ltr'><strong>oportuit</strong></span> <span class='ocrx_word' id='word_1_547' title='bbox 3817 2154 3992 2219; x_wconf 83' lang='lat' dir='ltr'><strong>vitae</strong></span> <span class='ocrx_word' id='word_1_548' title='bbox 4035 2155 4473 2220; x_wconf 88' lang='lat' dir='ltr'><strong>sanctimonia</strong></span> <span class='ocrx_word' id='word_1_549' title='bbox 4512 2157 4734 2239; x_wconf 83' lang='lat' dir='ltr'><strong>praeire,</strong></span> 
     </span>
     <span class='ocr_line' id='line_1_81' title="bbox 2846 2239 4735 2323; baseline -0.001 -16"><span class='ocrx_word' id='word_1_550' title='bbox 2846 2249 3002 2307; x_wconf 91' lang='lat' dir='ltr'><strong>sunt</strong></span> <span class='ocrx_word' id='word_1_551' title='bbox 3051 2240 3266 2323; x_wconf 90' lang='lat' dir='ltr'><strong>potius</strong></span> <span class='ocrx_word' id='word_1_552' title='bbox 3301 2239 3698 2323; x_wconf 87' lang='lat' dir='ltr'><strong>flagitiorum</strong></span> <span class='ocrx_word' id='word_1_553' title='bbox 3730 2251 3796 2303; x_wconf 92' lang='lat' dir='ltr'><strong>et</strong></span> <span class='ocrx_word' id='word_1_554' title='bbox 3828 2239 4182 2322; x_wconf 90' lang='lat' dir='ltr'><strong>impietatis</strong></span> <span class='ocrx_word' id='word_1_555' title='bbox 4217 2242 4435 2306; x_wconf 90' lang='lat' dir='ltr'><strong>omnis</strong></span> <span class='ocrx_word' id='word_1_556' title='bbox 4468 2240 4735 2323; x_wconf 82' lang='lat' dir='ltr'><strong>exempla,</strong></span> 
     </span>
     <span class='ocr_line' id='line_1_82' title="bbox 2846 2322 4737 2402; baseline 0.001 -11"><span class='ocrx_word' id='word_1_557' title='bbox 2846 2336 2921 2391; x_wconf 88' lang='lat' dir='ltr'><strong>ut</strong></span> <span class='ocrx_word' id='word_1_558' title='bbox 2965 2346 3004 2390; x_wconf 91' lang='lat' dir='ltr'><strong>a</strong></span> <span class='ocrx_word' id='word_1_559' title='bbox 3047 2334 3225 2391; x_wconf 84' lang='lat' dir='ltr'><strong>recta</strong></span> <span class='ocrx_word' id='word_1_560' title='bbox 3273 2325 3378 2390; x_wconf 83' lang='lat' dir='ltr'><strong>via</strong></span> <span class='ocrx_word' id='word_1_561' title='bbox 3421 2323 3583 2389; x_wconf 91' lang='lat' dir='ltr'><strong>alios</strong></span> <span class='ocrx_word' id='word_1_562' title='bbox 3630 2322 3988 2402; x_wconf 87' lang='lat' dir='ltr'><strong>abducant,</strong></span> <span class='ocrx_word' id='word_1_563' title='bbox 4050 2339 4123 2390; x_wconf 93' lang='lat' dir='ltr'><strong>ut</strong></span> <span class='ocrx_word' id='word_1_564' title='bbox 4161 2324 4287 2391; x_wconf 90' lang='lat' dir='ltr'><strong>Dei</strong></span> <span class='ocrx_word' id='word_1_565' title='bbox 4326 2337 4540 2393; x_wconf 88' lang='lat' dir='ltr'><strong>metus</strong></span> <span class='ocrx_word' id='word_1_566' title='bbox 4571 2325 4737 2392; x_wconf 75' lang='lat' dir='ltr'><strong>omniu</strong></span> 
     </span>
     <span class='ocr_line' id='line_1_83' title="bbox 2846 2410 4736 2491; baseline 0 -14"><span class='ocrx_word' id='word_1_567' title='bbox 2846 2412 3135 2488; x_wconf 88' lang='lat' dir='ltr'><strong>tollatur,</strong></span> <span class='ocrx_word' id='word_1_568' title='bbox 3214 2430 3370 2475; x_wconf 81' lang='lat' dir='ltr'><strong>vere</strong></span> <span class='ocrx_word' id='word_1_569' title='bbox 3435 2410 3786 2491; x_wconf 83' lang='lat' dir='ltr'><strong>flagitiosos</strong></span> <span class='ocrx_word' id='word_1_570' title='bbox 3849 2422 3915 2476; x_wconf 91' lang='lat' dir='ltr'><strong>et</strong></span> <span class='ocrx_word' id='word_1_571' title='bbox 3979 2412 4499 2479; x_wconf 86' lang='lat' dir='ltr'><strong>inemendabiles</strong></span> <span class='ocrx_word' id='word_1_572' title='bbox 4558 2414 4736 2478; x_wconf 75' lang='lat' dir='ltr'><strong>istius·</strong></span> 
     </span>
     <span class='ocr_line' id='line_1_84' title="bbox 2845 2495 4734 2582; baseline -0.002 -18"><span class='ocrx_word' id='word_1_573' title='bbox 2845 2497 3022 2564; x_wconf 90' lang='lat' dir='ltr'><strong>modi</strong></span> <span class='ocrx_word' id='word_1_574' title='bbox 3065 2495 3360 2561; x_wconf 91' lang='lat' dir='ltr'><strong>homines</strong></span> <span class='ocrx_word' id='word_1_575' title='bbox 3404 2496 3669 2577; x_wconf 81' lang='lat' dir='ltr'><strong>dixeris,</strong></span> <span class='ocrx_word' id='word_1_576' title='bbox 3714 2511 3783 2562; x_wconf 88' lang='lat' dir='ltr'><strong>et</strong></span> <span class='ocrx_word' id='word_1_577' title='bbox 3824 2496 4117 2563; x_wconf 91' lang='lat' dir='ltr'><strong>criminis</strong></span> <span class='ocrx_word' id='word_1_578' title='bbox 4159 2497 4571 2582; x_wconf 85' lang='lat' dir='ltr'><strong>inexpiabilis</strong></span> <span class='ocrx_word' id='word_1_579' title='bbox 4609 2519 4734 2563; x_wconf 81' lang='lat' dir='ltr'><strong>reos.</strong></span> 
     </span>
     <span class='ocr_line' id='line_1_85' title="bbox 2843 2581 4735 2666; baseline -0.001 -16"><span class='ocrx_word' id='word_1_580' title='bbox 2843 2584 3060 2666; x_wconf 87' lang='lat' dir='ltr'><strong>Atque</strong></span> <span class='ocrx_word' id='word_1_581' title='bbox 3127 2583 3288 2648; x_wconf 89' lang='lat' dir='ltr'><strong>haec</strong></span> <span class='ocrx_word' id='word_1_582' title='bbox 3341 2581 3602 2665; x_wconf 90' lang='lat' dir='ltr'><strong>quidem</strong></span> <span class='ocrx_word' id='word_1_583' title='bbox 3650 2603 3816 2665; x_wconf 89' lang='lat' dir='ltr'><strong>quae</strong></span> <span class='ocrx_word' id='word_1_584' title='bbox 3861 2582 3939 2648; x_wconf 90' lang='lat' dir='ltr'><strong>de</strong></span> <span class='ocrx_word' id='word_1_585' title='bbox 3985 2583 4128 2649; x_wconf 89' lang='lat' dir='ltr'><strong>istis</strong></span> <span class='ocrx_word' id='word_1_586' title='bbox 4184 2584 4615 2650; x_wconf 89' lang='lat' dir='ltr'><strong>sacerdotibus</strong></span> <span class='ocrx_word' id='word_1_587' title='bbox 4657 2583 4735 2649; x_wconf 82' lang='lat' dir='ltr'><strong>hic</strong></span> 
     </span>
     <span class='ocr_line' id='line_1_86' title="bbox 2842 2667 4735 2755; baseline -0.001 -20"><span class='ocrx_word' id='word_1_588' title='bbox 2842 2680 3196 2735; x_wconf 89' lang='lat' dir='ltr'><strong>narrantur</strong></span> <span class='ocrx_word' id='word_1_589' title='bbox 3251 2669 3519 2752; x_wconf 87' lang='lat' dir='ltr'><strong>flagitia,</strong></span> <span class='ocrx_word' id='word_1_590' title='bbox 3580 2669 3742 2750; x_wconf 88' lang='lat' dir='ltr'><strong>proh</strong></span> <span class='ocrx_word' id='word_1_591' title='bbox 3803 2667 4016 2733; x_wconf 87' lang='lat' dir='ltr'><strong>dolorl</strong></span> <span class='ocrx_word' id='word_1_592' title='bbox 4079 2671 4324 2735; x_wconf 91' lang='lat' dir='ltr'><strong>nostris</strong></span> <span class='ocrx_word' id='word_1_593' title='bbox 4385 2668 4735 2755; x_wconf 78' lang='lat' dir='ltr'><strong>temporibus</strong></span> 
     </span>
     <span class='ocr_line' id='line_1_87' title="bbox 2842 2754 4732 2840; baseline 0.001 -19"><span class='ocrx_word' id='word_1_594' title='bbox 2842 2767 3158 2821; x_wconf 84' lang='lat' dir='ltr'><strong>renovata</strong></span> <span class='ocrx_word' id='word_1_595' title='bbox 3204 2754 3360 2821; x_wconf 91' lang='lat' dir='ltr'><strong>licet</strong></span> <span class='ocrx_word' id='word_1_596' title='bbox 3395 2754 3787 2837; x_wconf 87' lang='lat' dir='ltr'><strong>conspicere.</strong></span> <span class='ocrx_word' id='word_1_597' title='bbox 3855 2754 4026 2821; x_wconf 88' lang='lat' dir='ltr'><strong>Nam</strong></span> <span class='ocrx_word' id='word_1_598' title='bbox 4066 2756 4218 2823; x_wconf 89' lang='lat' dir='ltr'><strong>licet</strong></span> <span class='ocrx_word' id='word_1_599' title='bbox 4254 2754 4498 2822; x_wconf 89' lang='lat' dir='ltr'><strong>multos</strong></span> <span class='ocrx_word' id='word_1_600' title='bbox 4533 2755 4732 2840; x_wconf 85' lang='lat' dir='ltr'><strong>passim</strong></span> 
     </span>
     <span class='ocr_line' id='line_1_88' title="bbox 2841 2839 4735 2926; baseline -0.002 -19"><span class='ocrx_word' id='word_1_601' title='bbox 2841 2840 3215 2907; x_wconf 91' lang='lat' dir='ltr'><strong>incredulos</strong></span> <span class='ocrx_word' id='word_1_602' title='bbox 3274 2840 3510 2923; x_wconf 92' lang='lat' dir='ltr'><strong>quibus</strong></span> <span class='ocrx_word' id='word_1_603' title='bbox 3567 2839 3893 2926; x_wconf 83' lang='lat' dir='ltr'><strong>evangelii</strong></span> <span class='ocrx_word' id='word_1_604' title='bbox 3954 2841 4138 2908; x_wconf 88' lang='lat' dir='ltr'><strong>nulla</strong></span> <span class='ocrx_word' id='word_1_605' title='bbox 4195 2863 4359 2908; x_wconf 89' lang='lat' dir='ltr'><strong>cura</strong></span> <span class='ocrx_word' id='word_1_606' title='bbox 4419 2854 4517 2908; x_wconf 89' lang='lat' dir='ltr'><strong>est</strong></span> <span class='ocrx_word' id='word_1_607' title='bbox 4556 2839 4735 2907; x_wconf 79' lang='lat' dir='ltr'><strong>videas</strong></span> 
     </span>
     <span class='ocr_line' id='line_1_89' title="bbox 2843 2926 4736 3011; baseline -0.001 -19"><span class='ocrx_word' id='word_1_608' title='bbox 2843 2939 3063 2992; x_wconf 88' lang='lat' dir='ltr'><strong>tamen</strong></span> <span class='ocrx_word' id='word_1_609' title='bbox 3118 2926 3309 2991; x_wconf 92' lang='lat' dir='ltr'><strong>multi</strong></span> <span class='ocrx_word' id='word_1_610' title='bbox 3353 2935 3509 2991; x_wconf 92' lang='lat' dir='ltr'><strong>sunt</strong></span> <span class='ocrx_word' id='word_1_611' title='bbox 3555 2937 3689 2991; x_wconf 91' lang='lat' dir='ltr'><strong>tam</strong></span> <span class='ocrx_word' id='word_1_612' title='bbox 3735 2927 4002 2992; x_wconf 87' lang='lat' dir='ltr'><strong>infimae</strong></span> <span class='ocrx_word' id='word_1_613' title='bbox 4047 2948 4244 3011; x_wconf 90' lang='lat' dir='ltr'><strong>quam</strong></span> <span class='ocrx_word' id='word_1_614' title='bbox 4290 2950 4582 2995; x_wconf 84' lang='lat' dir='ltr'><strong>summae</strong></span> <span class='ocrx_word' id='word_1_615' title='bbox 4617 2948 4736 2994; x_wconf 86' lang='lat' dir='ltr'><strong>cou-</strong></span> 
     </span>
     <span class='ocr_line' id='line_1_90' title="bbox 2842 3009 4734 3096; baseline -0.002 -18"><span class='ocrx_word' id='word_1_616' title='bbox 2842 3013 3110 3078; x_wconf 87' lang='lat' dir='ltr'><strong>ditionis</strong></span> <span class='ocrx_word' id='word_1_617' title='bbox 3169 3011 3467 3077; x_wconf 90' lang='lat' dir='ltr'><strong>homines</strong></span> <span class='ocrx_word' id='word_1_618' title='bbox 3513 3012 3720 3077; x_wconf 82' lang='lat' dir='ltr'><strong>divini</strong></span> <span class='ocrx_word' id='word_1_619' title='bbox 3763 3013 3980 3079; x_wconf 88' lang='lat' dir='ltr'><strong>cultus</strong></span> <span class='ocrx_word' id='word_1_620' title='bbox 4026 3013 4271 3096; x_wconf 89' lang='lat' dir='ltr'><strong>alioqui</strong></span> <span class='ocrx_word' id='word_1_621' title='bbox 4315 3014 4604 3089; x_wconf 88' lang='lat' dir='ltr'><strong>studiosi,</strong></span> <span class='ocrx_word' id='word_1_622' title='bbox 4650 3009 4734 3095; x_wconf 88' lang='lat' dir='ltr'><strong>qui</strong></span> 
     </span>
     <span class='ocr_line' id='line_1_91' title="bbox 2842 3097 4735 3181; baseline -0.002 -16"><span class='ocrx_word' id='word_1_623' title='bbox 2842 3097 3227 3165; x_wconf 88' lang='lat' dir='ltr'><strong>sceleratam</strong></span> <span class='ocrx_word' id='word_1_624' title='bbox 3285 3119 3363 3163; x_wconf 92' lang='lat' dir='ltr'><strong>ac</strong></span> <span class='ocrx_word' id='word_1_625' title='bbox 3420 3097 3812 3181; x_wconf 83' lang='lat' dir='ltr'><strong>flagitiosam</strong></span> <span class='ocrx_word' id='word_1_626' title='bbox 3877 3101 4128 3164; x_wconf 87' lang='lat' dir='ltr'><strong>romani</strong></span> <span class='ocrx_word' id='word_1_627' title='bbox 4188 3100 4346 3167; x_wconf 89' lang='lat' dir='ltr'><strong>cleri</strong></span> <span class='ocrx_word' id='word_1_628' title='bbox 4418 3101 4610 3166; x_wconf 83' lang='lat' dir='ltr'><strong>vitam</strong></span> <span class='ocrx_word' id='word_1_629' title='bbox 4664 3100 4735 3163; x_wconf 88' lang='lat' dir='ltr'><strong>iu-</strong></span> 
     </span>
     <span class='ocr_line' id='line_1_92' title="bbox 2844 3181 4733 3263; baseline 0 -14"><span class='ocrx_word' id='word_1_630' title='bbox 2844 3193 3123 3263; x_wconf 88' lang='lat' dir='ltr'><strong>tuentes,</strong></span> <span class='ocrx_word' id='word_1_631' title='bbox 3168 3183 3248 3248; x_wconf 92' lang='lat' dir='ltr'><strong>ab</strong></span> <span class='ocrx_word' id='word_1_632' title='bbox 3295 3181 3554 3248; x_wconf 91' lang='lat' dir='ltr'><strong>illorum</strong></span> <span class='ocrx_word' id='word_1_633' title='bbox 3591 3184 3882 3250; x_wconf 87' lang='lat' dir='ltr'><strong>coetibus</strong></span> <span class='ocrx_word' id='word_1_634' title='bbox 3926 3195 3994 3249; x_wconf 88' lang='lat' dir='ltr'><strong>et</strong></span> <span class='ocrx_word' id='word_1_635' title='bbox 4029 3183 4272 3251; x_wconf 84' lang='lat' dir='ltr'><strong>divinis</strong></span> <span class='ocrx_word' id='word_1_636' title='bbox 4308 3186 4589 3252; x_wconf 88' lang='lat' dir='ltr'><strong>cultibus</strong></span> <span class='ocrx_word' id='word_1_637' title='bbox 4620 3185 4733 3250; x_wconf 84' lang='lat' dir='ltr'><strong>abs·</strong></span> 
     </span>
     <span class='ocr_line' id='line_1_93' title="bbox 2843 3269 4734 3357; baseline 0 -22"><span class='ocrx_word' id='word_1_638' title='bbox 2843 3273 3075 3336; x_wconf 90' lang='lat' dir='ltr'><strong>tinent.</strong></span> <span class='ocrx_word' id='word_1_639' title='bbox 3163 3269 3335 3335; x_wconf 88' lang='lat' dir='ltr'><strong>Nam</strong></span> <span class='ocrx_word' id='word_1_640' title='bbox 3395 3290 3595 3352; x_wconf 90' lang='lat' dir='ltr'><strong>quum</strong></span> <span class='ocrx_word' id='word_1_641' title='bbox 3659 3271 3969 3353; x_wconf 90' lang='lat' dir='ltr'><strong>ipsosmet</strong></span> <span class='ocrx_word' id='word_1_642' title='bbox 4011 3270 4551 3357; x_wconf 85' lang='lat' dir='ltr'><strong>archiepiscopos,</strong></span> <span class='ocrx_word' id='word_1_643' title='bbox 4603 3270 4734 3353; x_wconf 79' lang='lat' dir='ltr'><strong>epis·</strong></span> 
     </span>
     <span class='ocr_line' id='line_1_94' title="bbox 2841 3354 4735 3440; baseline -0.002 -18"><span class='ocrx_word' id='word_1_644' title='bbox 2841 3375 3056 3440; x_wconf 90' lang='lat' dir='ltr'><strong>copos,</strong></span> <span class='ocrx_word' id='word_1_645' title='bbox 3114 3354 3397 3430; x_wconf 85' lang='lat' dir='ltr'><strong>abbates,</strong></span> <span class='ocrx_word' id='word_1_646' title='bbox 3455 3356 3745 3421; x_wconf 80' lang='lat' dir='ltr'><strong>maxima</strong></span> <span class='ocrx_word' id='word_1_647' title='bbox 3789 3356 4118 3437; x_wconf 87' lang='lat' dir='ltr'><strong>ecclesiae,</strong></span> <span class='ocrx_word' id='word_1_648' title='bbox 4163 3369 4238 3424; x_wconf 88' lang='lat' dir='ltr'><strong>ut</strong></span> <span class='ocrx_word' id='word_1_649' title='bbox 4281 3369 4543 3434; x_wconf 83' lang='lat' dir='ltr'><strong>vocant,</strong></span> <span class='ocrx_word' id='word_1_650' title='bbox 4583 3376 4735 3423; x_wconf 84' lang='lat' dir='ltr'><strong>orna·</strong></span> 
     </span>
     <span class='ocr_line' id='line_1_95' title="bbox 2843 3439 4737 3526; baseline 0.001 -20"><span class='ocrx_word' id='word_1_651' title='bbox 2843 3455 3085 3520; x_wconf 90' lang='lat' dir='ltr'><strong>menta,</strong></span> <span class='ocrx_word' id='word_1_652' title='bbox 3147 3448 3214 3507; x_wconf 89' lang='lat' dir='ltr'><strong>et</strong></span> <span class='ocrx_word' id='word_1_653' title='bbox 3257 3441 3572 3525; x_wconf 88' lang='lat' dir='ltr'><strong>reliquam</strong></span> <span class='ocrx_word' id='word_1_654' title='bbox 3621 3439 4148 3526; x_wconf 79' lang='lat' dir='ltr'><strong>presbyterorum</strong></span> <span class='ocrx_word' id='word_1_655' title='bbox 4197 3466 4273 3510; x_wconf 87' lang='lat' dir='ltr'><strong>ac</strong></span> <span class='ocrx_word' id='word_1_656' title='bbox 4313 3445 4737 3510; x_wconf 86' lang='lat' dir='ltr'><strong>monachorum</strong></span> 
     </span>
     <span class='ocr_line' id='line_1_96' title="bbox 2842 3527 4737 3615; baseline -0.002 -20"><span class='ocrx_word' id='word_1_657' title='bbox 2842 3528 3197 3606; x_wconf 90' lang='lat' dir='ltr'><strong>cohortem,</strong></span> <span class='ocrx_word' id='word_1_658' title='bbox 3243 3527 3368 3592; x_wconf 90' lang='lat' dir='ltr'><strong>Dei</strong></span> <span class='ocrx_word' id='word_1_659' title='bbox 3405 3527 3707 3593; x_wconf 90' lang='lat' dir='ltr'><strong>timorem</strong></span> <span class='ocrx_word' id='word_1_660' title='bbox 3744 3548 4004 3593; x_wconf 89' lang='lat' dir='ltr'><strong>omnem</strong></span> <span class='ocrx_word' id='word_1_661' title='bbox 4043 3530 4374 3608; x_wconf 89' lang='lat' dir='ltr'><strong>abiecisse,</strong></span> <span class='ocrx_word' id='word_1_662' title='bbox 4414 3528 4737 3615; x_wconf 78' lang='lat' dir='ltr'><strong>quaestibus</strong></span> 
     </span>
     <span class='ocr_line' id='line_1_97' title="bbox 2842 3613 4736 3699; baseline -0.001 -20"><span class='ocrx_word' id='word_1_663' title='bbox 2842 3634 2918 3679; x_wconf 92' lang='lat' dir='ltr'><strong>ac</strong></span> <span class='ocrx_word' id='word_1_664' title='bbox 2983 3613 3230 3697; x_wconf 89' lang='lat' dir='ltr'><strong>rapinis</strong></span> <span class='ocrx_word' id='word_1_665' title='bbox 3294 3614 3521 3696; x_wconf 90' lang='lat' dir='ltr'><strong>plenos</strong></span> <span class='ocrx_word' id='word_1_666' title='bbox 3586 3636 3746 3691; x_wconf 90' lang='lat' dir='ltr'><strong>esse,</strong></span> <span class='ocrx_word' id='word_1_667' title='bbox 3816 3636 3891 3681; x_wconf 92' lang='lat' dir='ltr'><strong>ac</strong></span> <span class='ocrx_word' id='word_1_668' title='bbox 3957 3613 4237 3699; x_wconf 90' lang='lat' dir='ltr'><strong>denique</strong></span> <span class='ocrx_word' id='word_1_669' title='bbox 4302 3615 4538 3683; x_wconf 85' lang='lat' dir='ltr'><strong>Ourios</strong></span> <span class='ocrx_word' id='word_1_670' title='bbox 4577 3616 4736 3681; x_wconf 88' lang='lat' dir='ltr'><strong>simu·</strong></span> 
     </span>
     <span class='ocr_line' id='line_1_98' title="bbox 2842 3699 4736 3786; baseline -0.001 -22"><span class='ocrx_word' id='word_1_671' title='bbox 2842 3699 3054 3765; x_wconf 89' lang='lat' dir='ltr'><strong>lantes</strong></span> <span class='ocrx_word' id='word_1_672' title='bbox 3114 3699 3537 3765; x_wconf 90' lang='lat' dir='ltr'><strong>bacchanalia</strong></span> <span class='ocrx_word' id='word_1_673' title='bbox 3599 3700 3821 3765; x_wconf 80' lang='lat' dir='ltr'><strong>vivere</strong></span> <span class='ocrx_word' id='word_1_674' title='bbox 3885 3703 4313 3785; x_wconf 86' lang='lat' dir='ltr'><strong>conspiciunt,</strong></span> <span class='ocrx_word' id='word_1_675' title='bbox 4375 3724 4504 3786; x_wconf 88' lang='lat' dir='ltr'><strong>quo</strong></span> <span class='ocrx_word' id='word_1_676' title='bbox 4560 3700 4736 3766; x_wconf 86' lang='lat' dir='ltr'><strong>animo</strong></span> 
     </span>
     <span class='ocr_line' id='line_1_99' title="bbox 2838 3779 4736 3872; baseline -0.003 -21"><span class='ocrx_word' id='word_1_677' title='bbox 2838 3795 3035 3851; x_wconf 72' lang='lat' dir='ltr'><strong>&#39;utas</strong></span> <span class='ocrx_word' id='word_1_678' title='bbox 3101 3805 3260 3869; x_wconf 89' lang='lat' dir='ltr'><strong>erga</strong></span> <span class='ocrx_word' id='word_1_679' title='bbox 3324 3785 3705 3851; x_wconf 89' lang='lat' dir='ltr'><strong>simulatum</strong></span> <span class='ocrx_word' id='word_1_680' title='bbox 3772 3784 3958 3851; x_wconf 90' lang='lat' dir='ltr'><strong>illum</strong></span> <span class='ocrx_word' id='word_1_681' title='bbox 4028 3786 4274 3853; x_wconf 92' lang='lat' dir='ltr'><strong>cultum</strong></span> <span class='ocrx_word' id='word_1_682' title='bbox 4333 3809 4523 3872; x_wconf 90' lang='lat' dir='ltr'><strong>posse</strong></span> <span class='ocrx_word' id='word_1_683' title='bbox 4564 3779 4736 3852; x_wconf 76' lang='lat' dir='ltr'><strong>affici?</strong></span> 
     </span>
    </p>

    <p class='ocr_par' dir='ltr' id='par_1_9' title="bbox 2839 3868 4738 5247">
     <span class='ocr_line' id='line_1_100' title="bbox 2908 3868 4738 3957; baseline -0.001 -22"><span class='ocrx_word' id='word_1_684' title='bbox 2908 3883 2935 3935; x_wconf 91' lang='lat' dir='ltr'><strong>t</strong></span> <span class='ocrx_word' id='word_1_685' title='bbox 3012 3868 3275 3954; x_wconf 90' lang='lat' dir='ltr'><strong>quidem</strong></span> <span class='ocrx_word' id='word_1_686' title='bbox 3352 3873 3559 3937; x_wconf 89' lang='lat' dir='ltr'><strong>fateor</strong></span> <span class='ocrx_word' id='word_1_687' title='bbox 3623 3871 3885 3936; x_wconf 90' lang='lat' dir='ltr'><strong>illorum</strong></span> <span class='ocrx_word' id='word_1_688' title='bbox 3955 3874 4202 3956; x_wconf 87' lang='lat' dir='ltr'><strong>templa</strong></span> <span class='ocrx_word' id='word_1_689' title='bbox 4244 3876 4492 3957; x_wconf 88' lang='lat' dir='ltr'><strong>passim</strong></span> <span class='ocrx_word' id='word_1_690' title='bbox 4535 3869 4738 3940; x_wconf 76' lang='lat' dir='ltr'><strong>crebris</strong></span> 
     </span>
     <span class='ocr_line' id='line_1_101' title="bbox 2841 3957 4738 4041; baseline -0.001 -17"><span class='ocrx_word' id='word_1_691' title='bbox 2841 3957 3293 4035; x_wconf 89' lang='lat' dir='ltr'><strong>cantiunculis,</strong></span> <span class='ocrx_word' id='word_1_692' title='bbox 3340 3979 3507 4041; x_wconf 90' lang='lat' dir='ltr'><strong>quae</strong></span> <span class='ocrx_word' id='word_1_693' title='bbox 3552 3969 3786 4024; x_wconf 84' lang='lat' dir='ltr'><strong>vocant</strong></span> <span class='ocrx_word' id='word_1_694' title='bbox 3821 3957 4174 4034; x_wconf 90' lang='lat' dir='ltr'><strong>Halleluia,</strong></span> <span class='ocrx_word' id='word_1_695' title='bbox 4222 3961 4518 4038; x_wconf 83' lang='lat' dir='ltr'><strong>reboant,</strong></span> <span class='ocrx_word' id='word_1_696' title='bbox 4559 3974 4615 4024; x_wconf 89' lang='lat' dir='ltr'><strong>et</strong></span> <span class='ocrx_word' id='word_1_697' title='bbox 4647 3957 4738 4022; x_wconf 74' lang='lat' dir='ltr'><strong>fro·</strong></span> 
     </span>
     <span class='ocr_line' id='line_1_102' title="bbox 2843 4042 4737 4127; baseline -0.001 -20"><span class='ocrx_word' id='word_1_698' title='bbox 2843 4042 3194 4127; x_wconf 91' lang='lat' dir='ltr'><strong>quentibus</strong></span> <span class='ocrx_word' id='word_1_699' title='bbox 3281 4045 3630 4109; x_wconf 89' lang='lat' dir='ltr'><strong>missarum</strong></span> <span class='ocrx_word' id='word_1_700' title='bbox 3697 4044 4430 4126; x_wconf 88' lang='lat' dir='ltr'><strong>demurmurationibus,</strong></span> <span class='ocrx_word' id='word_1_701' title='bbox 4515 4066 4585 4111; x_wconf 90' lang='lat' dir='ltr'><strong>ac</strong></span> <span class='ocrx_word' id='word_1_702' title='bbox 4648 4060 4737 4126; x_wconf 85' lang='lat' dir='ltr'><strong>pro</strong></span> 
     </span>
     <span class='ocr_line' id='line_1_103' title="bbox 2843 4129 4737 4215; baseline 0.002 -22"><span class='ocrx_word' id='word_1_703' title='bbox 2843 4129 3122 4194; x_wconf 90' lang='lat' dir='ltr'><strong>mortuis</strong></span> <span class='ocrx_word' id='word_1_704' title='bbox 3181 4129 3582 4195; x_wconf 90' lang='lat' dir='ltr'><strong>orationibus</strong></span> <span class='ocrx_word' id='word_1_705' title='bbox 3640 4150 3824 4194; x_wconf 91' lang='lat' dir='ltr'><strong>remu</strong></span> <span class='ocrx_word' id='word_1_706' title='bbox 3873 4131 4052 4196; x_wconf 87' lang='lat' dir='ltr'><strong>iunt:</strong></span> <span class='ocrx_word' id='word_1_707' title='bbox 4121 4131 4404 4215; x_wconf 89' lang='lat' dir='ltr'><strong>denique</strong></span> <span class='ocrx_word' id='word_1_708' title='bbox 4462 4145 4737 4198; x_wconf 79' lang='lat' dir='ltr'><strong>caeremo-</strong></span> 
     </span>
     <span class='ocr_line' id='line_1_104' title="bbox 2843 4215 4737 4284; baseline -0.001 -6"><span class='ocrx_word' id='word_1_709' title='bbox 2843 4217 3100 4279; x_wconf 88' lang='lat' dir='ltr'><strong>niarum</strong></span> <span class='ocrx_word' id='word_1_710' title='bbox 3148 4236 3224 4280; x_wconf 91' lang='lat' dir='ltr'><strong>ac</strong></span> <span class='ocrx_word' id='word_1_711' title='bbox 3260 4215 3511 4280; x_wconf 90' lang='lat' dir='ltr'><strong>rituum</strong></span> <span class='ocrx_word' id='word_1_712' title='bbox 3549 4216 3769 4281; x_wconf 87' lang='lat' dir='ltr'><strong>nullus</strong></span> <span class='ocrx_word' id='word_1_713' title='bbox 3861 4217 3979 4282; x_wconf 88' lang='lat' dir='ltr'><strong>nis.</strong></span> <span class='ocrx_word' id='word_1_714' title='bbox 4070 4215 4319 4284; x_wconf 89' lang='lat' dir='ltr'><strong>Verum</strong></span> <span class='ocrx_word' id='word_1_715' title='bbox 4359 4218 4511 4283; x_wconf 89' lang='lat' dir='ltr'><strong>licet</strong></span> <span class='ocrx_word' id='word_1_716' title='bbox 4542 4219 4737 4282; x_wconf 76' lang='lat' dir='ltr'><strong>misera</strong></span> 
     </span>
     <span class='ocr_line' id='line_1_105' title="bbox 2842 4299 4736 4387; baseline -0.002 -22"><span class='ocrx_word' id='word_1_717' title='bbox 2842 4301 3023 4384; x_wconf 88' lang='lat' dir='ltr'><strong>plebs</strong></span> <span class='ocrx_word' id='word_1_718' title='bbox 3089 4299 3461 4367; x_wconf 86' lang='lat' dir='ltr'><strong>istiusmodi</strong></span> <span class='ocrx_word' id='word_1_719' title='bbox 3525 4302 4046 4370; x_wconf 88' lang='lat' dir='ltr'><strong>missificationes</strong></span> <span class='ocrx_word' id='word_1_720' title='bbox 4111 4303 4498 4387; x_wconf 87' lang='lat' dir='ltr'><strong>frequentet,</strong></span> <span class='ocrx_word' id='word_1_721' title='bbox 4581 4311 4736 4382; x_wconf 84' lang='lat' dir='ltr'><strong>atque</strong></span> 
     </span>
     <span class='ocr_line' id='line_1_106' title="bbox 2843 4385 4736 4470; baseline -0.001 -18"><span class='ocrx_word' id='word_1_722' title='bbox 2843 4387 2995 4452; x_wconf 87' lang='lat' dir='ltr'><strong>fidei</strong></span> <span class='ocrx_word' id='word_1_723' title='bbox 3053 4386 3401 4453; x_wconf 89' lang='lat' dir='ltr'><strong>formulam</strong></span> <span class='ocrx_word' id='word_1_724' title='bbox 3463 4387 3789 4470; x_wconf 85' lang='lat' dir='ltr'><strong>quandam</strong></span> <span class='ocrx_word' id='word_1_725' title='bbox 3850 4392 4137 4455; x_wconf 87' lang='lat' dir='ltr'><strong>retinere</strong></span> <span class='ocrx_word' id='word_1_726' title='bbox 4194 4389 4473 4469; x_wconf 83' lang='lat' dir='ltr'><strong>videtur,</strong></span> <span class='ocrx_word' id='word_1_727' title='bbox 4534 4385 4736 4454; x_wconf 70' lang='lat' dir='ltr'><strong>ludicra</strong></span> 
     </span>
     <span class='ocr_line' id='line_1_107' title="bbox 2844 4471 4736 4558; baseline -0.002 -22"><span class='ocrx_word' id='word_1_728' title='bbox 2844 4484 3061 4538; x_wconf 90' lang='lat' dir='ltr'><strong>tamen</strong></span> <span class='ocrx_word' id='word_1_729' title='bbox 3105 4472 3235 4538; x_wconf 90' lang='lat' dir='ltr'><strong>ista</strong></span> <span class='ocrx_word' id='word_1_730' title='bbox 3278 4475 3604 4549; x_wconf 86' lang='lat' dir='ltr'><strong>exstimat,</strong></span> <span class='ocrx_word' id='word_1_731' title='bbox 3651 4485 3717 4540; x_wconf 90' lang='lat' dir='ltr'><strong>et</strong></span> <span class='ocrx_word' id='word_1_732' title='bbox 3759 4473 4030 4553; x_wconf 85' lang='lat' dir='ltr'><strong>fastidit,</strong></span> <span class='ocrx_word' id='word_1_733' title='bbox 4076 4475 4351 4558; x_wconf 87' lang='lat' dir='ltr'><strong>ideoque</strong></span> <span class='ocrx_word' id='word_1_734' title='bbox 4399 4475 4523 4540; x_wconf 86' lang='lat' dir='ltr'><strong>Dei</strong></span> <span class='ocrx_word' id='word_1_735' title='bbox 4563 4471 4736 4540; x_wconf 79' lang='lat' dir='ltr'><strong>cultus</strong></span> 
     </span>
     <span class='ocr_line' id='line_1_108' title="bbox 2840 4559 4735 4628; baseline -0.003 -3"><span class='ocrx_word' id='word_1_736' title='bbox 2840 4579 3065 4625; x_wconf 90' lang='lat' dir='ltr'><strong>curam</strong></span> <span class='ocrx_word' id='word_1_737' title='bbox 3132 4580 3392 4624; x_wconf 91' lang='lat' dir='ltr'><strong>omnem</strong></span> <span class='ocrx_word' id='word_1_738' title='bbox 3452 4559 3690 4625; x_wconf 89' lang='lat' dir='ltr'><strong>abiicit.</strong></span> <span class='ocrx_word' id='word_1_739' title='bbox 3780 4559 3877 4626; x_wconf 91' lang='lat' dir='ltr'><strong>At</strong></span> <span class='ocrx_word' id='word_1_740' title='bbox 3935 4581 4088 4628; x_wconf 85' lang='lat' dir='ltr'><strong>vero</strong></span> <span class='ocrx_word' id='word_1_741' title='bbox 4132 4583 4249 4627; x_wconf 86' lang='lat' dir='ltr'><strong>nos</strong></span> <span class='ocrx_word' id='word_1_742' title='bbox 4294 4561 4485 4627; x_wconf 88' lang='lat' dir='ltr'><strong>decet</strong></span> <span class='ocrx_word' id='word_1_743' title='bbox 4523 4582 4593 4625; x_wconf 88' lang='lat' dir='ltr'><strong>eo</strong></span> <span class='ocrx_word' id='word_1_744' title='bbox 4633 4575 4735 4620; x_wconf 85' lang='lat' dir='ltr'><strong>ma·</strong></span> 
     </span>
     <span class='ocr_line' id='line_1_109' title="bbox 2839 4644 4734 4725; baseline 0.002 -16"><span class='ocrx_word' id='word_1_745' title='bbox 2839 4645 2977 4710; x_wconf 87' lang='lat' dir='ltr'><strong>iore</strong></span> <span class='ocrx_word' id='word_1_746' title='bbox 3039 4645 3257 4710; x_wconf 83' lang='lat' dir='ltr'><strong>studio</strong></span> <span class='ocrx_word' id='word_1_747' title='bbox 3325 4644 3615 4711; x_wconf 85' lang='lat' dir='ltr'><strong>debitum</strong></span> <span class='ocrx_word' id='word_1_748' title='bbox 3691 4645 4008 4713; x_wconf 88' lang='lat' dir='ltr'><strong>honorem</strong></span> <span class='ocrx_word' id='word_1_749' title='bbox 4077 4648 4219 4713; x_wconf 92' lang='lat' dir='ltr'><strong>Deo</strong></span> <span class='ocrx_word' id='word_1_750' title='bbox 4278 4647 4562 4722; x_wconf 85' lang='lat' dir='ltr'><strong>reddere,</strong></span> <span class='ocrx_word' id='word_1_751' title='bbox 4637 4660 4734 4725; x_wconf 77' lang='lat' dir='ltr'><strong>quo</strong></span> 
     </span>
     <span class='ocr_line' id='line_1_110' title="bbox 2840 4725 4735 4800; baseline -0.003 -5"><span class='ocrx_word' id='word_1_752' title='bbox 2840 4731 3048 4795; x_wconf 92' lang='lat' dir='ltr'><strong>maior</strong></span> <span class='ocrx_word' id='word_1_753' title='bbox 3113 4741 3216 4798; x_wconf 89' lang='lat' dir='ltr'><strong>est</strong></span> <span class='ocrx_word' id='word_1_754' title='bbox 3278 4729 3621 4796; x_wconf 90' lang='lat' dir='ltr'><strong>hominum</strong></span> <span class='ocrx_word' id='word_1_755' title='bbox 3686 4732 3757 4797; x_wconf 94' lang='lat' dir='ltr'><strong>in</strong></span> <span class='ocrx_word' id='word_1_756' title='bbox 3825 4732 4021 4798; x_wconf 91' lang='lat' dir='ltr'><strong>rebus</strong></span> <span class='ocrx_word' id='word_1_757' title='bbox 4081 4755 4121 4799; x_wconf 90' lang='lat' dir='ltr'><strong>a</strong></span> <span class='ocrx_word' id='word_1_758' title='bbox 4179 4731 4323 4799; x_wconf 90' lang='lat' dir='ltr'><strong>Deo</strong></span> <span class='ocrx_word' id='word_1_759' title='bbox 4361 4725 4735 4800; x_wconf 77' lang='lat' dir='ltr'><strong>sanctificatis</strong></span> 
     </span>
     <span class='ocr_line' id='line_1_111' title="bbox 2840 4813 4736 4902; baseline -0.002 -22"><span class='ocrx_word' id='word_1_760' title='bbox 2840 4815 3263 4900; x_wconf 89' lang='lat' dir='ltr'><strong>profanandis</strong></span> <span class='ocrx_word' id='word_1_761' title='bbox 3307 4817 3722 4901; x_wconf 91' lang='lat' dir='ltr'><strong>improbitas:</strong></span> <span class='ocrx_word' id='word_1_762' title='bbox 3792 4841 4002 4902; x_wconf 90' lang='lat' dir='ltr'><strong>neque</strong></span> <span class='ocrx_word' id='word_1_763' title='bbox 4045 4821 4339 4885; x_wconf 91' lang='lat' dir='ltr'><strong>animum</strong></span> <span class='ocrx_word' id='word_1_764' title='bbox 4382 4813 4736 4901; x_wconf 83' lang='lat' dir='ltr'><strong>despondere</strong></span> 
     </span>
     <span class='ocr_line' id='line_1_112' title="bbox 2841 4903 4735 4971; baseline -0.002 -5"><span class='ocrx_word' id='word_1_765' title='bbox 2841 4913 2955 4967; x_wconf 90' lang='lat' dir='ltr'><strong>aut</strong></span> <span class='ocrx_word' id='word_1_766' title='bbox 3032 4903 3342 4970; x_wconf 89' lang='lat' dir='ltr'><strong>abiicere:</strong></span> <span class='ocrx_word' id='word_1_767' title='bbox 3432 4903 3544 4969; x_wconf 91' lang='lat' dir='ltr'><strong>sed</strong></span> <span class='ocrx_word' id='word_1_768' title='bbox 3625 4918 4107 4971; x_wconf 90' lang='lat' dir='ltr'><strong>sacrosanctam</strong></span> <span class='ocrx_word' id='word_1_769' title='bbox 4181 4904 4312 4970; x_wconf 93' lang='lat' dir='ltr'><strong>Dei</strong></span> <span class='ocrx_word' id='word_1_770' title='bbox 4377 4906 4735 4970; x_wconf 80' lang='lat' dir='ltr'><strong>maiestatem</strong></span> 
     </span>
     <span class='ocr_line' id='line_1_113' title="bbox 2842 4987 4732 5076; baseline -0.002 -23"><span class='ocrx_word' id='word_1_771' title='bbox 2842 4990 3051 5074; x_wconf 87' lang='lat' dir='ltr'><strong>magis</strong></span> <span class='ocrx_word' id='word_1_772' title='bbox 3096 5011 3171 5056; x_wconf 90' lang='lat' dir='ltr'><strong>ac</strong></span> <span class='ocrx_word' id='word_1_773' title='bbox 3217 4990 3425 5073; x_wconf 89' lang='lat' dir='ltr'><strong>magis</strong></span> <span class='ocrx_word' id='word_1_774' title='bbox 3462 4991 3784 5073; x_wconf 84' lang='lat' dir='ltr'><strong>venerari,</strong></span> <span class='ocrx_word' id='word_1_775' title='bbox 3830 5012 3906 5057; x_wconf 92' lang='lat' dir='ltr'><strong>ac</strong></span> <span class='ocrx_word' id='word_1_776' title='bbox 3940 4992 4318 5076; x_wconf 88' lang='lat' dir='ltr'><strong>religiosum</strong></span> <span class='ocrx_word' id='word_1_777' title='bbox 4354 4991 4490 5057; x_wconf 88' lang='lat' dir='ltr'><strong>eius</strong></span> <span class='ocrx_word' id='word_1_778' title='bbox 4523 4987 4732 5056; x_wconf 89' lang='lat' dir='ltr'><strong>cultum</strong></span> 
     </span>
     <span class='ocr_line' id='line_1_114' title="bbox 2841 5071 4733 5161; baseline -0.001 -22"><span class='ocrx_word' id='word_1_779' title='bbox 2841 5088 3090 5142; x_wconf 90' lang='lat' dir='ltr'><strong>sartum</strong></span> <span class='ocrx_word' id='word_1_780' title='bbox 3150 5085 3396 5142; x_wconf 91' lang='lat' dir='ltr'><strong>tectum</strong></span> <span class='ocrx_word' id='word_1_781' title='bbox 3441 5076 3744 5143; x_wconf 88' lang='lat' dir='ltr'><strong>retinere.</strong></span> <span class='ocrx_word' id='word_1_782' title='bbox 3835 5074 3969 5145; x_wconf 85' lang='lat' dir='ltr'><strong>Sed</strong></span> <span class='ocrx_word' id='word_1_783' title='bbox 4017 5076 4202 5145; x_wconf 87' lang='lat' dir='ltr'><strong>decet</strong></span> <span class='ocrx_word' id='word_1_784' title='bbox 4245 5079 4316 5142; x_wconf 91' lang='lat' dir='ltr'><strong>in</strong></span> <span class='ocrx_word' id='word_1_785' title='bbox 4361 5076 4577 5161; x_wconf 85' lang='lat' dir='ltr'><strong>primis</strong></span> <span class='ocrx_word' id='word_1_786' title='bbox 4617 5071 4733 5136; x_wconf 80' lang='lat' dir='ltr'><strong>doc·</strong></span> 
     </span>
     <span class='ocr_line' id='line_1_115' title="bbox 2842 5155 4733 5247; baseline 0.001 -22"><span class='ocrx_word' id='word_1_787' title='bbox 2842 5169 3015 5229; x_wconf 89' lang='lat' dir='ltr'><strong>tores</strong></span> <span class='ocrx_word' id='word_1_788' title='bbox 3072 5182 3146 5230; x_wconf 89' lang='lat' dir='ltr'><strong>ac</strong></span> <span class='ocrx_word' id='word_1_789' title='bbox 3205 5173 3520 5246; x_wconf 90' lang='lat' dir='ltr'><strong>pastores,</strong></span> <span class='ocrx_word' id='word_1_790' title='bbox 3579 5162 3817 5247; x_wconf 88' lang='lat' dir='ltr'><strong>quibus</strong></span> <span class='ocrx_word' id='word_1_791' title='bbox 3878 5164 4037 5231; x_wconf 87' lang='lat' dir='ltr'><strong>alios</strong></span> <span class='ocrx_word' id='word_1_792' title='bbox 4095 5163 4437 5232; x_wconf 88' lang='lat' dir='ltr'><strong>erudiendi</strong></span> <span class='ocrx_word' id='word_1_793' title='bbox 4477 5180 4621 5230; x_wconf 86' lang='lat' dir='ltr'><strong>cura</strong></span> <span class='ocrx_word' id='word_1_794' title='bbox 4655 5155 4733 5220; x_wconf 81' lang='lat' dir='ltr'><strong>in·</strong></span> 
     </span>
    </p>
   </div>
  </div>
 </body>
</html>
