5059 6059
307 297 421 364 313

304 490 487 570 igitur
529 486 982 553 iusiurandum
1042 490 1213 553 istud
1259 488 1487 567 valuit,
1549 509 1624 554 ac
1678 489 1733 555 si
1780 487 1952 572 apud
2001 488 2215 553 Deum

299 573 610 656 professus
668 584 854 650 esset,
913 594 983 638 se
1029 575 1305 656 pristina
1356 575 1518 643 vitia
1561 576 1830 650 eiurare,
1891 584 1966 637 ut
2012 595 2080 638 se
2123 585 2217 637 to-

301 676 425 723 tum
469 659 591 722 Dei
638 658 844 725 cultui
905 658 1186 735 dederet,
1246 671 1312 725 et
1356 682 1473 745 pro
1533 661 1787 726 viribus
1831 661 1902 724 in
1949 679 2023 723 eo
2068 680 2214 741 per-

295 756 642 809 severaret:
703 756 967 828 paratus
1009 748 1062 810 si
1127 757 1354 812 contra
1396 748 1622 814 fecerit
1665 747 1933 811 meritas
1979 764 2215 828 poenas

296 830 366 893 de
421 831 771 896 sceleribus
829 833 961 895 suis
1022 831 1194 897 dare.
1282 833 1503 915 Atque
1549 833 1745 897 huius
1788 828 2214 896 iurisiurandi

295 918 474 980 finem
524 918 720 980 istum
767 916 965 983 fuisse
1009 927 1296 1000 apparet,
1355 939 1559 1002 quum
1606 916 1820 983 verbis
1865 914 2214 981 Ionathani

291 1003 702 1066 vehementer
745 1002 1034 1079 affectus,
1081 1014 1147 1066 et
1177 1024 1370 1069 sensu
1406 1004 1654 1087 peccati
1688 1022 2039 1086 morsuque
2075 1001 2214 1083 ipso

290 1088 714 1153 conscientiae
769 1089 1092 1154 excitatus
1161 1090 1407 1154 fuisset.
1510 1087 1644 1156 Sed
1702 1108 1833 1153 non
1902 1086 2027 1153 fuit
2089 1086 2213 1151 iste

286 1194 507 1239 sensus
552 1173 923 1253 diuturnus,
988 1172 1510 1258 quandoquidem
1557 1173 1752 1259 paulo
1795 1181 1941 1258 post
1985 1172 2067 1238 ad
2111 1174 2210 1237 in·

283 1260 542 1343 genium
589 1279 893 1325 reversus
937 1272 1053 1325 est.
1101 1260 1241 1325 Nos
1284 1280 1442 1326 vero
1486 1279 1949 1345 cognoscamus
1993 1280 2032 1324 a
2069 1257 2212 1323 Deo

283 1345 457 1410 nobis
502 1344 689 1410 illum
729 1346 1127 1428 propositum
1174 1346 1372 1412 fuisse
1416 1346 1485 1410 in
1521 1346 1918 1431 exemplum,
1962 1366 2046 1410 ex
2082 1364 2212 1428 quo

283 1431 599 1496 discamus
633 1431 881 1514 pudore
919 1446 1329 1514 peccatorum
1375 1431 1563 1511 affici,
1608 1452 1808 1514 quum
1845 1429 2028 1498 Deus
2070 1449 2210 1495 mo-

282 1519 520 1582 nitores
565 1518 799 1581 mittit:
860 1532 924 1580 et
984 1536 1222 1582 novam
1270 1525 1557 1583 mentem
1600 1516 1892 1596 induere,
1955 1524 2027 1582 ut
2069 1536 2212 1599 pec-

276 1614 414 1667 cata
458 1623 593 1666 non
641 1612 894 1667 tantum
941 1602 1464 1680 condemnemus,
1528 1603 1642 1669 sed
1686 1604 1879 1670 etiam
1928 1602 2208 1667 deteste-

277 1710 421 1753 mur
479 1700 549 1752 et
592 1690 940 1767 eiuremus,
1000 1708 1074 1754 ac
1134 1688 1357 1772 pravis
1402 1688 1702 1755 omnibus
1745 1688 2210 1772 cupiditatibus

275 1775 738 1848 renuntiemus,
777 1784 842 1838 et
878 1773 1188 1840 adversus
1225 1775 1400 1857 ipsas
1437 1774 1529 1840 sic
1568 1773 1896 1840 luctemur
1930 1781 2007 1839 ut
2041 1773 2212 1839 eluc-

273 1870 499 1937 temur,
571 1859 774 1924 donee
834 1858 1097 1925 tandem
1156 1859 1282 1926 Dei
1342 1860 1664 1925 voluntati
1726 1860 1998 1926 subiecti
2066 1860 2209 1925 eius

269 1945 598 2010 mandatis
647 1966 773 2009 non
821 1945 1099 2028 amplius
1148 1945 1555 2011 reluctemur.

434 2030 580 2095 Iam
629 2051 781 2096 vero
826 2032 999 2114 agite
1042 2037 1146 2096 etc.

819 2369 1313 2456 HOMILIA
1364 2373 1665 2456 LXXI.

430 2544 491 2609 8.
550 2541 792 2607 Motum
845 2548 933 2605 est
991 2547 1195 2606 autem
1237 2563 1464 2609 rursus
1504 2543 1763 2609 bellum.-
1826 2551 1882 2610 et
1924 2566 2208 2629 emes-sus

259 2628 485 2694 David
553 2628 862 2711 puynavit
941 2628 1244 2693 adversus
1310 2627 1708 2708 philistaeos,
1775 2632 2206 2713 percite-sitque

256 2734 354 2779 eos
410 2714 614 2799 playa
668 2734 915 2797 maqna,
972 2719 1026 2777 et
1077 2713 1377 2796 fuyerunt
1432 2735 1474 2778 a
1526 2715 1689 2795 facie
1745 2717 1903 2783 eius,
1992 2718 2053 2781 9.
2120 2717 2206 2782 Et

254 2801 469 2880 factus
534 2805 622 2865 est
678 2800 949 2881 spiritus
1005 2798 1272 2864 Domini
1326 2801 1536 2866 malus
1589 2802 1660 2865 in
1708 2800 1904 2867 Saul:
1957 2802 2206 2867 sedebat

255 2892 466 2951 autem
519 2887 589 2949 in
631 2885 813 2949 domo
850 2906 991 2967 sua,
1037 2890 1096 2949 et
1133 2885 1370 2950 tenebat
1401 2887 1695 2952 lanceam.
1749 2886 1949 2953 Porro
1991 2887 2205 2955 David

244 2971 577 3052 psallebat
617 2990 815 3036 mann
857 2990 992 3037 sna.
1087 2971 1184 3034 10.
1238 2971 1442 3037 Nisus
1485 2977 1573 3038 est
1615 2978 1818 3037 autem
1867 2972 2027 3038 Saul
2068 2994 2208 3039 con-

249 3059 440 3140 fiyere
489 3057 713 3123 David
771 3056 984 3122 lancea
1039 3055 1111 3120 in
1156 3057 1437 3136 pariete.-
1492 3063 1549 3122 et
1601 3058 1930 3124 declinavit
1987 3059 2208 3125 David

255 3166 294 3207 a
336 3144 516 3226 facie
563 3141 758 3208 Saul.-
815 3142 1028 3208 lancea
1068 3147 1272 3207 autem
1313 3162 1490 3210 casso
1544 3144 1793 3209 vulnere
1823 3145 2076 3228 perlata
2119 3152 2208 3211 est

253 3231 322 3293 in
353 3230 702 3313 parietem,
746 3234 802 3291 et
842 3227 1066 3294 David
1103 3228 1287 3311 fuyit,
1329 3234 1386 3293 et
1417 3229 1701 3296 salvatus
1736 3235 1826 3296 est
1869 3237 2034 3297 nocte
2069 3232 2203 3298 nlla.

255 3318 354 3380 11.
410 3314 613 3379 Misit
654 3333 795 3397 erqo
834 3312 994 3378 Saul
1037 3314 1340 3380 satellites
1380 3335 1528 3381 snos
1570 3317 1640 3380 in
1681 3315 1931 3381 domum
1968 3318 2202 3396 David,

253 3408 320 3465 ut
356 3400 750 3466 custodirent
786 3419 945 3479 eum,
991 3405 1047 3465 et
1079 3401 1524 3481 interficeretur
1557 3421 1755 3466 mane.
1808 3403 1983 3485 Quod
2014 3424 2206 3485 quum

248 3487 709 3552 annunciasset
749 3486 880 3565 ipsi
925 3485 1161 3551 Michol
1201 3506 1363 3551 uxor
1399 3507 1540 3567 sua,
1581 3488 1822 3552 dicens.-
1882 3488 2034 3554 Nisi
2075 3489 2204 3554 sal-

249 3575 514 3637 vaveris
578 3577 632 3636 te
702 3576 867 3636 nocte
922 3571 1053 3650 hac,
1125 3591 1268 3637 oras
1323 3574 1648 3638 morieris:
1740 3575 1836 3638 12.
1899 3573 2208 3657 Deposuit

245 3680 392 3725 eum
447 3678 576 3740 per
637 3658 1009 3738 fenestram.-
1055 3677 1252 3738 porro
1309 3657 1415 3723 ille
1470 3658 1647 3740 abiit,
1709 3664 1762 3723 et
1819 3661 2091 3742 aufuyit,
2151 3667 2206 3725 et

248 3747 550 3811 salvatus
595 3749 702 3808 est.
754 3743 851 3806 13.
906 3743 1080 3808 Tulit
1124 3749 1329 3809 autem
1374 3742 1620 3808 Michol
1663 3750 1960 3828 statutam,
2006 3752 2062 3810 et
2095 3767 2206 3829 po-

246 3833 382 3896 suit
443 3850 588 3894 eam
630 3850 820 3911 snper
861 3830 1099 3907 lectum,
1161 3834 1214 3892 et
1257 3828 1487 3909 pellem
1535 3830 1814 3910 pilosam
1868 3850 2206 3914 caprarum

237 3918 470 3997 posuit
550 3917 635 3979 ad
697 3920 882 3995 caput
940 3917 1094 3993 eius,
1175 3920 1230 3977 et
1295 3916 1537 3997 operuit
1616 3935 1751 3979 eam
1815 3918 2204 3983 vestimentis.

253 4004 354 4067 14.
409 4001 613 4066 Misit
645 4005 848 4064 autem
885 4000 1046 4065 Saul
1080 4001 1472 4083 apparitores
1505 4002 1615 4083 qui
1647 4008 1936 4081 raperent
1975 4001 2207 4084 David,

247 4096 304 4152 et
375 4106 757 4169 responsum
814 4092 902 4150 est
967 4086 1131 4167 quod
1194 4091 1548 4168 acyrotaret.
1643 4086 1741 4152 15.
1807 4086 2208 4170 Rursumqae

244 4176 434 4239 misit
478 4172 640 4237 Saul
683 4172 940 4236 nuncios
982 4177 1052 4235 ut
1093 4171 1367 4236 viderent
1401 4171 1638 4251 David,
1684 4173 1926 4238 dicens:
1973 4174 2211 4256 Afferte

243 4281 395 4324 eum
469 4260 560 4324 ad
624 4278 719 4321 me
781 4259 851 4321 in
917 4257 1082 4338 lecto,
1148 4262 1215 4321 ut
1280 4257 1609 4323 occidatur.
1718 4259 1817 4323 16.
1891 4260 2213 4342 Quumque

247 4348 578 4411 venissent
621 4344 849 4425 nuntii,
909 4345 1223 4408 inventum
1266 4349 1356 4407 est
1395 4343 1807 4409 simulacrum
1865 4365 2052 4428 super
2094 4346 2210 4410 lec-

242 4438 408 4509 tum,
461 4436 524 4496 et
548 4430 746 4511 pelles
790 4449 1125 4509 capraram
1167 4429 1255 4495 ad
1294 4435 1480 4511 caput
1523 4432 1678 4508 eiu-3,

432 4600 939 4667 consideranda
999 4602 1120 4666 hoc
1181 4600 1319 4666 loco
1380 4600 1568 4666 nobis
1628 4603 1869 4667 iterum
1932 4603 2211 4669 Davidis

241 4687 759 4772 perseverantia
803 4688 1224 4769 proponitur:
1280 4685 1450 4770 quod
1496 4696 2000 4772 quantacunque
2046 4689 2209 4755 Saul

242 4777 590 4840 adversus
649 4773 863 4855 ipsum
924 4771 1399 4855 ingratitudine
1464 4786 1530 4838 et
1591 4773 1844 4839 malitia
1904 4778 2208 4857 peccarit,

241 4877 636 4944 nunquam·
676 4870 889 4923 tamen
958 4857 1040 4923 ab
1104 4859 1315 4923 officio
1382 4858 1784 4925 discesserit:
1850 4859 1965 4926 sed
2030 4863 2209 4926 omni

239 4948 481 5030 potius
531 4947 768 5028 pietate
812 4958 877 5009 et
919 4945 1132 5010 officio
1171 4965 1329 5029 erga
1364 4944 1632 5010 Saulem
1672 4946 1793 5029 ipsi
1831 4946 2210 5012 satisfacere

234 5044 546 5100 conatus
609 5033 713 5098 sit.
817 5029 1253 5111 Quamobrem
1321 5050 1492 5095 nova
1557 5030 1747 5097 Sauli
1813 5032 2210 5099 offerebatur

236 5116 534 5184 amandi
579 5115 855 5181 Davidis
900 5115 1169 5194 occasi0,
1228 5126 1614 5201 veteresque
1659 5137 1885 5183 omnes
1930 5120 2205 5184 inimici-

234 5206 374 5272 tias
426 5202 822 5287 deponendi.
913 5202 1082 5266 Nam
1143 5202 1261 5267 etsi
1322 5210 1515 5268 antea
1567 5202 1718 5269 odio
1761 5203 2205 5271 infensissimo

1627 300 1720 364 IN
1766 299 1818 364 I.
1867 298 2046 365 LIB.
2094 295 2496 364 SAMUEL.
2544 295 2748 363 CAP.
2796 297 2992 365 XIX.

4124 298 4255 364 314

2320 484 2503 551 illum
2565 496 2738 551 esset
2791 496 3223 571 persequutus
3289 496 3354 552 et
3419 486 3700 571 aliquam
3767 487 4256 553 inimicitiarum

2318 569 2718 639 occasionem
2766 571 3075 640 habuisse
3122 572 3475 652 videretur,
3520 584 3817 656 tempora
3862 573 4252 653 incidebant,

2317 655 2557 738 quibus
2600 676 2859 723 omnem
2905 657 3311 726 iracundiam
3366 658 3686 743 deponere
3728 655 4022 737 debebat,
4079 660 4253 724 exci-

2319 750 2452 806 tato
2495 754 2561 806 et
2621 752 2935 809 renovato
2981 767 3021 811 a
3063 744 3444 812 Philistaeis
3488 742 3656 810 bello
3712 742 4023 810 Iudaeam
4069 745 4255 811 inva-

2318 825 2637 906 dentibus,
2706 828 3021 897 adversus
3076 851 3235 915 quos
3292 826 3769 913 implorandum
3814 828 4095 896 Davidis
4139 851 4251 896 au·

2317 910 2571 978 xilium.
2661 913 2731 981 Is
2775 917 2949 981 enim
2994 937 3335 1000 prosperos
3380 936 3419 981 a
3454 915 3595 981 Deo
3637 934 3971 981 successus
4016 914 4250 982 habue»

2317 1008 2439 1074 rat,
2504 1009 2572 1063 et
2615 1000 2757 1065 eius
2815 1022 3017 1068 manu
3060 1001 3245 1068 Deus
3289 1002 3598 1085 populum
3636 1022 3827 1067 suum
3873 1001 3941 1064 in
3987 1001 4244 1066 liberta·

2320 1092 2452 1149 tem
2497 1094 2883 1151 asseruerat.
2931 1086 3156 1169 Quare
3198 1086 3412 1153 omnis
3455 1106 3606 1170 spes
3649 1086 3873 1171 populi
3909 1086 4253 1154 videbatur

2317 1169 2386 1233 in
2444 1170 2709 1235 Davide
2763 1174 2819 1236 si
2882 1175 3065 1239 fieret
3121 1173 3259 1239 dux
3302 1174 3631 1240 exercitus
3676 1171 3833 1237 sita:
3895 1172 4066 1255 quod
4110 1173 4251 1257 ipso

2317 1255 2515 1320 etiam
2575 1257 2758 1322 exitu
2815 1260 3275 1324 confirmatum
3329 1268 3449 1338 est,
3556 1279 3715 1324 uum
3760 1257 3983 1323 David
4041 1260 4248 1325 vieto-

2316 1340 2480 1405 riam
2541 1340 2812 1427 adeptus
2879 1353 2975 1412 est
3032 1366 3072 1410 a
3129 1343 3435 1413 Domino.
3580 1364 3704 1409 ane
3747 1343 4014 1410 Saulem
4072 1344 4253 1409 nulla

2317 1436 2526 1508 potest
2569 1429 2902 1495 excusatio
2958 1452 2997 1494 a
3052 1430 3297 1512 flagitio
3350 1448 3670 1515 purgare:
3731 1428 4250 1512 quandoquidem

2314 1512 2369 1576 si
2415 1512 2605 1579 iustis
2647 1513 2811 1580 odiis
2857 1527 3182 1593 certasset,
3228 1535 3305 1581 ea
3347 1526 3568 1582 tamen
3606 1526 3872 1599 propter
3914 1523 4016 1582 tot
4051 1516 4253 1581 Davi-

2315 1597 2415 1664 dis
2462 1598 2534 1662 in
2579 1599 2888 1684 populum
2934 1610 2998 1666 et
3056 1620 3278 1686 regem
3321 1602 3537 1684 ipsum
3582 1600 3920 1667 benefacta
3961 1599 4253 1668 oblivisci

2314 1683 2668 1767 oportebat.
2755 1685 2928 1751 Nam
2986 1689 3077 1753 ita
3149 1687 3531 1771 plerumque
3602 1685 3853 1766 accidit,
3918 1697 3993 1752 ut
4057 1687 4249 1753 bene·

2316 1769 2501 1834 factis
2549 1778 2800 1838 veteres
2844 1773 3127 1839 iniuriae
3169 1773 3530 1840 deleantur.
3619 1774 3905 1838 Tantum
3948 1792 4105 1838 vero
4144 1773 4252 1838 ab·

2315 1855 2437 1920 fuit
2480 1865 2555 1921 ut
2602 1856 2759 1925 Saul
2808 1859 3080 1925 Davidis
3123 1860 3192 1925 in
3236 1879 3307 1924 se
3350 1859 3709 1925 benefactis
3752 1858 4141 1942 placaretur,
4187 1867 4253 1923 et

2316 1942 2554 2006 rationi
2610 1951 2678 2009 et
2735 1944 3047 2028 aequitati
3102 1944 3317 2012 locum
3378 1944 3580 2024 daret,
3639 1956 3715 2010 ut
3770 1955 3997 2010 contra
4040 1945 4254 2028 magis

2313 2047 2388 2094 ac
2431 2029 2644 2112 magis
2686 2031 2972 2115 agitetur
3015 2031 3185 2096 malo
3244 2032 3499 2115 spiritu,
3552 2028 4006 2112 Davidemque
4052 2031 4251 2095 truci-

2314 2111 2469 2179 dare
2512 2126 2801 2182 conetur.
2888 2116 3019 2183 Ubi
3079 2137 3232 2183 vero
3288 2116 3738 2183 iusiurandum
3801 2115 3965 2182 illud
4008 2136 4134 2198 quo
4179 2138 4249 2181 se

2313 2198 2506 2283 paulo
2551 2210 2702 2267 ante
2746 2201 3178 2269 devinxerat?
3228 2200 3360 2269 Sed
3405 2223 3536 2269 non
3581 2202 3953 2267 mirandum
3998 2201 4055 2266 si
4096 2221 4247 2284 per·

2313 2284 2498 2351 iurus
2543 2286 2868 2353 Davidem
2912 2287 3296 2373 insequitur,
3351 2288 3524 2372 quod
3583 2308 3810 2353 amens
3854 2302 3920 2351 et
3962 2286 4248 2354 furiosus

2314 2378 2502 2437 esset.
2591 2374 2697 2439 Ex
2763 2394 2889 2457 quo
2947 2384 3217 2459 apparet
3272 2395 3401 2457 quo
3455 2374 3696 2440 furoris
3754 2373 4053 2438 homines
4108 2373 4250 2457 ple·

2312 2476 2589 2542 rumque
2624 2459 2992 2538 deveniant,
3039 2468 3115 2524 ut
3149 2461 3280 2526 sint
3325 2459 3663 2525 brutorum
3701 2472 3767 2524 et
3808 2457 4097 2524 ferarum
4141 2479 4245 2524 ra·

2313 2542 2612 2610 hidarum
2650 2547 2859 2611 instar
2903 2567 3101 2628 quum
3140 2547 3476 2629 agitantur
3520 2566 3561 2611 a
3595 2543 3868 2622 diabolo,
3924 2564 4248 2627 sensuque

2311 2650 2384 2695 ac
2431 2632 2683 2697 ratione
2726 2638 3011 2704 careant,
3073 2630 3243 2713 quod
3287 2632 3369 2696 ab
3415 2630 3546 2697 illis
3588 2631 3770 2696 Deus
3815 2650 4006 2695 suum
4052 2630 4245 2713 spiri·

2310 2726 2448 2781 tum
2498 2718 2863 2783 retraxerit.
2951 2716 3122 2781 Nam
3168 2737 3297 2801 qua
3339 2735 3411 2781 re
3457 2736 3497 2780 a
3537 2714 3748 2781 brutis
3793 2714 4245 2795 discernimur,

2310 2803 2436 2870 nisi
2483 2804 2739 2870 ratione
2782 2811 2850 2869 et
2889 2801 3328 2886 intelligentia
3373 2822 3570 2886 quam
3617 2802 3983 2883 accepimus
4026 2821 4067 2866 a
4109 2799 4247 2865 Do·

2310 2890 2535 2956 mino?
2641 2890 2781 2955 Nae
2848 2898 2916 2954 ut
2981 2887 3169 2954 nobis
3235 2887 3437 2953 vitam
3502 2886 3691 2952 Deus
3758 2885 3985 2951 tollere
4051 2906 4245 2968 quam

2310 2976 2487 3044 dedit
2523 2984 2752 3060 potest,
2788 2975 2881 3041 ita
2914 2982 2982 3038 et
3016 2973 3289 3041 eandem
3324 2972 3712 3056 relinquere,
3750 2971 3865 3036 sed
3901 2973 3991 3036 ita
4027 2981 4243 3036 tamen

2309 3072 2386 3129 ut
2430 3063 2583 3130 licet
2626 3060 2911 3137 brachia,
2958 3080 3190 3126 manus
3232 3067 3299 3125 et
3341 3058 3536 3142 pedes
3579 3078 3979 3140 moveamus,
4023 3068 4244 3123 tamen

2309 3151 2529 3217 anima
2568 3169 2834 3232 prorsus
2880 3147 3272 3230 obstupefiat
3313 3152 3379 3210 et
3420 3143 3765 3210 brutescat.
3839 3141 3919 3208 Id
3963 3144 4247 3208 maxime

2308 3235 2730 3320 conspicuum
2796 3234 2866 3298 in
2926 3230 3146 3309 Saule,
3213 3251 3409 3315 quem
3474 3229 3567 3296 sic
3628 3229 3869 3294 intueri
3936 3227 4246 3293 debemus

2310 3331 2384 3389 ut
2429 3344 2512 3389 ex
2571 3342 2647 3387 eo
2690 3319 3015 3386 discamus
3075 3318 3142 3382 in
3201 3315 3431 3399 primis
3474 3312 3756 3380 Davidis
3799 3314 4045 3379 imitari
4090 3334 4242 3379 con-

2308 3408 2642 3484 stantiam,
2684 3426 2877 3490 quem
2922 3404 3004 3469 ab
3048 3402 3277 3481 officio,
3320 3400 3473 3469 licet
3506 3420 3546 3466 a
3585 3398 3787 3467 Saule
3823 3409 4245 3483 provocatum

2308 3494 2586 3578 saepius,
2632 3512 2968 3575 nunquam
3013 3498 3233 3554 tamen
3278 3486 3619 3554 recessisse
3662 3483 3985 3551 videmus.
4069 3483 4245 3551 Sane

2306 3586 2653 3664 postquam
2679 3576 2838 3645 Saul
2878 3577 3001 3659 ipsi
3034 3575 3270 3641 fnisset
3304 3573 3701 3651 conciliatus,
3739 3579 3807 3636 et
3828 3570 4247 3637 iureiurando

2307 3666 2693 3733 confirmata
2747 3672 2921 3729 esset
2963 3661 3078 3726 illa
3122 3658 3577 3739 reconciliatio,
3633 3657 3953 3742 potuisset
4011 3677 4050 3721 a
4110 3666 4246 3722 tam

2309 3751 2526 3817 insani
2600 3760 2666 3815 et
2743 3746 3101 3814 furibundi«
3160 3745 3445 3811 hominis
3523 3744 3846 3810 consortio
3912 3742 4245 3809 recedere:

2310 3856 2546 3902 verum
2607 3834 2702 3900 illi
2761 3854 2948 3899 suam
3008 3851 3274 3917 operam
3333 3850 3466 3896 non
3512 3829 3803 3913 negavit,
3862 3837 3929 3895 et
3972 3827 4053 3893 ad
4099 3849 4248 3894 con-

2310 3933 2573 3990 suetum
2620 3920 3054 3987 ministerium
3101 3936 3407 3982 reversus
3451 3923 3569 3981 est.
3635 3913 3894 3979 Deinde
3937 3915 4246 3999 ingruen-

2313 4008 2489 4074 tibus
2546 4006 2842 4072 hostibus
2904 4006 3037 4088 ipse
3082 4003 3150 4067 in
3196 4012 3494 4085 apertum
3530 4000 3882 4067 discrimen
3925 4021 3994 4065 se
4052 4002 4249 4067 conii-

2312 4095 2422 4173 cit,
2481 4114 2611 4158 non
2668 4088 3017 4157 attendens
3079 4108 3224 4153 eum
3287 4108 3406 4171 pro
3463 4107 3592 4169 quo
3651 4087 3829 4152 vitae
3886 4084 4244 4170 periculum

2314 4178 2492 4244 subit
2557 4178 2748 4243 toties
2807 4176 2978 4241 malo
3044 4175 3280 4241 affectu
3338 4181 3407 4239 et
3458 4193 3717 4241 summa
3773 4172 4246 4255 ingratitudine

2314 4265 2440 4349 ipsi
2497 4263 2701 4330 fuisse
2756 4261 3090 4327 iniurium.
3180 4259 3478 4325 Noverat
3536 4260 3708 4323 enim
3770 4256 3880 4321 ille
3938 4257 4096 4322 satis
4139 4257 4246 4322 cui

2314 4359 2587 4417 navaret
2615 4369 2902 4433 operam,
2940 4346 3429 4429 vocationisque
3450 4365 3609 4411 suae
3631 4342 3794 4410 satis
3814 4351 3956 4408 erat
3978 4362 4246 4407 memor.

2315 4435 2543 4518 Neque
2604 4455 2756 4501 vero
2796 4433 2995 4499 semel
3042 4442 3154 4499 aut
3198 4433 3439 4498 iterum
3484 4429 3564 4497 de
3608 4429 3749 4495 vita
3790 4428 4001 4512 ipsum
4048 4427 4247 4494 fuisse

2316 4520 2752 4605 periclitatum
2799 4528 3088 4605 apparet,
3133 4517 3244 4585 sed
3292 4514 3567 4585 subinde
3613 4533 3819 4580 novas
3860 4512 3955 4578 illi
4001 4513 4249 4596 positas

2312 4606 2602 4685 insidias,
2664 4615 2738 4671 ut
2794 4606 3001 4671 instar
3059 4604 3353 4672 aviculae
3406 4600 3605 4667 fuerit
3658 4599 4030 4683 accipitrem
4076 4599 4248 4664 inter

2314 4693 2562 4758 arboris
2609 4711 2826 4757 ramos
2869 4692 3203 4774 fugientis,
3246 4698 3321 4754 ut
3363 4687 3665 4770 deinceps
3707 4685 4006 4770 pluribus
4048 4704 4246 4768 appa-

2313 4776 2509 4844 rebit:
2576 4786 2735 4844 sunt
2790 4780 2966 4842 enim
3026 4778 3152 4842 ista
3208 4782 3464 4839 tantum
3522 4793 3746 4837 earum
3808 4771 4248 4837 tentationum

2311 4863 2686 4947 primordia,
2732 4861 2968 4947 quibus
3010 4859 3337 4927 Davidem
3382 4857 3568 4923 miris
3601 4856 3811 4922 modis
3846 4857 4249 4941 exagitatum

2311 4950 2514 5015 fuisse
2574 4948 2959 5015 videbimus.
3062 4946 3255 5014 Unde
3308 4944 3632 5010 discamus
3699 4962 3832 5008 non
3889 4942 4117 5008 mirari
4183 4951 4252 5006 et

2312 5044 2624 5119 tanquam
2661 5055 2907 5099 novum
2954 5041 3020 5098 et
3055 5031 3343 5098 insolens
3379 5030 3774 5106 existimare,
3819 5027 3874 5093 si
3910 5027 4098 5095 Deus
4131 5047 4249 5092 nos

2313 5120 2456 5187 istis
2514 5119 2703 5185 malis
2763 5118 3154 5194 exercuerit,
3230 5115 3343 5182 sed
3399 5134 3589 5181 casus
3645 5135 3869 5181 omnes
3924 5114 4252 5198 patienter

2312 5206 2485 5270 ferre
2553 5205 3065 5284 meminerimus,
3147 5211 3212 5267 et
3277 5203 3347 5267 in
3413 5200 3715 5267 omnibus
3779 5201 4105 5286 angustiis
4172 5197 4251 5265 ad
