5059 6059
684 324 815 391 403

688 515 930 582 iudicia
971 515 1099 580 Dei
1143 513 1461 594 decidant,
1504 533 1776 597 seraque
1833 513 2030 580 nimis
2073 515 2161 579 sit
2210 514 2629 596 poenitentia.

691 602 915 683 Quare
957 610 1213 666 mature
1255 601 1552 683 serioque
1585 602 1977 666 sententiam
2014 600 2185 666 hano
2220 598 2631 700 meditemur,

693 688 822 753 Dei
879 688 1415 753 comminationes
1480 706 1817 770 nunquam
1874 685 2170 751 decidere
2227 687 2298 750 in
2364 693 2636 765 terram,

691 773 806 839 sed
872 793 1065 840 suum
1132 775 1381 837 exitum
1427 792 1685 854 semper
1728 773 1968 854 sortiri,
2015 791 2089 837 ac
2133 769 2406 855 proinde
2453 784 2633 836 metu

689 879 1047 942 poenarum
1085 879 1124 922 a
1160 858 1437 940 peccatis
1481 858 1942 924 deterreamur.
2008 858 2107 924 Ao
2151 856 2434 923 vicissim
2478 877 2633 940 pro-

691 945 1031 1010 missiones
1089 945 1295 1027 ipsius
1338 943 1432 1010 sic
1495 944 1964 1027 amplectamur
2007 953 2082 1007 8ι
2140 942 2274 1008 11118
2315 944 2468 1008 freti
2516 942 2631 1006 ad-

689 1050 919 1095 versus
972 1050 1392 1112 quoscunque
1435 1027 1692 1108 diaboli,
1752 1028 1979 1095 mundi
2031 1038 2099 1094 et
2141 1029 2424 1095 cuiusvis
2467 1029 2631 1094 alte-

689 1116 827 1181 rius
897 1115 1269 1199 protestatis
1340 1116 1625 1181 insultus
1704 1116 2129 1199 imperterriti
2208 1125 2485 1193 stemus,
2565 1123 2633 1180 8ι

687 1202 889 1267 881118
932 1201 1148 1279 181818,
1193 1200 1390 1266 881118
1436 1201 1829 1267 cruciatibus
1884 1221 1925 1265 a
1980 1199 2221 1266 fiducia
2284 1200 2357 1264 in
2412 1201 2629 1283 ipsum

688 1287 1106 1354 abducamur.
1205 1286 1468 1364 Contra,
1516 1288 1771 1371 quoties
1818 1286 1994 1352 velut
2035 1295 2364 1352 exsertam
2421 1287 2631 1369 ipsius

688 1394 964 1439 manum
1007 1373 1078 1436 in
1122 1393 1366 1456 poenas
1419 1372 2017 1451 animadvertimus,
2062 1374 2182 1438 toti
2226 1371 2631 1438 cohorresca-

688 1480 857 1543 mus,
910 1457 1318 1540 iudicemque
1376 1459 1564 1523 illum
1623 1460 1936 1541 experiri,
2010 1459 2081 1524 ni
2140 1457 2222 1523 ad
2288 1456 2625 1523 meliorem

686 1545 1073 1612 redierimus
1117 1553 1420 1622 mentem,
1468 1545 1833 1610 timeamus.

862 1630 1108 1695 Verum
1169 1629 1486 1712 quaedam
1544 1631 1651 1696 hic
1707 1630 1990 1696 occurrit
2033 1628 2414 1694 difficultas:
2472 1648 2626 1694 nam

689 1737 891 1800 quum
936 1717 1044 1781 hic
1089 1714 1359 1782 Samuel
1406 1716 1531 1780 Dei
1587 1716 1906 1800 propheta
1960 1714 2174 1781 fidelis
2217 1725 2282 1779 et
2325 1714 2627 1800 (18188888

686 1804 814 1868 Dei
861 1803 1132 1869 verbum
1176 1803 1301 1883 ipsi
1346 1803 1741 1884 patefactum
1787 1803 1983 1867 fuisse
2041 1800 2315 1880 dicatur,
2374 1822 2448 1867 ac
2505 1802 2626 1866 toti

685 1889 926 1973 populo
1005 1887 1405 1953 revelatum:
1486 1886 1567 1953 ad
1649 1888 1840 1953 cuius
1918 1885 2303 1952 mandatum
2368 1887 2628 1953 videtur

688 1975 981 2040 exercitu
1026 1974 1390 2057 conscripto
1434 1973 1748 2038 adversus
1792 1973 2186 2039 Philistaeos
2229 1974 2475 2055 praelio
2521 1973 2628 2037 de-

686 2070 992 2136 certasse,
1042 2079 1117 2126 ac
1163 2059 1425 2124 tandem
1467 2060 1549 2124 ab
1595 2058 1752 2143 ipsis
1792 2058 2090 2123 hostibus
2132 2067 2477 2142 superatus
2520 2060 2625 2125 fu-

683 2147 832 2223 isse,
892 2166 1105 2228 neque
1166 2152 1388 2210 tamen
1435 2146 1766 2229 praedicta
1808 2147 1897 2210 sit
1938 2143 2185 2211 clades:
2234 2145 2350 2210 sed
2394 2154 2625 2211 contra

682 2232 901 2315 potius
937 2232 1154 2297 iussus
1197 2231 1477 2330 populus
1523 2252 1708 2296 arma
1748 2251 2006 2296 sumere
2049 2229 2362 2295 adversus
2400 2230 2622 2296 hostes

684 2317 1092 2394 Philistaeos,
1149 2318 1293 2398 quis
1337 2337 1469 2382 888
1515 2316 1685 2381 dicat
1728 2336 1968 2381 vanam
2012 2324 2077 2380 et
2119 2315 2371 2381 irritam
2414 2316 2623 2399 ipsius

683 2402 884 2468 fuisse
907 2368 1366 2486 prophetiam?
1426 2402 1594 2482 Quis
1637 2421 1766 2466 non
1813 2400 2131 2478 delusum,
2168 2421 2467 2484 vanaque
2507 2423 2621 2484 spe

680 2487 995 2553 lactatum
1042 2489 1354 2589 populum
1402 2485 1811 2570 suspicetur?
1878 2487 2049 2552 Nam
2096 2488 2187 2551 ita
2228 2489 2462 2552 merito
2507 2509 2620 2570 po·

683 2573 883 2657 pulus
939 2574 1313 2638 ratiocinari
1358 2573 1733 2639 videbatur.
1783 2571 1968 2638 Deus
2011 2572 2195 2638 iubet
2237 2594 2356 2639 nos
2399 2585 2621 2640 coacto

686 2659 934 2725 1811118
915 2681 983 2723 18
1021 2658 1343 2742 818811818
1379 2657 1601 2743 egredi
1637 2658 1955 2724 adversus
1978 2658 2403 2724 Ρ111118ι88883
2450 2658 2623 2742 888(1

686 2742 1206 2828 quandoquidem
1263 2745 1457 2822 iubet,
1518 2746 1952 2827 permissurus
2011 2764 2168 2810 sane
2225 2766 2357 2810 non
2403 2752 2505 2810 est
2549 2755 2623 2810 ut

687 2830 926 2897 devicti
982 2831 1052 2895 in
1111 2838 1499 2915 potestatem
1557 2831 1847 2913 ipsorum
1893 2832 2251 2896 veniamus.
2340 2830 2620 2909 Deinde,

684 2917 829 2998 quis
875 2936 1162 3000 unquam
1209 2925 1458 2981 tantam
1505 2915 1754 2981 cladem
1797 2916 2167 2998 suspicatus
2210 2924 2387 2981 esset
2427 2938 2624 2982 even-

683 3000 948 3066 turam?
1036 3001 1214 3068 Huic
1258 3001 1628 3067 difficultati
1671 3002 1765 3066 sic
1809 3001 2073 3083 quidem
2122 3011 2489 3081 occurrunt,
2550 3010 2623 3068 ut

684 3087 903 3152 Deum
950 3087 1173 3153 dicant
1214 3088 1496 3153 voluisse
1541 3087 1621 3151 de
1664 3087 1903 3170 populo
1946 3086 2300 3153 vindictam
2343 3109 2620 3154 sumere.

683 3172 883 3238 Esto:
930 3172 1043 3238 sed
1089 3172 1382 3238 nondum
1426 3171 1634 3239 nodus
1692 3173 1970 3239 solutus:
2034 3193 2234 3255 quum
2278 3174 2462 3240 Deus
2505 3196 2624 3257 per

686 3256 1062 3325 Samuelem
1087 3258 1419 3341 loquutus,
1463 3279 1595 3324 888
1632 3258 1939 3340 impleret
1981 3266 2200 3324 tamen
2238 3279 2403 3342 quae
2437 3281 2623 3343 prae·

684 3344 810 3410 (1181
872 3345 1170 3412 18888181.
1257 3344 1409 3410 Non
1470 3343 1659 3408 aliter
1712 3343 2040 3427 prioribus
2084 3345 2358 3411 saeculis
2400 3346 2622 3411 Deum

686 3431 988 3496 novimus
1052 3430 1317 3496 iussisse
1378 3428 1664 3495 iudicum
1732 3430 2130 3511 temporibus
2196 3439 2271 3495 ut
2334 3432 2624 3514 reliquae

684 3515 900 3580 tribus
943 3516 1332 3583 israeliticae
1376 3516 1620 3599 praelio
1664 3513 1977 3581 adversus
2021 3516 2424 3582 Beniamitas
2466 3537 2624 3582 con·

685 3600 1131 3684 grederentur‚
1175 3609 1240 3667 et
1283 3609 1503 3667 tamen
1551 3601 1647 3665 bis
1686 3600 1928 3683 praelio
1970 3601 2053 3666 ab
2096 3602 2239 3667 istis
2272 3613 2626 3685 superatos,

686 3687 829 3752 Deo
873 3707 1112 3768 poenas
1158 3710 1197 3752 a
1236 3687 1506 3770 reliquis
1547 3685 1844 3752 tribubus
1888 3685 1969 3751 de
2012 3688 2382 3769 praeteritis
2425 3689 2629 3755 offen-

687 3772 780 3836 sis
824 3781 1220 3855 reposcente.
1308 3772 1561 3837 Verum
1607 3773 1941 3837 enimvero
1987 3771 2253 3839 Samuel
2300 3795 2482 3856 spem
2530 3776 2622 3839 fe·

686 3866 867 3923 cerat
912 3859 1146 3942 populo
1189 3857 1506 3923 adversus
1539 3857 1759 3924 hostes
1796 3859 2247 3942 congredienti
2283 3861 2624 3926 victoriae.

689 3954 758 4008 at
836 3964 1036 4026 quum
1108 3945 1411 4009 effectum
1478 3945 1875 4010 contrarium
1942 3946 2397 4028 experiantur,
2478 3947 2626 4029 quis

688 4029 1019 4095 Samuelis
1040 4029 1448 4112 prophetiam
1486 4051 1606 4095 suo
1640 4031 1876 4096 effectu
1912 4033 2197 4096 caruisse
2230 4052 2365 4096 non
2400 4031 2624 4096 videt?

684 4115 922 4198 Itaque
979 4125 1056 4180 ut
1114 4115 1292 4180 hunc
1352 4114 1595 4180 nodum
1641 4115 1987 4199 explicent,
2048 4117 2256 4182 multa
2299 4117 2406 4183 hic
2449 4118 2627 4183 adfe-

685 4211 862 4279 runt,
922 4211 990 4266 et
1046 4222 1189 4266 sese
1247 4201 1431 4267 varie
1490 4210 1813 4285 torquent.
1906 4200 2039 4267 Sed
2103 4211 2175 4267 ut
2234 4223 2376 4267 rem
2418 4209 2625 4269 totam

686 4288 912 4371 paucis
970 4288 1308 4371 explicem,
1368 4308 1565 4369 quum
1626 4286 1953 4353 Samuelis
2008 4287 2279 4353 verbum
2337 4289 2463 4353 toti
2516 4310 2627 4372 po-

688 4373 842 4457 pulo
887 4373 1130 4437 factum
1178 4372 1431 4451 dicitur,
1477 4372 1604 4437 duo
1646 4373 1809 4440 haec
1852 4375 1917 4437 in
1957 4394 2196 4457 genere
2231 4373 2623 4453 indicantur,

682 4480 920 4542 nempe
944 4458 1322 4524 Samuelem
1355 4423 1642 4524 of'ficium
1663 4459 2019 4542 prophetae
2041 4481 2198 4545 erga
2241 4461 2626 4526 universum

685 4546 999 4630 populum
1044 4566 1174 4609 non
1221 4567 1380 4629 erga
1418 4565 1621 4609 unum
1667 4544 1822 4609 Heli
1867 4554 2123 4610 tantum
2166 4544 2413 4612 fecisse.
2487 4547 2622 4612 De-

686 4632 840 4697 inde
898 4650 1154 4713 semper
1211 4630 1332 4695 hoc
1390 4630 1665 4697 verbum
1720 4651 1953 4696 verum
2013 4632 2241 4697 fuisse:
2309 4633 2622 4715 populum

687 4738 809 4783 suo
852 4716 1138 4800 periculo
1183 4714 1485 4783 edoctum
1510 4713 1885 4783 Samuelem
1928 4717 2124 4783 fuisse
2168 4717 2423 4783 fidelem
2449 4720 2622 4784 Deo.

689 4811 884 4886 atque
929 4801 1011 4867 ad
1053 4803 1335 4868 officium
1382 4802 1740 4885 8188118188
1785 4811 2107 4883 vocatum,
2150 4804 2273 4868 toti
2317 4805 2624 4871 ecclesiae

689 4890 852 4955 utile
909 4890 1222 4971 futurum,
1294 4899 1358 4952 et
1413 4892 1552 4955 81118
1597 4887 1945 4953 ministerii
2002 4889 2349 4955 veritatem
2406 4911 2489 4955 ex
2534 4891 2625 4954 ef-

683 4975 874 5042 fectis
917 4974 1383 5057 apparituram.

865 5061 1189 5144 Deinceps
1234 5081 1394 5127 vero
1449 5060 1689 5126 dicitur
1725 5059 1908 5124 Dens
1955 5058 2280 5128 addidisse
2317 5068 2394 5126 ut
2425 5082 2624 5145 appa·

690 5158 867 5210 reret
908 5149 974 5209 in
1019 5144 1179 5222 Silo,
1223 5167 1350 5229 quo
1396 5149 1464 5211 in
1509 5146 1648 5212 loco
1673 5144 1997 5212 Dominus
2040 5148 2368 5214 revelatus
2411 5148 2624 5214 fuerat

694 5230 1005 5300 Samueli.
1114 5232 1272 5297 Loci
1351 5234 1548 5298 huius
1614 5231 1756 5299 Silo
1836 5232 2221 5299 nominatim
2299 5233 2625 5318 scriptura

2373 322 2791 391 HOMILIA
2830 323 2989 389 XV.

4551 321 4676 388 404

2736 512 3053 591 meminit,
3111 519 3187 577 ut
3242 511 3630 597 dignitatem
3685 511 3858 579 11888
3917 532 3957 577 8
3996 512 4143 577 Deo
4198 519 4670 595 consequutum

2735 609 3064 699 appareat,
3102 598 3282 664 locus
3316 609 3392 663 ut
3426 607 3602 664 esset
3635 598 3700 663 in
3739 618 3932 681 quem
3969 597 4244 681 populus
4279 599 4674 664 conveniens

2733 686 2805 750 in
2863 685 3026 769 legis
3079 684 3495 767 simplicitate
3550 686 3960 750 retineretur.
4047 684 4220 749 Nam
4264 704 4466 767 supra
4507 684 4674 749 vidi-

2734 792 2901 870 mus,
2958 781 3024 836 8ι
3067 769 3369 854 deinceps
3412 771 3621 837 visuri
3664 790 3924 836 sumus:
3969 790 4189 835 arcam
4231 769 4413 836 illam
4456 769 4672 837 foede-

2733 857 2846 936 ris,
2913 856 2979 920 18
3045 876 3176 939 qua
3238 856 3405 940 legis
3469 856 3776 924 volumen
3831 856 4307 934 continebatur,
4373 863 4443 920 et
4507 876 4672 939 quae

2733 942 3029 1043 pignoris
3071 943 3283 1007 instar
3316 949 3459 1008 erat
3492 942 3897 1025 praesentiae
3931 940 4210 1021 divinae,
4249 906 4672 1026 eiusdemque

2733 1028 3042 1108 iustitiae,
3099 1028 3449 1111 potentiae,
3507 1027 3771 1094 virtutis
3824 1036 3890 1094 et
3940 991 4250 1093 bonitatis
4291 1028 4363 1092 18
4407 1027 4669 1094 Silunte

2733 1113 3068 1192 resedisse,
3112 1113 3482 1198 ibidemque
3525 1113 3840 1180 sacrificia
3883 1114 4023 1179 fieri
4082 1114 4462 1196 oportuisse.
4550 1114 4667 1177 Vi-

2734 1200 2951 1265 (111888
3017 1201 3288 1283 1888881·
3353 1201 3528 1266 11888
3607 1199 3923 1284 88881818
4004 1198 4451 1283 voluptatibus
4529 1201 4667 1265 8818

2730 1284 3103 1362 indulsisse,
3162 1306 3238 1352 88
3292 1286 3638 1351 brutorum
3696 1287 3910 1351 instar
3956 1284 4335 1351 libidinibus
4379 1284 4667 1351 habenas

2732 1372 3008 1450 laxasse,
3076 1378 3144 1436 et
3206 1372 3523 1437 sacrificia
3583 1393 3669 1436 ex
3732 1371 3935 1436 animi
4000 1371 4272 1437 arbitrio
4335 1369 4665 1446 obtulisse,

2731 1468 2963 1523 contra
3004 1456 3172 1542 legis
3215 1478 3559 1542 expressas
3602 1455 4104 1541 prohibitiones.
4164 1456 4398 1539 quibus
4456 1458 4666 1522 nomi-

2731 1542 2938 1608 natim
2962 1554 3222 1609 cautum
3247 1550 3407 1623 erat,
3450 1563 3534 1607 ne
3556 1543 3701 1626 8818
3734 1543 3816 1608 ad
3842 1541 3968 1608 Dei
4011 1543 4284 1609 verbum
4308 1542 4665 1627 quidquam

2730 1627 2999 1694 adderet
3041 1629 3335 1696 eidemve
3393 1628 3801 1695 detraheret:
3856 1649 3940 1695 88
3994 1630 4141 1711 8818
4181 1629 4382 1694 etiam
4427 1630 4666 1693 faceret

2731 1714 2907 1797 888(1
2961 1714 3083 1780 81111
3144 1724 3394 1781 rectum
3457 1714 3804 1789 videretur,
3873 1714 3989 1780 sed
4041 1714 4388 1798 propositis
4447 1736 4489 1778 a
4527 1714 4667 1779 Do·

2730 1800 2910 1865 mino
2954 1799 3207 1884 legibus
3249 1801 3731 1883 obsequeretur.
3817 1799 4054 1883 Itaque
4096 1799 4441 1883 desperata
4489 1800 4666 1865 salus

2730 1886 2925 1951 huius
2987 1887 3233 1969 populi,
3299 1885 3469 1969 quod
3537 1886 3621 1950 ad
3686 1886 3893 1969 legem
3961 1885 4230 1964 attinet,
4306 1883 4661 1950 videbatur.

2729 1971 2953 2052 Quare
2997 1973 3323 2038 Dominus
3365 1973 3437 2037 18
3479 1972 3604 2036 1188
3637 1970 4009 2037 88111188ιί8
4067 1972 4207 2038 1888
4272 1971 4664 2055 peculiarem

2728 2057 3056 2140 quandam
3111 2071 3335 2123 notam
3391 2067 3652 2124 exstare
3719 2057 3946 2133 voluit,
4013 2078 4143 2141 qua
4206 2056 4486 2141 populus
4551 2057 4661 2121 ad·

2726 2144 3014 2209 monitus
3079 2143 3149 2208 18
3217 2165 3364 2209 eum
3430 2142 3846 2220 conveniret,
3929 2165 4006 2209 ac
4069 2143 4666 2225 superstitionibus,

2724 2230 3137 2312 propriisque
3193 2227 3668 2328 cupiditatibus
3715 2228 3990 2311 quisque
4043 2230 4499 2311 88188888888
4559 2248 4666 2292 81·

2726 2315 2899 2380 (11818
2963 2336 3038 2381 88
3103 2316 3336 2380 8818118
3403 2314 3835 2389 renunciaret,
3902 2314 4251 2397 Deumque
4316 2336 4400 2379 ex
4458 2315 4664 2396 188188

2724 2401 2990 2466 statutis
3037 2422 3164 2466 888
3210 2401 3366 2466 81118
3411 2403 3940 2484 ἐθελοθρησκείαις
3982 2400 4223 2466 8818181
4264 2420 4340 2466 88
4381 2420 4661 2466 venera-

2725 2497 2928 2552 retur.
3016 2486 3115 2551 Ne
3161 2507 3245 2553 88
3308 2506 3468 2552 vero
3535 2497 3848 2569 perpetua
3912 2486 4026 2550 illa
4088 2485 4214 2550 fuit
4268 2486 4465 2551 huius
4522 2486 4666 2557 loci.

2727 2508 3273 2653 quemadmodum
3320 2594 3441 2639 nec
3486 2572 3714 2656 templi
3756 2580 3981 2654 postea
4023 2583 4198 2650 nota,
4243 2593 4327 2638 ne
4373 2573 4514 2637 loco
4557 2571 4667 2637 isti

2725 2658 2909 2723 Deus
2952 2657 3258 2743 alligatus
3301 2658 3654 2736 videretur,
3712 2656 3885 2741 quod
3928 2657 4055 2723 sibi
4098 2667 4316 2722 tamen
4359 2659 4666 2742 hypocri-

2728 2754 2833 2809 tae
2898 2744 3280 2827 plerumque
3342 2742 3769 2827 persuadent.
3837 2742 4384 2843 quemadmodum
4428 2743 4665 2809 Hiere-

2727 2831 2925 2894 181818
2985 2830 3283 2896 videmus
3325 2828 3719 2895 Iudaeorum
3767 2829 4252 2912 hypocritarum
4308 2829 4666 2929 ingratitu-

2727 2914 2945 2980 dinem
2991 2915 3489 2998 reprehendere,
3533 2936 3675 2988 sese
3720 2936 3760 2980 a
3801 2915 4034 2999 templi
4068 2915 4394 3000 dignitate
4431 2917 4670 2981 iactan-

2725 3003 2912 3079 tium,
2974 3009 3041 3066 et
3083 3002 3408 3084 quandam
3468 3001 3614 3067 ideo
3656 3002 4159 3067 sanctimoniam
4203 3001 4325 3066 81111
4371 3000 4668 3066 tribuen-

2728 3087 2911 3151 tium.
3000 3086 3180 3153 Sunt
3221 3088 3578 3172 prophetae
3639 3106 3859 3152 voces·
3905 3087 4006 3152 Ite
4058 3079 4145 3153 (18
4202 3087 4407 3152 locum
4464 3107 4666 3151 mcum

2724 3174 2797 3239 in
2844 3172 2998 3250 sizo,
3057 3172 3168 3237 ubi
3222 3173 3520 3239 habitavit
3573 3194 3788 3239 nomen
3841 3193 4046 3238 mum
4099 3192 4174 3237 m
4205 3172 4666 3255 111-1118181881

2723 3259 2921 3325 videte
2978 3278 3138 3341 quae
3188 3257 3442 3340 fecerim
3497 3259 3556 3323 ei
3599 3264 3865 3341 propter
3918 3258 4232 3324 malitiam
4275 3260 4506 3342 populi
4543 3259 4665 3322 mei

2728 3345 2958 3410 Israel.
3047 3344 3252 3425 Quasi
3320 3345 3520 3409 (118813
3595 3345 3795 3429 Agite
3856 3354 4369 3427 contemptores,
4447 3343 4664 3410 videte

2724 3430 2856 3495 iam
2903 3428 3269 3496 Schiluntis
3313 3431 3548 3508 locum,
3609 3440 3678 3495 et
3735 3429 3818 3495 ad
3863 3450 4010 3494 mea
4050 3430 4294 3496 iudicia
4336 3430 4665 3497 cohorres-

2726 3516 2870 3594 cite,
2929 3537 3066 3593 vos,
3127 3517 3389 3598 1888818
3434 3515 3834 3600 hypocritae,
3880 3514 3964 3580 ad
4008 3516 4170 3581 haec
4211 3517 4509 3582 animum
4551 3515 4666 3581 8(1-

2723 3602 2984 3680 vortite,
3027 3611 3378 3685 vestroque
3422 3602 3681 3685 templo,
3727 3622 3857 3685 quo
3901 3601 4296 3685 gloriamini,
4333 3601 4505 3667 idem
4549 3624 4664 3668 ex-

2725 3687 2916 3752 itium
2998 3687 3286 3753 metuite.
3375 3686 3814 3769 Quamobrem
3888 3689 4173 3753 sciamus
4236 3687 4476 3767 Deum,
4543 3689 4666 3754 etsi

2727 3772 3142 3841 Schiluntem
3204 3781 3391 3838 tanto
3455 3774 3700 3839 honore
3765 3772 4071 3858 dignatus
4137 3782 4258 3853 est,
4321 3794 4456 3839 non
4519 3773 4666 3839 ideo

2728 3869 2950 3924 tamen
3013 3858 3369 3942 obligatum
3427 3858 3526 3924 illi
3579 3860 3650 3922 18
3711 3868 4052 3924 aeternum
4097 3860 4328 3925 fuisse:
4397 3859 4513 3924 sed
4570 3860 4665 3924 ita

2731 3944 3011 4010 voluisse
3054 3946 3416 4028 populum
3398 3967 3468 4010 18
3505 3946 3645 4010 veri
3696 3944 3912 4010 cultus
3964 3944 4173 4010 divini
4212 3945 4665 4012 observatione

2729 4031 3030 4095 retinere.
3163 4029 3356 4111 Quod
3446 4051 3607 4096 vero
3696 4028 3969 4096 Samuel
4048 4033 4421 4113 perrexisse
4505 4031 4664 4098 dici·

2728 4123 2856 4194 tur,
2911 4115 3267 4182 tenendum
3320 4115 3463 4182 ideo
3505 4115 4000 4182 commemorari
4041 4137 4128 4182 ne
4169 4138 4369 4182 unam
4415 4127 4529 4182 aut
4573 4118 4666 4181 al·

2729 4210 2938 4267 teram
2985 4212 3241 4266 tantum
3285 4202 3488 4267 fuisse
3512 4200 3837 4269 Samuelis
3882 4203 4292 4285 prophetiam
4327 4202 4665 4282 sciremus,

2729 4306 2954 4354 eorum
3013 4309 3177 4370 quae
3237 4288 3337 4353 vel
3382 4288 3541 4352 Heli
3597 4288 3705 4354 vel
3764 4288 4003 4370 populo
4054 4296 4272 4353 essent
4312 4299 4661 4355 eventura:

2727 4374 2839 4439 sed
2863 4374 3082 4438 Deum
3125 4373 3264 4439 eius
3308 4395 3502 4440 usum
3546 4376 3615 4439 in
3659 4375 3926 4439 88818818
3970 4375 4331 4439 ministerio
4375 4384 4454 4438 ut
4494 4386 4667 4440 esset

2729 4468 3082 4544 perpetuus
3138 4460 3347 4542 ipsius
3399 4460 3637 4526 doctor.
3725 4460 4211 4543 Nonnunquam
4258 4461 4437 4526 enim
4483 4460 4666 4527 Deus

2727 4545 3105 4629 prophetiae
3147 4545 3392 4611 donum
3439 4545 3849 4628 quibusdam,
3900 4545 4016 4612 sed
4061 4545 4146 4611 ad
4189 4555 4416 4611 actum
4459 4569 4666 4612 unum

2727 4630 2922 4709 dedit,
2982 4631 3092 4714 qui
3150 4641 3369 4697 tamen
3428 4653 3558 4697 non
3614 4631 3757 4697 ideo
3801 4633 4155 4714 prophetae
4195 4633 4485 4698 fuerunt.
4573 4637 4666 4697 At

2724 4739 2926 4801 quum
2983 4717 3336 4799 prophetas
3397 4717 3687 4783 instituit
3749 4717 3820 4782 in
3886 4719 4189 4797 ecclesia,
4254 4718 4664 4784 vocationem

2724 4805 3017 4888 ipsorum
3061 4819 3275 4867 ratam
3318 4804 3488 4882 fecit,
3531 4815 3606 4869 ut
3629 4803 3937 4871 continue
3979 4804 4294 4888 populum
4339 4803 4664 4885 docerent,

2726 4911 2800 4956 ac
2843 4891 2914 4954 in
2961 4890 3338 4955 memoriam
3382 4889 3509 4954 Dei
3554 4891 3731 4956 iussa
3776 4888 4266 4974 doctrinamque
4319 4895 4663 4957 coelestem

2727 4975 2936 5042 eidem
2981 4983 3380 5054 revocarent,
3442 4985 3508 5040 et
3559 4978 3626 5041 in
3672 4976 3800 5040 Dei
3860 4978 4167 5060 obsequio
4216 4977 4661 5052 continerent3

2727 5063 2828 5128 sin
2875 5061 3114 5141 minus,
3158 5061 3663 5126 inexcusabilem
3711 5061 4091 5128 redderent:
4136 5084 4332 5146 quam
4378 5063 4661 5130 vocatio-

2726 5169 2876 5212 nem
2901 5147 3085 5212 Deus
3124 5148 3312 5214 novis
3347 5147 3621 5214 subinde
3655 5148 4046 5216 testimoniis
4089 5149 4478 5232 approbavit
4516 5170 4660 5215 con-

2723 5233 3162 5316 firmavitque,
3204 5254 3333 5317 quo
3376 5234 3708 5301 doctrinae
3751 5236 4041 5319 ipsorum
4077 5236 4289 5320 magis
4321 5236 4660 5321 magisque
