5059 6059
815 284 946 355 375

823 475 984 551 Saul
1022 476 1090 539 in
1126 473 1566 541 Ionathanum
1600 475 1977 553 insurrexit,
2022 473 2442 560 graviterque
2468 474 2758 556 primum

816 559 1144 644 increpuit
1215 580 1401 639 eum3
1479 579 1725 627 vocans
1803 560 2010 626 filium
2091 559 2385 624 mulieris
2466 560 2757 641 iniquae:

820 647 1004 729 quasi
1048 645 1283 728 aliquis
1327 647 1605 729 aliquem
1645 667 1684 711 a
1719 667 1788 713 se
1824 647 2140 712 facessere
2184 644 2434 728 iubens,
2482 644 2759 708 diceret:

820 731 1098 798 Facesse
1140 729 1315 810 hinc,
1361 731 1455 796 fili
1499 733 1717 799 scorti.
1805 729 2045 798 Videte
2089 730 2375 795 hominis
2420 730 2757 794 infamiam

820 816 930 899 qui
988 817 1200 881 filium
1262 837 1397 881 non
1456 825 1801 882 contentus
1859 815 2255 883 contumelia
2313 815 2629 894 affecisse,
2687 815 2757 879 in

819 909 1099 968 matrem
1136 902 1356 989 etiam⁹
1387 903 1590 986 ipsius
1636 910 1733 970 est
1775 901 2083 968 iniurius:
2150 922 2316 986 quae
2359 900 2633 967 fortasse
2677 921 2759 964 ex

824 989 991 1053 vivis
1034 996 1430 1056 excesserat:
1496 995 1615 1054 aut
1658 988 1872 1054 adhuc
1914 989 2206 1053 vivebat:
2274 986 2388 1051 sed
2434 998 2586 1052 utut
2650 985 2758 1066 sit,

819 1094 936 1139 cur
989 1074 1057 1138 in
1119 1093 1261 1138 eam
1320 1073 1531 1139 fertur
1586 1074 1726 1140 eius
1783 1071 2165 1141 iracundia?
2256 1073 2647 1137 Panaticum
2691 1082 2757 1137 et

819 1160 1129 1226 insanum
1175 1158 1500 1225 hominem
1543 1161 1774 1226 merito
1821 1160 2126 1244 dicemus,
2178 1158 2292 1241 qui
2339 1177 2607 1223 uxorem
2652 1156 2758 1223 hic

821 1244 1199 1310 rebellionis
1266 1253 1542 1312 accusat.
1634 1244 1768 1313 Sed
1822 1266 1951 1328 qua
2007 1246 2074 1308 in
2135 1252 2319 1327 parte
2376 1249 2761 1326 peccaverat

821 1331 935 1395 illa
992 1339 1224 1397 contra
1279 1330 1633 1397 maritum?
1695 1353 1777 1396 an
1824 1329 2340 1414 deprehenderat
2383 1329 2564 1394 illam
2609 1349 2755 1393 cum

826 1417 964 1482 filio
1037 1416 1385 1482 adversum
1457 1419 1669 1500 ipsum
1742 1414 2270 1500 conspirantem?
2356 1415 2528 1480 Nam
2596 1431 2755 1490 estc,

820 1500 1231 1571 Ionathanus
1296 1502 1385 1568 sit
1446 1523 1599 1567 reus
1665 1503 1937 1568 alicuius
2001 1502 2170 1578 facti,
2237 1498 2390 1583 quid
2456 1499 2617 1564 illud
2676 1499 2754 1563 ad

820 1596 1095 1652 matrem
1155 1586 1612 1653 innocentem?
1702 1588 2144 1670 Quamobrem
2211 1587 2410 1670 igitur
2452 1586 2547 1650 illi
2595 1583 2757 1651 Saul

817 1671 1170 1738 irascitur?
1259 1673 1436 1738 Hinc
1517 1694 1941 1756 agnoscamus
2022 1693 2215 1755 quam
2299 1671 2562 1735 violenti
2628 1672 2760 1735 sint

819 1758 1087 1824 affectus
1133 1758 1338 1824 nostri
1383 1780 1578 1841 quum
1629 1760 1785 1843 ipsis
1829 1759 2118 1824 habenas
2162 1758 2445 1823 laxiores
2489 1757 2756 1840 permit-

820 1845 1042 1909 timus.
1133 1843 1263 1922 Ira‚
1309 1844 1519 1927 inquit
1563 1845 1691 1919 ille,
1738 1846 1918 1910 furor
1962 1855 2062 1909 est
2104 1843 2343 1909 brevis.
2430 1842 2761 1922 Quemad-

814 1928 1082 1996 modum
1127 1931 1302 1994 enim
1349 1931 1541 1994 homo
1583 1931 1858 1996 insanus
1939 1930 2193 1995 nullum
2242 1928 2438 1994 habet
2481 1927 2757 1993 rationis

817 2036 1031 2097 neque
1097 2015 1445 2097 aequitatis
1504 2036 1797 2080 sensum:
1873 2015 1986 2081 sed
2053 2014 2245 2079 modo
2304 2013 2478 2079 hunc
2522 2013 2756 2092 caedit,

818 2098 1009 2167 modo
1068 2099 1255 2164 illum
1301 2101 1572 2179 mordet,
1636 2100 1823 2166 modo
1866 2101 2159 2185 sibiipsi
2203 2100 2336 2165 vim
2380 2099 2605 2163 infert:
2665 2098 2758 2163 sic

816 2187 915 2251 ira
979 2186 1270 2269 percitus
1337 2186 1500 2251 nihil
1567 2187 1787 2251 differt
1848 2187 1931 2251 ab
1994 2187 2227 2251 insano
2293 2197 2355 2250 et
2424 2184 2753 2259 frenetico,

817 2271 947 2335 nisi
1012 2269 1185 2353 quod
1230 2272 1585 2336 vehemens
1628 2272 1745 2337 illa
1789 2274 2003 2355 passio
2048 2274 2172 2336 cito
2217 2271 2468 2344 transit,
2529 2269 2640 2334 sed
2689 2278 2755 2334 et

817 2356 899 2420 ab
965 2357 1221 2420 insania
1288 2366 1354 2420 et
1417 2357 1658 2423 frenesi
1726 2357 1807 2423 ad
1874 2379 1945 2423 se
2010 2357 2207 2422 homo
2265 2357 2583 2422 fanaticus
2643 2357 2753 2419 vix

822 2444 1189 2515 revertitur.
1239 2440 1414 2509 -Sed
1471 2443 1633 2508 iram
1694 2453 1762 2507 et
1820 2444 2014 2508 aliam
2058 2441 2335 2507 similem
2382 2442 2752 2524 passionem

822 2534 1070 2593 certum
1116 2536 1218 2592 est
1261 2548 1530 2593 sensum
1574 2548 1830 2593 omnem
1877 2529 2146 2594 rationis
2187 2527 2268 2593 iis
2311 2527 2596 2592 adimere
2642 2526 2752 2608 qui

820 2613 899 2677 ab
945 2610 1058 2676 illa
1097 2613 1531 2695 possidentur,
1576 2613 1735 2679 adeo
1759 2625 1835 2678 ut
1857 2614 2022 2679 nihil
2046 2612 2447 2678 moderatum
2473 2613 2751 2695 sapiant.

821 2696 963 2765 Sua
1019 2718 1179 2762 sane
1223 2698 1452 2781 cuique
1497 2720 1705 2783 poena
1748 2701 2019 2764 sufficit:
2080 2700 2135 2763 si
2180 2697 2590 2763 Ionathanus
2632 2697 2754 2779 igi-

821 2793 929 2847 tur
972 2784 1384 2866 peccavisset,
1428 2805 1626 2867 quare
1667 2797 1939 2850 matrem
1988 2785 2193 2868 ipsius
2238 2782 2400 2848 Saul
2443 2782 2755 2849 dedecore

818 2880 884 2934 et
925 2868 1286 2953 ignominia
1328 2869 1573 2936 afficit?
1664 2868 1795 2937 Sed
1842 2869 2003 2937 Saul
2049 2870 2118 2934 in
2163 2870 2326 2935 iram
2368 2879 2432 2933 et
2466 2870 2754 2934 furorem

821 2975 1048 3020 versus
1091 2962 1192 3020 est
1236 2975 1501 3038 prorsus
1543 2966 1945 3023 excaecatus.
2035 2955 2125 3020 Et
2167 2954 2299 3018 iam
2335 2974 2536 3035 supra
2572 2953 2755 3017 audi-

818 3042 1033 3105 vimus
1099 3040 1312 3123 ipsum
1378 3041 1448 3106 in
1516 3062 1781 3108 sensum
1849 3041 2198 3125 reprobum
2263 3061 2303 3104 a
2368 3039 2509 3103 Deo
2554 3039 2754 3103 fuisse

816 3125 1199 3202 coniectum,
1238 3136 1301 3190 et
1338 3147 1376 3190 a
1412 3127 1582 3192 malo
1617 3128 1852 3210 spiritu
1890 3126 2160 3191 Domini
2196 3134 2545 3204 vexatum3
2585 3121 2754 3207 quod

819 3211 942 3277 hoc
978 3211 1118 3276 loco
1154 3211 1285 3275 iam
1323 3233 1393 3276 re
1427 3213 1571 3295 ipsa
1605 3211 2106 3278 demonstratur.
2180 3208 2314 3280 Sed
2352 3211 2524 3275 unde
2560 3208 2755 3276 fiebat

820 3307 894 3361 ut
930 3294 1093 3363 Saul
1129 3317 1392 3362 sensum
1431 3317 1691 3363 omnem
1729 3299 2001 3364 rationis
2037 3298 2383 3376 amitteret,
2421 3296 2543 3361 nisi
2583 3294 2754 3379 quod

821 3381 1138 3447 diabolica
1183 3383 1433 3449 malitia
1476 3384 1544 3448 in
1588 3384 1912 3449 Davidem
1949 3383 2295 3459 ferebatur,
2341 3392 2405 3447 et
2441 3382 2754 3448 adversus

817 3468 1034 3550 ipsum
1090 3467 1470 3534 aestuabat?
1561 3468 1784 3550 Quare
1829 3489 1955 3551 quo
1998 3468 2397 3534 licentiosius
2440 3469 2755 3534 adversus

815 3554 1033 3636 ipsum
1077 3554 1305 3632 fertur,
1350 3575 1426 3620 00
1472 3554 1737 3655 gravius
1782 3555 2241 3632 inflammatur,
2286 3554 2447 3621 adeo
2492 3553 2754 3636 quidem

817 3652 894 3721 ut
929 3659 1185 3703 omnem
1225 3640 1694 3706 humanitatem
1733 3650 1949 3718 exuat,
1988 3648 2055 3706 et
2086 3640 2364 3723 propriis
2400 3638 2756 3705 visceribus

822 3744 955 3788 non
1020 3734 1265 3806 pareat.
1343 3724 1458 3805 ¹An
1523 3748 1651 3791 non
1712 3728 1886 3792 enim
1948 3726 2018 3790 in
2078 3728 2289 3809 ipsum
2349 3724 2758 3791 redundabat

820 3810 1044 3874 uxoris
1103 3809 1397 3889 dedecus,
1440 3811 1648 3897 {quam
1708 3813 1775 3876 in
1834 3811 2166 3877 iracundia
2223 3832 2342 3877 sua
2387 3820 2594 3889 vocat,
2654 3812 2755 3876 in-

822 3915 1039 3978 quam,
1096 3896 1400 3960 rebellem
1458 3907 1526 3961 et
1583 3918 1976 3980 perversam,
2039 3897 2192 3963 licet
2246 3897 2358 3962 illa
2415 3917 2551 3962 000
2611 3917 2756 3980 pec-

822 3989 1034 4047 casset
1077 3980 1391 4047 adversus
1435 3983 1695 4065 ipsum?
1753 3985 2020 4067 Ergone
2066 3984 2270 4049 simus
2316 3982 2478 4049 Saul
2524 3984 2755 4058 satis&

823 4068 932 4150 qui
979 4067 1047 4131 in
1092 4086 1432 4149 procerum
1477 4068 1741 4134 ‘suorum
1788 4079 1971 4135 coetu
2010 4090 2280 4134 uxorem
2319 4080 2384 4132 et
2420 4068 2755 4151 proprium

823 4154 1208 4236 sanguinem
1278 4153 1418 4218 sine
1475 4174 1667 4219 causa
1725 4155 2108 4221 criminatur
2153 4164 2218 4219 et
2262 4153 2622 4235 ignominia
2665 4154 2757 4219 af·

821 4238 1007 4305 ficit?
1097 4238 1203 4303 Ex
1256 4259 1381 4321 quo
1439 4253 1707 4322 apparet
1765 4249 2161 4331 quantopere
2206 4240 2456 4305 malitia
2497 4240 2760 4323 propria

823 4325 1025 4390 fuerit
1067 4334 1469 4390 excaecatus.
1563 4323 1692 4391 Sed
1737 4324 1891 4391 hinc
1935 4326 2218 4391 vicissim
2265 4326 2458 4409 longe
2505 4326 2577 4389 fit
2615 4324 2760 4388 illu·

824 4413 1021 4476 strior
1064 4409 1411 4476 Ionathani
1460 4410 1620 4477 fides
1663 4412 1732 4476 in
1777 4410 2051 4476 Davidis
2094 4411 2394 4487 amicitia,
2432 4420 2522 4493 *et
2566 4412 2634 4474 in
2680 4410 2760 4474 iis

826 4495 1236 4580 perficiendis
1314 4518 1478 4579 quae
1556 4497 1682 4579 ipsi
1762 4508 1903 4563 erat
1969 4495 2309 4578 pollicitus.
2397 4496 2568 4561 Nam
2637 4496 2759 4560 etsi

824 4582 1033 4665 patris
1077 4582 1507 4675 *iracundiam
1593 4596 1660 4647 et
1727 4582 2177 4648 crudelitatem
2246 4584 2535 4659 sentiret,
2619 4602 2759 4645 sese

827 4680 1044 4731 tamen
1092 4666 1287 4732 audet
1328 4689 1670 4751 opponere,
1715 4677 1779 4732 et
1821 4667 1971 4731 licet
2016 4668 2608 4747 praesentissimum
2648 4687 2759 4749 pe-

827 4753 1104 4818 riculum
1154 4753 1388 4832 videat,
1441 4766 1518 4819 ut
1562 4753 1757 4837 paulo
1800 4763 1948 4836 post
1996 4752 2371 4827 videbimus,
2419 4753 2586 4817 ferre
2632 4773 2758 4817 non

828 4849 1037 4921 potest
1097 4848 1170 4902 ut
1212 4837 1503 4907 Davidis
1563 4838 1938 4904 innocentia
1980 4838 2071 4903 sic
2110 4841 2535 4920 opprimatur.
2626 4839 2761 4902 Ita-

832 4945 952 5006 que
1011 4923 1282 5007 excipit:
1354 4926 1519 5006 Quid
1576 4925 1682 4991 ille
1723 4945 1865 4989 vero
1896 4923 2091 5006 fecit?
2180 4922 2352 5004 Quid
2400 4924 2511 4987 ille
2555 4936 2762 4988 morte

2421 282 2834 352 HOMILIA
2876 282 3193 352 LXXVI.
4622 288 4714 355 376

2809 473 3065 572 ·ipsius
3156 484 3257 539 est
3334 474 3716 557 peccatum?
3805 473 4061 556 Quibus
4146 474 4485 539 Ionathani
4560 477 4720 544 verbis

2860 579 3070 643 magis
3110 559 3401 624 irritatus
3460 574 3644 644 pater
3688 563 3754 625 in
3798 559 4003 625 filium
4050 561 4421 639 insurrexit,
4478 568 4539 624 et
4573 566 4721 629 truci-

2862 641 3018 710 dare
3074 652 3347 711 conatus
3402 655 3518 711 est.
3606 646 3717 711 Ex
3774 645 3896 711 hcc
3939 646 4143 729 igitur
4186 647 4477 728 exemplo
4515 660 4723 731 apparet

2860 729 3049 811 quale
3107 730 3195 796 sit
3251 731 3570 796 bonorum
3631 731 3922 797 omnium
3975 732 4278 809 officium,
4343 752 4564 816 nempe
4599 736 4722 799 veri·

2858 824 3058 880 tatem
3096 827 3163 881 et
3197 817 3589 898 aequitatem
3626 838 3744 900 pro
3780 817 3954 882 virili
3993 817 4191 881 tueri:
4238 838 4312 882 ac
4348 837 4557 881 eorum
4586 839 4725 902 prae·

2858 901 3085 965 sertim
3130 901 3242 985 qui
3286 901 3366 966 ad
3413 922 3632 968 rerum
3679 903 4119 986 gubernacula
4156 902 4405 980 sedent,
4450 924 4593 985 quos
4628 905 4724 987 ple-

2858 1007 3136 1069 rumque
3201 987 3524 1072 contingit
3586 1008 3706 1053 sua
3773 990 4127 1054 autoritate
4191 989 4371 1054 abuti
4436 989 4512 1053 ad
4553 1000 4727 1073 tyran·

2857 1070 3098 1138 nidem.
3186 1073 3327 1147 Nae
3391 1074 3448 1139 si
3507 1075 3653 1156 quis
3712 1095 3795 1140 ex
3842 1095 4061 1139 rerum
4105 1084 4377 1139 externa
4417 1073 4568 1138 facie
4604 1075 4728 1138 indi·

2858 1158 3028 1223 cium
3089 1159 3276 1242 ferat,
3335 1158 3670 1226 videbitur
3725 1159 4137 1225 Ionathanus
4189 1180 4320 1225 non
4366 1158 4589 1225 leviter
4622 1181 4731 1244 pec-

2857 1261 3059 1323 casse,
3136 1244 3655 1328 quandoquidem
3721 1265 3840 1311 rex
3904 1246 4043 1328 ipse
4107 1245 4337 1310 mortis
4399 1248 4732 1310 sententiam

2860 1327 3172 1395 adversus
3229 1330 3552 1395 Davidem
3600 1330 3858 1411 tulerat,
3916 1332 4018 1396 cui
4064 1331 4244 1396 nefas
4285 1338 4429 1396 erat
4468 1329 4735 1397 contradi·

2860 1433 3024 1480 cere.
3107 1413 3283 1481 Sane
3318 1417 3410 1481 ita
3440 1426 3572 1482 est:
3610 1417 3724 1482 sed
3760 1415 4165 1482 Ionathanus
4198 1425 4474 1481 noverat
4504 1416 4735 1482 iustitiae

2856 1520 3096 1565 nomen
3141 1503 3401 1566 inanem
3450 1512 3704 1567 tantum
3749 1522 3891 1568 esse
3930 1503 4205 1578 larvam,
4249 1522 4382 1584 qua
4415 1502 4736 1585 plerumque

2861 1585 3042 1651 abuti
3127 1585 3341 1652 solent
3418 1587 3533 1671 qui
3607 1589 3744 1654 suis
3824 1587 4290 1671 cupiditatibus
4362 1587 4736 1671 abripiuntur.

2860 1670 3031 1736 Nam
3085 1672 3144 1738 si
3187 1673 3430 1738 centies
3473 1673 3708 1756 aliquis
3752 1672 3834 1739 ad
3879 1685 4150 1738 mortem
4196 1673 4431 1738 iudicis
4472 1673 4738 1738 sententis

2860 1759 3347 1837 condemnetur,
3393 1778 3525 1823 non
3570 1768 3790 1824 tamen
3836 1760 4005 1824 facta
4040 1757 4338 1841 diligenti
4374 1759 4740 1842 inquisitione

2859 1842 3021 1907 iuris
3079 1854 3143 1907 et
3199 1844 3406 1926 aequi,
3467 1862 3550 1908 an
3595 1844 3741 1910 ideo
3784 1844 4016 1910 merito
4059 1842 4350 1910 dicemus
4394 1844 4474 1909 ad
4517 1854 4737 1908 mortem

2860 1927 3036 1992 trahi
3091 1928 3525 2010 innocentem,
3583 1930 3752 2012 quod
3806 1929 4039 1996 iudicis
4082 1931 4408 1995 sententia
4452 1930 4742 1994 damnatus

2859 2012 2965 2079 sit.
3052 2014 3201 2079 Hoc
3244 2015 3507 2081 videbat
3548 2014 3973 2096 Ionathanus,
4041 2016 4459 2098 quamobrem
4506 2037 4626 2079 0011
4661 2035 4743 2078 ve·

2859 2109 3041 2165 retur
3083 2121 3154 2165 00
3196 2101 3369 2183 patri
3404 2100 3545 2185 regi
3581 2100 3731 2169 licet
3766 2121 4108 2184 opponere,
4155 2110 4220 2167 et
4258 2101 4488 2167 afflicti
4520 2098 4745 2165 Davidis

2857 2206 3121 2251 causam
3167 2206 3360 2269 agere
3405 2194 3470 2251 et
3514 2187 3705 2252 tueri.
3794 2186 4075 2268 Quaerit
4106 2187 4334 2270 itaque
4370 2185 4743 2262 Ionathanus,

2857 2291 2985 2353 qua
3027 2271 3099 2335 in
3143 2293 3215 2336 re
3258 2270 3479 2337 David
3523 2273 3909 2355 peccaverit.
3996 2272 4219 2356 Atque
4261 2272 4391 2339 hoc
4433 2282 4535 2338 est
4572 2270 4744 2337 obser·

2857 2357 3120 2422 vatione
3188 2356 3479 2441 dignum,
3546 2379 3778 2441 nempe
3837 2359 4128 2424 omnium
4174 2358 4471 2423 fidelium
4511 2357 4745 2422 officinm

2857 2461 3002 2507 0000
3059 2451 3134 2508 ut
3189 2442 3318 2508 Dei
3374 2453 3826 2526 procuratores
3882 2452 3950 2507 et
3992 2443 4255 2526 patroni
4297 2446 4455 2519 sint,
4514 2443 4743 2526 quoties-

2858 2547 3113 2610 cunque
3172 2530 3511 2594 veritatem
3567 2540 3633 2593 et
3690 2529 4005 2594 iustitiam
4052 2527 4497 2612 improborum
4542 2527 4747 2594 iudiciis

2858 2612 3134 2695 opprimi
3191 2613 3435 2692 vident,
3507 2623 3574 2679 et
3631 2616 4008 2681 innocentes
4065 2616 4303 2679 iniuste
4350 2616 4587 2699 affligi:
4643 2624 4745 2677 tan·

2861 2710 3126 2781 tumque
3170 2699 3396 2765 abesse
3440 2699 3676 2764 debere
3722 2711 3795 2765 ut
3838 2701 3907 2764 in
3953 2701 4115 2764 illud
4163 2701 4477 2766 iudicium
4523 2719 4747 2766 consen-

2859 2785 3047 2858 tiant,
3094 2798 3164 2848 ut
3205 2796 3434 2850 contra
3476 2806 3596 2868 pro
3643 2786 3812 2852 virili
3855 2806 4119 2852 causam
4163 2784 4430 2851 illorum
4477 2806 4668 2870 agere,
4700 2794 4747 2846 et

2859 2891 2927 2934 se
2971 2869 3102 2934 illis
3146 2872 3352 2936 socios
3399 2869 3635 2936 addere
3678 2893 3764 2937 ex
3807 2872 4018 2937 officio
4063 2870 4362 2937 debeant.
4456 2872 4619 2937 Nam
4659 2870 4749 2934 etsi

2857 2955 3233 3037 iniquitates
3277 2954 3719 3039 improborum
3760 2958 4032 3023 minime
4076 2959 4318 3023 conscii
4363 2958 4519 3037 sint,
4571 2963 4746 3021 tumen

2857 3040 2911 3105 si
2973 3039 3441 3106 dissimulando
3486 3042 3658 3125 quod
3704 3043 3979 3127 impium
4025 3050 4123 3107 est
4166 3042 4312 3106 fieri
4361 3043 4747 3126 permiserint,

2857 3140 3103 3191 certum
3163 3136 3262 3192 est
3319 3149 3428 3193 000
3487 3147 3705 3193 coram
3760 3128 3901 3193 Deo
3960 3127 4256 3193 desertae
4315 3128 4522 3195 bonae
4563 3145 4748 3197 causae

2857 3232 3002 3361 {eos
3060 3232 3219 3292 esse,
3274 3222 3340 3277 et
3397 3212 3683 3278 derelicti
3742 3215 3935 3279 officii
3989 3212 4069 3277 ad
4116 3211 4285 3296 quod
4337 3236 4376 3279 a
4420 3215 4565 3280 Deo
4604 3232 4749 3277 voca·

2897 3308 3113 3363 antur.

3026 3384 3115 3449 Et
3161 3384 3239 3448 de
3284 3384 3647 3449 lonathano
3691 3384 4044 3468 hactenus3
4089 3385 4567 3451 consideranda
4610 3381 4749 3447 dein·

2857 3491 3007 3552 ceps
3065 3469 3283 3534 Saulis
3343 3470 3659 3537 adversus
3717 3468 4153 3536 Ionathanum
4212 3471 4420 3535 verba
4463 3484 4747 3537 contume-

2856 3556 3047 3620 liosa:
3110 3555 3442 3637 Numquid
3498 3558 3728 3640 ἱρηονο,
3787 3556 3941 3639 quia
3998 3555 4223 3639 diliyis
4273 3555 4490 3637 filium
4544 3555 4747 3619 100110

2856 3641 3272 3724 confusionem
3337 3647 3532 3720 tuam,
3611 3647 3668 3707 et
3728 3643 3799 3708 in
3861 3641 4285 3724 confusionem
4349 3640 4749 3726 iynominiosae

2856 3728 3079 3793 matris
3152 3727 3350 3793 tuae?
3456 3726 3755 3794 Omnibus
3829 3728 3995 3794 enim
4057 3728 4274 3792 diebus
4340 3728 4566 3810 quibus
4618 3725 4750 3805 filius

2861 3813 3007 3878 Isai
3062 3814 3293 3877 vixerit
3346 3832 3537 3894 super
3592 3817 3822 3879 terram
3876 3833 3998 3878 non
4051 3812 4399 3879 stabilieris
4458 3820 4546 3893 tu,
4604 3828 4749 3893 nque

2857 3918 3115 3982 requam
3165 3904 3362 3963 tuum.
3452 3898 3643 3980 Quod
3699 3899 4105 3981 conspirasse
4152 3899 4588 3964 Ionathanum
4632 3896 4747 3960 dicit

2858 3984 2924 4049 in
2972 3984 3418 4048 confusionem
3464 3985 3934 4066 ignominiosae
3978 3984 4238 4065 matris,
4284 4005 4418 4050 non
4465 3994 4561 4050 est
4600 3981 4750 4048 intel·

2860 4070 3194 4155 ligendum
3240 4090 3385 4134 cum
3434 4071 3660 4135 multis
3702 4072 3883 4152 quasi
3931 4069 4190 4152 spurius
4226 4070 4447 4148 fuerit,
4493 4082 4553 4134 et
4588 4076 4751 4133 mater

2860 4156 3064 4238 ipsius
3111 4156 3422 4231 adultera,
3490 4155 3659 4238 quod
3707 4155 3977 4222 Saulem
4023 4176 4244 4239 regem
4290 4170 4357 4220 et
4403 4167 4645 4239 patrem
4680 4154 4748 4215 vi·

2862 4242 3125 4306 deretur
3185 4261 3313 4305 non
3373 4242 3691 4306 revereri:
3754 4240 3864 4306 sed
3911 4240 4126 4323 potius
4174 4263 4255 4306 ex
4301 4262 4427 4306 usu
4473 4238 4747 4309 communi

2862 4327 3106 4391 dictum
3152 4325 3682 4410 existimandum,
3725 4336 3797 4392 ut
3840 4348 3923 4390 ex
3967 4326 4109 4390 aliis
4155 4327 4383 4391 multis
4429 4329 4581 4393 locis
4616 4323 4749 4390 simi·

2862 4413 3030 4477 libus
3090 4419 3374 4492 apparet,
3434 4412 3641 4477 filium
3687 4415 4045 4496 sapientem
4094 4414 4257 4493 patri
4305 4411 4507 4479 decus
4547 4424 4608 4478 et
4644 4408 4747 4494 glo·

2864 4499 3047 4575 riam,
3107 4495 3218 4561 sed
3265 4496 3537 4562 stultum
3582 4509 3647 4562 et
3688 4498 4018 4581 perditum
4064 4519 4138 4564 ac
4174 4497 4565 4564 dissolutum
4600 4493 4745 4562 matri

2863 4582 3141 4647 dedecus
3214 4592 3279 4646 et
3348 4583 3773 4668 ignominiam
3841 4582 4116 4648 adferre.
4205 4581 4382 4664 Quid
4443 4587 4538 4649 ita
4586 4576 4743 4649 vero?

2864 4669 3133 4751 Nempe,
3192 4668 3362 4750 quod
3408 4680 3650 4733 matres
3697 4669 4006 4751 peculiari
4054 4667 4334 4751 quodam
4382 4671 4612 4736 afflatu
4648 4669 4743 4732 sint

2863 4775 3020 4838 erga
3053 4754 3223 4819 filios
3260 4754 3774 4839 indulgentiores
3819 4769 3887 4819 et
3920 4756 4122 4819 nimio
4158 4774 4380 4819 amore
4416 4762 4744 4822 excaecatae

2862 4840 3135 4905 maritos
3193 4841 3389 4903 etiam
3447 4862 3637 4922 saepe
3677 4840 3983 4905 fraudant
4025 4850 4091 4905 et
4134 4852 4502 4924 emungunt
4543 4841 4614 4905 ab
4650 4836 4745 4901 illis

2862 4926 3205 5009 pecuniam
3275 4946 3469 5007 quam
3538 4926 3690 4992 filiis
3755 4927 4020 4991 tradant
4083 4923 4163 4988 ad
4228 4925 4554 4991 luxuriam
4597 4934 4743 5005 atque

828 5009 1102 5093 dignum
1141 5013 1543 5091 commeruit,
1612 5019 1685 5075 ut
1728 5010 1915 5075 illum
1954 5009 2149 5073 morti
2187 5008 2493 5074 addicas?
2545 5007 2759 5089 Quale
2865 5011 3260 5093 nequitiam.-
3303 5023 3369 5077 et
3411 5013 3630 5077 omnia
3673 5014 3956 5095 ipsorum
4004 5012 4165 5076 vitia
4208 5018 4468 5095 tegant:
4523 5012 4744 5105 deniqne

834 5141 868 5149 .-

1006 5195 1058 5263 ⁴¹)
1110 5197 1306 5254 Test
1340 5204 1634 5267 commeate
1670 5198 1901 5254 videtur.

2865 5104 2998 5161 tam
3044 5096 3243 5161 stulto
3287 5118 3505 5163 amore
3549 5098 3694 5164 illos
3728 5107 4225 5182 prosequantur,
4268 5111 4342 5161 ut
4377 5096 4462 5163 ad
4498 5111 4743 5189 quamvis

2866 5184 3222 5265 nequitiam
3264 5183 3394 5250 illis
3437 5183 3852 5269 indulgeant:
3898 5195 3967 5250 et
4009 5204 4138 5248 non
4173 5190 4305 5249 stet
4338 5203 4455 5267 per
4491 5203 4594 5247 000
4623 5198 4739 5262 qum
