5059 6059
327 329 442 394 201
1615 324 1717 393 IN
1756 325 1815 392 Ι.
1859 325 2039 391 LIB.
2086 321 2487 391 SAMUEL.
2536 321 2735 392 CAP.
2780 324 3009 391 XVII.
4170 326 4301 391 202

370 516 632 581 entium.
719 512 887 578 Nam
956 532 1161 595 quum
1211 512 1394 578 Deus
1451 533 1571 596 per
1622 512 2009 596 prophetam
2067 535 2256 596 prae·
2358 536 2524 592 cere,
2564 515 2867 598 viamque
2889 536 3084 598 quam
3123 536 3240 581 nos
3274 516 3454 598 sequi
3490 514 3654 580 velit
3687 516 3960 598 aperire.
4006 512 4295 579 Verum-

394 603 503 681 xit,
568 620 638 664 sc
694 597 1036 683 designare
1080 597 1406 663 Davidem
1465 620 1719 682 regem:
1785 609 1927 664 tum
1988 600 2253 665 videtur

324 691 521 755 factus
556 707 631 751 eo
674 687 982 750 remotior
1022 696 1090 749 et
1134 685 1425 749 alienior.
1495 684 1715 765 Quare
1762 684 1869 749 hic
1910 685 1981 749 in
2027 688 2255 768 primis

324 770 786 842 consideranda
844 772 965 835 Dei
1026 770 1442 852 providentia
1502 779 1760 853 praeter
1803 770 2253 836 admirabilem

322 861 702 927 bonitatem:
745 870 902 922 sunt
938 858 1112 921 enim
1151 855 1311 919 haec
1344 860 1565 921 omnia
1607 868 1866 939 praeter
1910 857 2250 921 hominum

319 945 682 1028 opinionem
743 953 944 1028 gesta,
991 955 1053 1007 et
1103 942 1392 1005 humano
1436 944 1656 1026 captui
1702 943 2250 1023 incomprehensi-

318 1029 484 1095 bilia.
566 1030 737 1095 Ecce
780 1030 956 1094 enim
1003 1027 1356 1094 Goliathns
1400 1030 1758 1094 exercitum
1805 1027 2251 1094 Israelitarum

317 1114 672 1182 lacessebat
750 1123 816 1180 et
881 1113 961 1179 ad
1029 1115 1361 1197 singulare
1428 1127 1756 1178 certamen
1822 1115 2249 1196 provocabat:

316 1202 493 1268 cuins
528 1200 922 1266 clamoribus
957 1200 1119 1264 adoo
1153 1211 1307 1264 sunt
1351 1200 1775 1282 obstupefacti
1822 1199 2026 1264 totius
2061 1220 2250 1263 exer-

316 1288 478 1355 citus
523 1287 746 1365 animi,
809 1295 882 1350 ut
936 1287 1204 1350 omnino
1249 1288 1669 1365 conciderint,
1714 1293 1779 1350 et
1823 1286 2047 1351 fractis
2094 1285 2250 1349 viri·

313 1372 430 1438 bns
487 1373 622 1438 iam
680 1372 808 1435 iam
874 1372 1017 1437 sine
1075 1372 1320 1456 praelio
1379 1371 1723 1436 videantur
1779 1371 1846 1435 in
1892 1371 2247 1436 Philistae·

310 1479 495 1524 orum
541 1468 932 1541 potestatem
976 1459 1277 1522 venturi:
1324 1467 1512 1521 tanta
1556 1457 1681 1521 fuit
1725 1457 1913 1521 istius
1959 1457 2248 1540 gigantis

353 1543 628 1622 loriatio,
686 1564 883 1627 quum
948 1544 1167 1608 nullus
1225 1541 1541 1607 adversus
1596 1563 1749 1607 eum
1794 1541 2065 1606 auderet
2108 1563 2250 1623 pro·

349 1632 462 1696 ire.
555 1630 693 1694 Res
749 1630 971 1711 itaque
1030 1629 1404 1712 deploratae
1453 1629 1858 1702 videbantur,
1906 1639 1972 1692 et
2017 1627 2246 1692 ultimo

301 1736 446 1782 esse
491 1715 655 1780 loco.
724 1714 1003 1779 Interim
1051 1735 1209 1779 vero
1257 1714 1364 1779 ubi
1410 1727 1551 1777 erat
1594 1711 1862 1778 David?
1954 1711 2134 1779 Oves
2177 1714 2248 1777 in

346 1801 565 1867 ascuis
610 1799 720 1865 vel
765 1801 832 1864 in
879 1801 1153 1866 stabulis
1197 1800 1494 1865 curabat:
1544 1818 1742 1883 quare
1788 1800 1981 1882 longe
2028 1820 2068 1864 a
2112 1798 2249 1864 Go-

327 1887 510 1952 iatho
574 1898 866 1952 remotus
924 1886 1162 1969 populo
1221 1888 1387 1950 ferre
1432 1887 1751 1950 auxilium
1799 1906 1929 1949 non
1975 1894 2248 1968 poterat.

299 1970 430 2040 Sed
455 1995 613 2037 eum
652 1979 857 2055 pater,
902 1992 1122 2036 rerum
1169 1971 1535 2036 futurarum
1581 1972 1842 2050 inscius,
1890 1972 1972 2035 ad
2018 1973 2252 2036 fratres

294 2059 673 2125 visitandos
708 2059 777 2122 in
814 2071 1029 2122 castra
1075 2057 1305 2125 mittit:
1353 2057 1490 2122 sola
1533 2057 1721 2121 illum
1764 2078 1922 2122 cura
1968 2057 2251 2120 filiorum

292 2155 586 2223 exercet,
652 2143 1024 2219 valeantne,
1093 2157 1157 2207 et
1222 2142 1373 2225 quid
1444 2164 1660 2207 rerum
1729 2153 1958 2227 agant:
2027 2144 2252 2224 itaque

290 2231 548 2296 victum
612 2238 680 2294 et
736 2229 1080 2312 opsonium
1138 2228 1216 2294 ad
1265 2228 1507 2311 aliquot
1550 2227 1690 2293 dies
1732 2228 2004 2311 perferri
2048 2227 2250 2292 iubet.

290 2314 425 2383 Sed
473 2315 752 2381 interim
780 2314 998 2379 David
1045 2318 1228 2397 quasi
1268 2313 1394 2379 Dei
1444 2335 1640 2379 manu
1685 2315 1757 2378 in
1801 2325 2013 2379 castra
2055 2313 2252 2379 dedu-

289 2403 504 2467 citur:
577 2421 792 2484 neqne
857 2402 1032 2465 enim
1101 2403 1228 2466 ista
1265 2398 1557 2465 ‘fortuito
1618 2401 2064 2483 contigerunt:
2133 2400 2247 2464 sed

286 2487 690 2552 admiranda
733 2495 800 2551 et
841 2485 1480 2570 incomprehensibili
1533 2486 1654 2551 Dei
1700 2487 2018 2568 sapientia
2062 2495 2250 2568 gesta

285 2585 478 2638 sunt:
530 2572 1046 2637 caecutientibus
1088 2573 1353 2636 interim
1402 2571 1797 2652 hominibus,
1843 2570 2244 2636 divinorum·

286 2679 419 2742 que
479 2659 908 2725 consiliorum
967 2678 1239 2743 prorsus
1294 2658 1563 2742 ignaris.
1668 2658 1848 2723 Deus
1906 2678 2061 2740 ergo
2109 2657 2247 2721 Da-

284 2745 516 2810 videm
583 2764 824 2810 arcano
883 2765 999 2811 suo
1057 2744 1329 2809 consilio
1374 2744 1555 2810 ducit
1597 2744 1668 2808 in
1712 2754 1948 2821 castra,
1991 2744 2246 2808 exitum

282 2850 488 2914 quem
571 2829 878 2914 deinceps
947 2829 1236 2894 audituri
1306 2850 1531 2895 sumus
1590 2828 1987 2896 habiturum.
2089 2829 2242 2893 Non

277 2937 446 3001 ergo
508 2916 634 2982 abs
694 2937 765 2979 re
821 2916 929 2983 bic
972 2918 1294 2998 repetitur
1338 2915 1471 2980 Isa1
1516 2915 1822 2980 habuisse
1864 2928 2008 2980 octo
2054 2916 2242 2993 filios,

275 3022 572 3086 quorum
633 3002 941 3068 minimus
998 3014 1139 3067 erat
1199 3000 1438 3081 David,
1496 3016 1563 3065 et
1617 3001 1881 3083 quidem
1941 3002 2008 3066 in
2068 3002 2244 3085 agris

272 3108 572 3169 pascens
640 3108 828 3167 oves,
896 3096 963 3153 et
1022 3088 1494 3154 abiectissimus
1559 3089 1629 3152 in
1698 3087 1887 3152 domo
1951 3098 2242 3169 paterna.

275 3171 414 3240 Sed
463 3172 666 3238 Deus
723 3173 908 3238 illum
963 3175 1029 3238 in
1088 3185 1303 3240 castra
1362 3174 1593 3239 venire
1637 3173 1798 3240 vult.
1891 3170 2042 3253 Qua
2085 3194 2242 3239 vero

265 3257 683 3326 occasione?
793 3259 937 3324 Nae
1002 3259 1083 3324 ad
1150 3259 1393 3325 fratres
1458 3259 1701 3325 missus
1766 3280 1805 3324 a
1870 3270 2093 3341 patre,
2162 3257 2242 3324 de

264 3366 475 3428 opere
516 3343 751 3411 divino
788 3344 959 3429 quod
997 3354 1351 3429 sequutum
1389 3358 1491 3411 est
1535 3367 1663 3410 non
1709 3345 2058 3429 cogitabat.
2105 3342 2241 3411 Sed

265 3431 466 3497 Deus
530 3431 634 3495 ita
691 3431 855 3496 solet
899 3453 1061 3515 opus
1104 3452 1299 3496 suum
1345 3452 1746 3515 promovere,
1794 3441 1868 3496 ut
1914 3430 2098 3496 nobis
2142 3433 2240 3495 in-

262 3517 682 3583 strumentis
717 3529 944 3584 utatur
977 3518 1060 3582 ad
1105 3517 1360 3584 consilii
1404 3520 1505 3583 sui
1552 3517 2016 3600 impletionem,
2061 3516 2240 3582 illius

263 3611 509 3669 tamen
575 3603 848 3687 ignaris.
936 3608 1036 3669 Ac
1094 3604 1363 3687 proinde
1421 3604 1596 3669 laudi
1655 3604 1804 3671 duci
1861 3603 2049 3668 nobis
2107 3623 2237 3668 non

256 3688 462 3754 debet
505 3686 837 3772 quidquid
872 3711 910 3754 a
954 3689 1139 3755 nobis
1178 3690 1528 3774 perficitur.
1597 3689 1729 3756 Sed
1777 3709 1961 3755 suam
2007 3699 2235 3772 poten·

251 3776 428 3840 tiam
482 3774 685 3841 Deus
731 3777 823 3840 ita
868 3775 1196 3860 patefacit,
1256 3797 1460 3859 quum
1506 3787 1729 3841 nostra
1769 3795 1967 3858 opera
2012 3776 2236 3856 utitur,

253 3871 339 3926 ut
394 3861 571 3927 licet
628 3883 895 3945 prorsus
940 3862 1144 3927 divini
1192 3864 1440 3928 consilii
1490 3862 1724 3946 ignari,
1770 3871 1994 3926 tamen
2040 3863 2234 3927 facia·

251 3968 415 4013 mus
482 3967 662 4031 quae
719 3969 804 4012 ne
860 3950 1256 4033 cogitatione
1299 3948 1561 4030 quidem
1607 3946 2237 4014 existimavissemus

249 4055 466 4117 posse
546 4035 956 4118 contingere.
1060 4034 1240 4101 Sane
1306 4034 1528 4099 David
1596 4056 1728 4100 non
1797 4033 2102 4099 veniebat
2166 4035 2232 4098 in

253 4130 500 4186 castra
577 4140 656 4184 ea
720 4132 974 4200 mente,
1039 4130 1116 4185 nt
1182 4131 1316 4185 tam
1386 4121 1645 4205 insigne
1711 4119 1995 4198 facinus,
2061 4121 2234 4202 apud

250 4226 514 4272 omnes
565 4216 816 4270 aetates
860 4207 1135 4271 summis
1179 4206 1482 4272 laudibus
1525 4206 1927 4271 efferendum
1975 4206 2235 4291 faceret,

249 4292 607 4376 populum
647 4312 879 4373 nempe
903 4291 1032 4357 Dei
1068 4292 1379 4357 liberaret
1420 4303 1486 4357 et
1529 4293 1600 4357 in
1645 4291 2014 4356 libertatem
2060 4312 2234 4358 asse·

247 4388 472 4445 reret.
593 4377 826 4461 Longe
882 4379 1109 4444 aberat
1152 4377 1357 4461 ipsius
1401 4378 1707 4461 cogitatio
1752 4380 1834 4443 ab
1879 4377 2002 4444 hoc
2044 4378 2236 4445 facte.

249 4464 690 4547 Quanquam
760 4484 961 4546 quum
1030 4485 1196 4548 opus
1239 4465 1453 4546 ipsum
1499 4462 1913 4547 aggreditur,
1978 4485 2050 4528 re
2094 4465 2236 4548 ipsa

247 4561 603 4617 testatum
664 4548 840 4628 facit,
922 4570 993 4615 se
1050 4571 1091 4614 a
1152 4549 1293 4614 Deo
1355 4550 1674 4633 singulari
1734 4550 2100 4614 constantia
2170 4561 2237 4616 et

243 4637 532 4702 invicta
595 4635 981 4700 fortitudine
1034 4637 1162 4700 iam
1224 4646 1376 4700 ante
1431 4633 1779 4701 donatum:
1839 4634 1951 4699 sed
2012 4645 2235 4702 tamen

243 4722 636 4789 consilium
695 4721 900 4803 ipsius
959 4742 1092 4786 non
1150 4721 1275 4786 fuit
1330 4721 1518 4786 initio
1576 4721 1701 4788 nisi
1758 4722 2032 4786 fratrum
2080 4723 2234 4787 visi-

241 4810 449 4874 tatio.
556 4803 740 4872 Hinc
799 4806 1124 4872 discamus
1166 4807 1400 4884 Deum,
1456 4807 1610 4873 licet
1667 4829 1784 4873 nos
1843 4807 1925 4871 ad
1971 4807 2232 4890 aliquod

241 4892 734 4960 ministerium
788 4904 993 4970 vocet,
1055 4902 1120 4958 et
1166 4894 1442 4976 spiritus
1486 4895 1696 4959 sancti
1739 4893 1841 4958 sui
1885 4893 2073 4958 donis
2117 4915 2233 4959 ex·

237 4978 682 5050 cellentibus
762 4986 1069 5059 exornet,
1148 4998 1622 5063 nonnunquam
1689 4989 1906 5044 tamen
1973 4979 2235 5064 insigne

240 5065 548 5152 aliquod
615 5084 780 5147 opus
838 5066 1121 5131 facturos
1179 5071 1493 5148 tanquam
1549 5086 1775 5131 caecos
1829 5064 2096 5145 ducere,
2168 5077 2235 5131 et

236 5153 345 5220 ita
423 5165 861 5218 transversos
926 5170 1139 5232 agere,
1200 5161 1273 5215 ut
1341 5152 1487 5233 quis
1552 5151 1811 5217 futurus
1869 5152 1956 5215 sit
2014 5152 2234 5219 exitus

233 5241 704 5327 ignoremus:
751 5236 1143 5320 tandemque
1179 5237 1402 5303 oculos
1438 5238 1710 5322 aperire,
1755 5246 1821 5301 et
1853 5237 2107 5304 animos
2136 5238 2232 5303 fa·

2360 613 2574 666 tamen
2602 613 2671 665 ut-
2696 600 3072 666 deiiciamur
3094 611 3159 667 et
3184 601 3618 680 humiliemur,
3643 610 3710 666 et
3730 601 3825 666 illi
3850 600 4058 686 gloria
4080 600 4298 666 omnis

2357 687 2702 763 tribuatur,
2750 708 2871 752 nos
2907 688 2987 751 ad
3025 687 3287 771 aliquod
3326 699 3582 770 tempus
3625 688 3888 770 ignaros
3935 686 4293 753 voluntatis

2353 772 2560 855 ipsius
2597 773 2793 848 ducit,
2836 783 2904 838 et
2944 783 3166 839 tamen
3200 775 3295 839 ita
3330 776 3499 857 regit
3535 785 3607 839 ut
3642 771 3720 836 ad
3758 780 4055 855 optatum
4092 773 4294 838 finem

2354 858 2653 935 deducat,
2708 879 3002 942 opusque
3059 877 3252 923 suum
3298 859 3615 943 perficiat.
3705 862 3922 941 Atque
3968 858 4092 923 ista
4136 860 4294 923 satis

2355 945 2596 1010 usitata
2618 957 2790 1020 sunt,
2835 944 3026 1009 modo
3065 945 3339 1009 velimus
3374 944 3743 1009 observare.
3803 942 4019 1025 Quam
4055 944 4296 1010 multos

2355 1033 2527 1094 enim
2572 1030 2793 1094 videas
2817 1030 2943 1094 Dei
2979 1051 3201 1096 servos
3236 1033 3307 1094 in
3352 1031 3640 1112 qualibet
3683 1031 3857 1095 vitae
3902 1029 4295 1110 conditione,

2355 1125 2424 1181 et
2480 1117 2678 1180 variis
2734 1115 3183 1182 functionibus
3240 1136 3525 1199 quorum
3584 1137 3781 1198 opera
3827 1116 4011 1181 Deus
4069 1117 4295 1196 utitur,

2354 1212 2419 1266 et
2454 1203 2707 1267 ratione
2737 1200 3124 1266 admiranda
3159 1211 3224 1266 et
3269 1222 3401 1267 non
3448 1203 3690 1267 usitata
3733 1222 3926 1266 suum
3973 1221 4134 1282 opus
4177 1222 4296 1284 per

2353 1290 2525 1371 ipsos
2572 1288 2843 1370 perficit.
2903 1307 3065 1369 quos
3110 1289 3166 1352 si
3213 1296 3432 1352 tamen
3479 1288 3818 1366 intuearis,
3862 1295 3928 1351 et
3971 1286 4294 1368 quomodo

2351 1374 2895 1458 praeparaverint
2916 1396 2986 1440 se
3022 1375 3214 1455 ipsos,
3252 1384 3320 1438 et
3355 1394 3521 1456 quae
3556 1374 3749 1438 initia
3784 1373 4033 1436 fuerint
4067 1393 4289 1437 eorum

2354 1480 2521 1542 quae
2583 1459 2770 1524 Deus
2828 1480 2948 1541 per
3001 1460 3177 1543 ipsos
3235 1459 3467 1539 effecit,
3533 1458 3677 1524 illos
3736 1478 4070 1539 nunquam
4116 1459 4293 1542 cogi-

2352 1558 2527 1610 tasse
2595 1545 2675 1610 de
2740 1545 2906 1620 istis,
2972 1544 3086 1611 sed
3152 1545 3233 1611 ab
3298 1546 3380 1611 iis
3446 1566 3702 1629 semper
3767 1548 3985 1627 potius
4045 1542 4294 1611 alienos

2352 1630 2574 1706 fuisse,
2620 1640 2688 1696 et
2723 1632 2789 1695 in
2827 1631 3231 1696 contrarium
3269 1640 3616 1713 spectasse,
3662 1643 3728 1695 et
3771 1650 3810 1693 a
3836 1630 3975 1694 Deo
4021 1640 4292 1712 repente

2351 1717 2607 1782 afflatos
2643 1726 2709 1780 et
2744 1717 3060 1799 impulsos
3096 1721 3473 1801 comperies.
3534 1716 3665 1783 Hic
3702 1715 3902 1800 igitur
3947 1714 4296 1798 diligenter

2355 1802 2997 1880 animadvertamus,
3081 1802 3224 1868 Deo
3317 1803 3581 1868 volente
3656 1802 3899 1866 nostris
3964 1801 4294 1867 laboribus

2355 1888 2755 1966 benedicere,
2815 1899 2880 1952 et
2939 1890 3036 1953 uti
3091 1899 3317 1953 nostra
3370 1909 3568 1971 opera
3627 1886 3707 1951 ad
3767 1886 4077 1953 ecclesiae
4135 1908 4295 1952 suae

2353 1974 2785 2050 commodum,
2831 1984 2898 2038 et
2942 1974 3023 2038 ad
3069 1976 3169 2040 sui
3215 1975 3503 2039 nominis
3594 1973 3847 2049 loriam,
3895 1993 4024 2036 non
4072 1973 4293 2038 offerri

2354 2058 2537 2124 nobis
2583 2060 2781 2124 ullam
2828 2061 3231 2125 occasionem
3279 2060 3531 2142 glorian
3582 2061 3623 2135 i,
3682 2072 3751 2123 et
3794 2078 3911 2123 nos
3955 2058 4294 2138 efferendi,

2353 2145 2673 2226 siquidem
2738 2146 2955 2229 operis
3009 2144 3369 2230 primordia
3425 2156 3492 2210 et
3549 2144 3743 2229 primi
3801 2153 4018 2208 motus
4080 2166 4209 2209 non
4254 2166 4296 2209 a

2355 2232 2542 2296 nobis
2600 2232 3133 2314 proficiscuntur:
3191 2230 3305 2295 sed
3365 2232 3584 2314 potius
3642 2227 4129 2314 agnoscendum
4173 2250 4293 2295 nos

2353 2317 2575 2381 omnia
2617 2315 2762 2382 Deo
2820 2326 3087 2400 accepta
3130 2316 3378 2382 referre
3419 2315 3673 2396 debere,
3716 2337 3755 2381 a
3800 2335 3928 2398 qno
3977 2326 4292 2398 tanquam

2353 2404 2525 2468 caeci
2589 2402 2846 2467 deducti
2905 2424 3169 2470 sumus:
3232 2424 3306 2469 ac
3357 2401 3630 2485 proinde
3674 2422 3803 2466 non
3850 2403 4091 2467 nostris
4139 2401 4291 2466 viri-

2352 2487 2493 2568 bus,
2539 2487 2671 2554 non
2707 2489 3070 2554 industriae
3108 2499 3389 2566 nostrae,
3436 2487 3755 2572 quidquid
3791 2485 3983 2552 laude
4019 2486 4295 2571 dignum

2351 2596 2390 2639 a
2448 2576 2636 2639 nobis
2692 2587 2949 2657 gestum
3010 2582 3145 2651 est,
3209 2574 3739 2652 attribuendum,
3798 2572 3913 2638 sed
3974 2574 4091 2638 uni
4149 2575 4293 2639 Deo

2353 2661 2625 2742 gloriam
2698 2681 2957 2725 omnem
3017 2659 3451 2726 tribuendam.
3561 2660 3747 2726 Haec
3802 2659 4027 2742 itaque
4084 2659 4291 2724 medi·
4383 2711 4385 2714 .

2351 2757 2569 2811 temur
2625 2747 2692 2811 in
2757 2747 3024 2812 illorum
3080 2746 3425 2812 verborum
3473 2745 3899 2829 expositione,
3963 2744 4292 2810 Davidem

2350 2832 2612 2898 venisse
2673 2833 2743 2896 in
2806 2847 3040 2909 castra,
3107 2832 3364 2897 nullum
3429 2833 3635 2897 alium
3700 2832 3771 2895 in
3832 2832 4030 2896 finem
4092 2850 4332 2912 quam·

2351 2928 2424 2984 ut
2483 2919 2722 2983 fratres
2790 2919 3103 2996 visitaret,
3166 2920 3591 3003 ipsorumque
3649 2927 3897 2982 statum
3955 2918 4125 2999 patri
4187 2937 4290 2980 re-

2346 3005 2582 3069 ferret:
2644 3022 2720 3069 ac
2766 3003 3040 3086 proinde
3082 3004 3282 3070 fuisse
3326 3005 3703 3068 futurorum
3746 3003 4075 3085 ignarum,
4123 3022 4292 3084 quae

2348 3101 2565 3155 tamen
2613 3088 2800 3155 Deus
2856 3102 3130 3155 noverat
3188 3097 3258 3155 et
3313 3092 3524 3172 ipsum
3586 3088 3665 3153 ad
3727 3088 3841 3152 illa
3895 3087 4292 3171 perficienda

2347 3175 2722 3254 deducebat,
2767 3176 2958 3241 cuius
3002 3177 3095 3241 rei
3140 3175 3373 3241 deinde
3416 3175 3614 3239 fidem
3659 3175 3815 3239 fecit
3857 3174 4092 3238 exitus.

2511 3262 2726 3327 Porro
2813 3262 3105 3344 seqnitur
3169 3270 3426 3346 patrem
3492 3258 3748 3324 misisse
3810 3258 3966 3323 filiis
4032 3259 4146 3341 qni
4219 3260 4292 3324 in

2341 3347 2576 3412 castris
2613 3358 2821 3425 erant,
2888 3348 3040 3430 ephi
3084 3348 3404 3431 polentae,
3464 3355 3624 3430 puta
3666 3346 3748 3410 ad
3795 3344 4040 3427 pultem
4083 3344 4292 3411 confi-

2340 3433 2660 3513 ciendam,
2728 3433 2898 3516 quod
2964 3454 3166 3517 quum
3232 3433 3302 3499 in
3369 3431 3807 3498 tabernaculis
3870 3439 4090 3496 essent
4153 3451 4290 3495 non

2340 3519 2528 3585 facile
2573 3539 2823 3598 carnes,
2885 3532 3003 3585 aut
3059 3520 3288 3603 pisces,
3348 3527 3462 3583 aut
3519 3516 3697 3582 aliud
3759 3515 3891 3581 tale
3947 3517 4291 3599 opsonium

2340 3606 2627 3671 nancisci
2672 3615 2995 3688 poterant.
3061 3606 3154 3671 Et
3197 3614 3532 3689 praeterea
3576 3602 3749 3685 quod
3794 3603 3861 3667 in
3906 3601 4040 3667 illis
4084 3603 4294 3668 orien-

2340 3689 2581 3757 talibus
2625 3691 3002 3774 regionibus
3056 3692 3255 3774 longe
3299 3690 3506 3755 maior
3552 3698 3930 3755 servaretur
3973 3687 4295 3755 sobrietas

2339 3798 2536 3860 quam
2581 3777 2650 3841 in
2696 3776 2931 3860 quibus
2975 3778 3276 3843 vivimus.
3357 3775 3447 3841 Et
3490 3774 3665 3841 istud
3712 3774 3909 3840 etiam
3957 3773 4149 3839 hodie
4190 3776 4291 3840 vi·

2339 3866 2493 3928 dere
2559 3862 2713 3926 licet
2775 3865 2848 3927 in
2913 3862 3164 3942 Turcis,
3229 3862 3341 3945 qui
3407 3881 3609 3944 parvo
3674 3860 3966 3926 contenti
4030 3860 4290 3936 vivunt,

2338 3969 2545 4032 quum
2590 3949 2735 4014 aliis
2779 3951 2891 4031 qui
2936 3948 3127 4014 aliter
3183 3954 3611 4013 assueverunt
3655 3946 3935 4011 multum
3993 3944 4291 4012 obsonio·

2340 4057 2486 4100 rum
2551 4035 2663 4100 vix
2725 4035 3026 4101 sufficiat.
3130 4033 3310 4118 Ergo
3364 4053 3448 4099 ex
3514 4031 3801 4115 regionis
3865 4032 4044 4096 illius
4110 4051 4291 4096 more

2337 4121 2475 4186 Isat
2519 4121 2671 4185 filiis
2715 4121 2920 4185 mittit
2963 4119 3449 4204 aliquantulum
3494 4119 3814 4201 polentae,
3871 4138 4021 4184 cum
4068 4116 4291 4183 decem

2341 4206 2653 4289 panibus:
2701 4206 2936 4289 quibus
2980 4206 3200 4271 adiicit
3223 4205 3444 4270 decem
3470 4204 3783 4269 formulas
3828 4204 3999 4269 casei
4043 4201 4126 4267 ad
4172 4203 4290 4266 tri-

2341 4292 2586 4358 bunum
2645 4291 3059 4368 deferendas,
3126 4290 3235 4357 vel
3294 4291 3514 4358 decem
3575 4297 3865 4356 recentes
3922 4308 3996 4352 ac
4060 4288 4290 4353 molles

2339 4400 2584 4462 caseos,
2631 4399 2761 4443 vox
2807 4379 2982 4444 enim
3029 4378 3333 4443 Hebraea
3376 4375 3683 4459 ambigua
3724 4385 3842 4451 est,
3889 4385 3955 4438 et
3997 4392 4118 4456 pro
4162 4373 4293 4437 for-

2340 4464 2554 4546 mulis,
2605 4464 2704 4529 vel
2752 4484 2869 4548 pro
2915 4465 3219 4529 mollibus
3264 4462 3470 4528 caseis
3513 4461 3714 4544 accipi
3758 4469 3999 4542 potest:
4046 4468 4112 4524 et
4156 4480 4291 4524 ma·

2338 4551 2452 4615 lim
2516 4552 2598 4615 de
2654 4550 2959 4615 mollibus
3018 4551 3221 4615 caseis
3276 4548 3663 4631 intelligere,
3728 4543 3844 4610 sed
3888 4543 4182 4629 parvulis
4223 4552 4292 4609 et

2338 4657 2472 4701 non
2541 4636 2760 4721 magni
2832 4637 3041 4719 pretii.
3131 4635 3389 4701 Deinde
3452 4633 3533 4697 fit
3597 4631 3840 4696 mentio
3907 4631 4288 4715 pignorum:

2338 4742 2542 4805 quum
2607 4724 2699 4786 ait
2753 4721 2906 4800 Isa1,
2973 4723 3246 4806 pignora
3306 4740 3529 4785 eorum
3593 4718 3810 4782 tolles:
3877 4714 4048 4799 quod
4107 4716 4289 4781 varie

2337 4809 2506 4873 solet
2551 4809 2831 4890 exponi:
2883 4809 3015 4873 Alii
3060 4809 3237 4874 enim
3283 4805 3363 4871 de
3406 4803 3705 4889 symbolo
3728 4802 4072 4886 accipiunt,
4117 4802 4289 4885 quod

2337 4894 2634 4960 solebant
2662 4899 2954 4977 accipere
2997 4914 3083 4958 ne
3126 4891 3509 4956 viderentur
3554 4888 4002 4972 exploratores
4044 4888 4111 4952 in
4150 4907 4290 4953 cas-

2338 4980 2475 5045 tris.
2565 4980 2701 5045 Alii
2757 4985 3034 5065 pignora
3087 4978 3503 5061 intelligunt,
3575 4994 3741 5057 quae
3798 4973 4114 5039 dederant
4157 4973 4291 5039 fra-

2338 5078 2491 5144 tres,
2550 5079 2624 5130 ut
2682 5067 2904 5131 iubeat
2946 5063 3273 5130 Davidem
3332 5061 3583 5128 solvere
3629 5059 3802 5143 quod
3846 5069 4071 5125 mutuo
4116 5080 4291 5126 acce-

2338 5163 2592 5235 perant,
2639 5162 2707 5217 et
2751 5155 3027 5236 pignora
3070 5149 3152 5214 ad
3197 5170 3267 5214 se
3310 5148 3571 5214 referre.
3622 5145 3751 5212 Sed
3798 5167 3927 5211 non
3972 5155 4127 5212 sunt
4163 5146 4291 5211 ista

2341 5240 2507 5304 tanti
2553 5240 2871 5303 momenti
2930 5247 3006 5303 ut
3050 5237 3135 5302 sit
3191 5236 3264 5300 in
3306 5234 3440 5300 illis
3489 5233 3731 5299 diutius
3770 5232 4291 5305 immorandum:
