5059 6059
771 326 899 391 571
1262 272 1263 277 Ν
2094 372 2105 381 .
2445 320 2855 388 8011111111
2897 319 3119 386 Xon.
4643 314 4757 381 5¹12

776 513 949 598 quod
996 533 1257 579 servum
1317 530 1512 577 suum
1558 531 1692 576 non
1750 530 1984 594 passus
2027 518 2202 577 esset
2249 512 2581 594 privatam
2625 511 2729 575 in·-

775 601 1013 665 iuriam
1058 598 1302 675 ulcisci,
1347 596 1461 663 sed
1507 595 1942 663 subtraxisset
1987 616 2025 659 a
2067 597 2262 674 malo,
2308 617 2441 662 non
2485 596 2730 662 leviter

776 697 879 751 est
921 683 1418 768 praetereunda.
1509 682 1701 763 Quod
1748 704 1905 747 vero
1951 682 2030 746 de
2077 682 2249 747 malo
2294 683 2405 761 ait,
2453 704 2588 747 non
2631 682 2732 749 810

775 770 1278 854 intelligendum
1316 768 1501 851 quasi
1531 766 1749 833 David
1792 770 1886 833 ita
1929 789 2001 833 80
2045 768 2402 836 iustificare
2446 768 2723 847 studeat,

777 870 851 923 ut
895 857 977 921 ab
1020 855 1201 921 omni
1246 854 1418 920 malo
1461 855 1549 918 sit
1592 874 1835 937 purus:
1897 853 2011 920 sed
2058 853 2348 920 laetatur
2394 854 2611 920 David
2656 874 2729 919 80

777 941 1164 1025 impeditum
1210 963 1250 1005 a
1293 940 1578 1005 Domino
1619 939 1917 1005 mulieris
1960 940 2139 1007 illius
2182 941 2583 1017 interventu,
2642 960 2729 1004 ne

777 1029 1024 1094 malum
1080 1025 1252 1110 quod
1313 1027 1718 1110 cogitaverat
1786 1034 2108 1108 patraret:
2174 1036 2242 1091 et
2303 1027 2600 1110 agnoscit
2657 1046 2728 1091 se

779 1115 998 1198 gravis
1058 1112 1353 1178 criminis
1409 1131 1627 1177 coram
1685 1111 1829 1176 Deo
1888 1132 2075 1177 reum
2142 1114 2438 1179 futurum
2504 1112 2726 1191 fuisse,

780 1200 911 1265 nisi
956 1198 1279 1264 cohibitus
1324 1198 1573 1263 fuisset.
1642 1198 1949 1263 Testatur
1993 1199 2211 1282 itaque
2253 1219 2325 1264 se
2373 1199 2497 1263 Dei
2543 1198 2725 1263 boni-

781 1297 987 1351 tatem
1032 1305 1189 1369 erga
1244 1304 1315 1349 80
1373 1283 1701 1367 duplicem
1758 1303 2147 1367 agnoscere:
2206 1285 2490 1367 primum
2552 1281 2724 1367 quod

781 1381 1090 1455 paratum
1148 1381 1282 1435 tam
1342 1390 1546 1454 grave
1596 1368 1808 1434 800188
1868 1369 2217 1434 admittere
2283 1369 2728 1452 prohibuerit:

783 1456 1020 1523 deinde
1064 1456 1238 1539 quod
1264 1454 1363 1519 ·de
1401 1455 1663 1519 homine
1693 1455 2022 1538 flagitioso
2064 1476 2309 1538 poenas
2353 1455 2728 1538 sumpserit.

783 1542 1107 1624 Exemplo
1174 1540 1458 1606 Davidis
1523 1540 1871 1621 discamus,
1941 1550 2195 1607 nostros
2253 1542 2527 1607 affectus
2593 1551 2728 1605 tam

786 1629 1032 1695 strictis
1093 1627 1371 1692 habenis
1426 1646 1744 1703 coercere,
1804 1637 1882 1692 ut
1928 1647 2082 1692 vere
2124 1627 2356 1693 laetari
2400 1629 2731 1709 possimus

784 1716 927 1781 Deo
971 1734 1092 1780 sua
1132 1712 1375 1778 iudicia
1432 1711 1750 1778 adversus
1795 1713 2130 1794 improbos
2165 1726 2512 1780 exserente
2557 1712 2728 1794 quod

782 1800 1031 1865 nullius
1078 1819 1323 1882 pravae
1357 1797 1712 1863 voluntatis
1748 1809 1814 1863 et
1857 1798 2148 1864 occultae
2182 1797 2562 1883 cupiditatis
2585 1799 2731 1862 vin·-

788 1886 997 1950 dictae
1042 1886 1231 1950 nobis
1272 1883 1519 1950 conscii
1562 1882 1805 1963 simus:
1864 1883 1976 1949 sed
2037 1906 2201 1969 puro
2245 1886 2469 1950 animo
2520 1885 2732 1969 ipsius

785 1971 1030 2037 iudicia
1092 1972 1494 2046 intueamur,
1562 1979 1627 2033 et
1684 1969 1756 2033 in
1815 1969 1945 2035 illis
2004 1972 2555 2054 conquiescamus.
2643 1970 2734 2034 Et

787 2066 1127 2141 praeterea
1167 2055 1313 2121 Deo
1355 2054 1604 2139 gratias
1646 2056 1843 2119 etiam
1891 2076 2180 2139 agamus,
2228 2078 2431 2140 quum
2478 2079 2519 2121 a
2561 2055 2735 2121 malo

787 2164 910 2209 nos
950 2143 1322 2207 retraxerit.
1413 2141 1581 2206 Nam
1641 2141 1765 2207 etsi
1810 2162 2029 2206 coram
2087 2143 2293 2227 ipsius
2352 2142 2593 2209 iudicio
2637 2142 2730 2207 rei

789 2229 923 2294 iam
982 2230 1209 2304 simus,
1271 2247 1477 2309 quum
1536 2236 1756 2291 mente
1815 2248 2093 2310 pravum
2153 2229 2417 2311 aliquod
2475 2229 2734 2294 facinus

788 2316 1236 2397 concepimus,
1296 2313 1448 2378 licet
1504 2313 1574 2375 in
1636 2322 1856 2377 actum
1913 2334 2041 2378 non
2100 2314 2452 2397 prodierit,
2510 2323 2733 2380 tamen

788 2402 916 2483 ipsi
959 2400 1211 2484 gratias
1255 2418 1453 2483 agere
1496 2397 1827 2475 (1011011188,
1872 2399 2042 2481 quod
2068 2421 2203 2465 non
2247 2401 2619 2483 permiserit
2661 2399 2733 2464 in

792 2495 1013 2552 actum
1071 2504 1447 2566 erumpere,
1515 2483 1689 2567 quod
1744 2485 1964 2548 animo
2025 2485 2463 2551 volueramus.
2554 2486 2734 2567 Quin

795 2571 995 2637 etiam
1040 2572 1293 2652 precari
1330 2569 1659 2647 debemus,
1702 2581 1778 2634 ut
1812 2589 2051 2653 pravas
2071 2572 2270 2637 etiam
2311 2573 2736 2657 cogitationes

793 2666 1183 2740 compescat.
1272 2655 1441 2720 Nam
1486 2675 1566 2719 ea
1608 2667 1709 2720 est
1764 2655 2109 2721 hominum
2167 2667 2423 2735 natura,
2483 2668 2558 2723 ut
2600 2659 2737 2724 sin-

793 2741 970 2826 gulis
1013 2742 1365 2806 momentis
1423 2741 1649 2822 pravis
1705 2742 2209 2825 cogitationibus
2268 2753 2335 2809 et
2389 2744 2737 2811 affectibus

795 2830 1101 2913 agitetur,
1170 2826 1298 2893 nisi
1364 2826 1549 2892 Deus
1612 2826 1945 2909 impediat.
2037 2828 2263 2909 Quare
2329 2832 2536 2913 quum
2602 2842 2738 2894 tam

793 2914 1115 2999 proclives
1172 2913 1253 2978 ad
1300 2914 1577 2996 quaevis
1633 2914 1798 2978 vitia
1853 2913 2082 2993 simus,
2138 2936 2343 2998 quum
2386 2917 2456 2981 vi
2516 2915 2740 2981 divina

792 3001 1170 3076 retinemur,
1230 3019 1488 3064 summo
1532 2997 1827 3064 beneficii
1870 2998 2014 3066 loco
2060 3000 2407 3085 ducamus,
2470 3003 2739 3085 Dcoque

795 3085 1044 3173 gratias
1102 3107 1393 3169 agamus,
1451 3105 1573 3149 nos
1628 3086 1689 3149 ei
1744 3085 1869 3151 hoc
1912 3087 2179 3151 nomine
2222 3087 2583 3170 plurimum
2629 3088 2739 3152 de-

795 3174 1049 3239 vinctos
1094 3178 1555 3254 agnoscentes:
1617 3180 1684 3234 et
1729 3170 2005 3238 Davidis
2065 3174 2365 3256 exemplo
2412 3174 2741 3239 discamus

796 3257 1116 3342 prohibiti
1139 3257 1435 3338 privatas
1475 3256 1753 3323 iniurias
1796 3260 2117 3341 persequi,
2161 3261 2333 3343 grati
2365 3280 2524 3338 esse,
2569 3259 2739 3344 quod

795 3345 851 3411 si
884 3344 1088 3409 semel
1125 3341 1499 3408 iracundiae
1532 3341 1719 3407 laxas
1750 3341 2039 3408 habenas
2075 3346 2583 3426 permiserimus,
2628 3346 2744 3411 vix

798 3429 1035 3495 deinde
1079 3429 1392 3494 reducere
1435 3427 1585 3492 11188
1625 3448 1967 3512 queamus,
2024 3428 2280 3513 Deique
2326 3431 2604 3498 bonitati
2647 3431 2742 3498 lo-

798 3536 946 3582 cum
1005 3535 1141 3580 non
1200 3514 1672 3597 relinquamus.
1764 3513 1895 3581 Sed
1940 3515 1998 3580 si
2041 3518 2362 3599 patientes
2406 3519 2744 3601 fuerimus,

798 3610 867 3667 et
922 3601 1221 3666 inimicos
1280 3599 1362 3664 ad
1430 3599 1904 3682 poenitentiam
1973 3600 2581 3682 sollicitaverimus,
2646 3602 2744 3668 illi

800 3706 955 3753 vero
996 3686 1420 3768 pertinaciter
1462 3686 1532 3751 in
1570 3686 1821 3750 malitia
1865 3687 2294 3768 perstiterint,
2339 3689 2558 3755 Deum
2595 3710 2744 3772 per·-

799 3772 977 3837 suasi
1021 3771 1226 3837 simus
1266 3791 1535 3835 manum
1583 3769 2028 3854 admotarum,
2089 3781 2157 3836 et
2198 3794 2436 3842 causae
2479 3785 2745 3842 nostrae

802 3856 1247 3922 defensionem
1292 3865 1767 3939 suscepturum.

970 3941 1289 4024 Sequitur
1331 3941 1640 4024 deinceps
1686 3943 2012 4008 Davidem
2056 3947 2323 4013 nuntios
2366 3946 2449 4012 ad
2471 3946 2745 4032 Abigai-

799 4028 932 4094 lem
977 4028 1253 4107 misisse,
1310 4027 1423 4109 qui
1478 4028 1549 4091 in
1596 4049 1868 4094 uxorem
1912 4029 2097 4095 illam
2153 4031 2279 4097 sibi
2323 4032 2744 4109 adducerent,

802 4135 1005 4198 quum
1067 4120 1261 4178 antea
1322 4112 1620 4178 duxisset
1676 4115 1875 4179 etiam
1933 4115 2323 4183 Achinoam.
2415 4118 2606 4199 Quod
2663 4119 2744 4185 ad

799 4199 1197 4350 Abgffailem,
1256 4198 1494 4264 licebat
1540 4200 1783 4265 Davidi
1826 4201 1897 4265 in
1944 4221 2216 4267 uxorem
2260 4204 2444 4269 illam
2486 4204 2744 4290 ducere,

801 4307 887 4368 qu
1006 4285 1256 4351 Michol
1294 4283 1516 4352 Saulis
1557 4285 1695 4349 filia
1739 4294 1964 4370 erepta
1998 4288 2126 4371 ipsi
2168 4290 2417 4368 fuisset,
2462 4298 2531 4355 et
2553 4291 2746 4357 alteri

802 4371 1047 4438 locata:
1108 4370 1262 4437 licet
1304 4389 1449 4436 eam
1493 4378 1720 4454 postea
1764 4374 2042 4456 recepit,
2097 4383 2174 4439 ut
2216 4374 2524 4459 deinceps
2566 4375 2746 4443 vide·

801 4458 1034 4524 bimus.
1128 4456 1351 4537 Quare
1395 4477 1600 4539 quum
1659 4456 1755 4521 illi
1800 4459 2031 4525 fuisset
2073 4481 2248 4525 uxor
2290 4461 2619 4546 adempta,
2679 4471 2748 4529 ct

802 4564 955 4610 eum
998 4542 1208 4608 altero
1252 4552 1558 4612 scortata.
1618 4543 1791 4625 quod
1838 4565 1966 4609 non
2021 4556 2245 4628 posset
2287 4549 2427 4614 iure
2470 4549 2748 4615 maritus

802 4629 1012 4714 ipsius
1045 4649 1206 4705 esse,
1250 4631 1462 4713 potuit
1504 4627 1729 4694 David
1776 4629 2145 4713 Abigailem
2191 4632 2426 4699 ducere
2468 4635 2541 4699 in
2581 4654 2747 4700 uxo-

803 4737 974 4815 rem:
1037 4735 1234 4798 quam
1294 4734 1495 4799 quum
1552 4713 1945 4797 prudentem
2006 4716 2319 4782 feminam
2378 4731 2444 4784 et
2500 4721 2749 4787 virtute

803 4803 1129 4885 insignem
1176 4802 1601 4885 cognovisset,
1651 4820 1781 4865 non
1817 4803 2057 4867 mirum
2105 4814 2221 4879 est,
2267 4807 2321 4870 si
2369 4807 2438 4869 in
2475 4827 2746 4872 uxorem

805 4906 950 4951 eam
995 4887 1115 4952 sibi
1163 4885 1530 4969 postulavit.
1578 4887 1670 4952 Et
1703 4886 1964 4970 quidem
2004 4890 2177 4955 ratio
2198 4911 2392 4972 quam
2431 4902 2748 4975 sequutus

805 4982 908 5037 est
946 4971 1076 5037 fuit
1117 4973 1482 5052 laudabilis,
1536 4973 1713 5055 quod
1756 4995 1886 5038 non
1932 4974 2074 5057 ipse
2118 4975 2297 5040 illam
2343 4977 2520 5058 adiit,
2568 4988 2636 5044 et
2678 4980 2748 5043 in

806 5078 1078 5123 uxorem
1139 5060 1417 5142 accepit,
1481 5058 1593 5124 sed
1660 5079 1779 5142 per
1843 5063 2116 5128 nuncios
2184 5061 2264 5128 de
2330 5065 2748 5130 matrimonio

806 5142 1284 5225 interpellavit:
1349 5144 1525 5227 quod
1582 5145 1825 5227 alioqui
1869 5146 2056 5213 visus
2114 5148 2345 5213 fuisset
2384 5169 2529 5214 eam
2572 5150 2747 5215 invi-

807 5241 966 5312 tam,
1012 5227 1116 5295 vel
1158 5232 1513 5297 autoritate
1537 5230 1645 5297 vel
1680 5232 1745 5296 vi
1788 5231 2164 5301 abduxisse.
2210 5231 2434 5314 Quare
2478 5249 2555 5301 ut
2588 5236 2750 5305 libe-

2831 531 2982 574 rum
3027 509 3114 575 sit
3152 509 3642 580 matrimonum‚
3687 504 3961 570 nuntios
4001 502 4083 568 ad
4110 522 4254 568 0818
4300 502 4502 580 misit,
4548 510 4758 569 utnon

2831 596 3042 661 invita
3111 593 3232 660 sed
3311 593 3544 659 volens
3612 588 3889 658 Davidis
3967 588 4313 673 postulatis
4390 589 4759 672 acquiescat.

2832 681 3024 762 Quod
3070 680 3153 745 ad
3195 681 3472 744 alteram
3518 678 3885 745 Achionam
3921 676 4173 751 attinet,
4233 695 4576 752 excusare,
4629 686 4694 740 et
4728 698 4763 741 a

2830 768 3023 851 culpa
3077 767 3358 831 liberare
3417 764 3742 830 Davidem
3799 783 3934 827 non
3993 781 4361 845 possumus.
4453 761 4608 827 Etsi
4647 782 4762 827 1108

2832 852 3143 918 debemus
3187 852 3569 917 existimare
3612 848 4060 932 voluptatibus
4101 847 4318 929 ipsum
4355 847 4500 913 suis
4547 847 4646 913 sic
4683 848 4766 913 in·

2832 938 3147 1023 dulcisse,
3218 949 3292 1002 ut
3349 937 3623 1002 alteram
3687 936 3889 1018 priori
3951 933 4309 999 addiderit:
4375 932 4494 998 sed
4564 934 4766 1019 potius

2830 1035 3122 1091 coactum
3146 1024 3535 1089 necessitate
3555 1021 3760 1087 fuisse
3801 1020 4111 1099 iudicare,
4154 1029 4224 1083 et
4263 1019 4361 1084 ita
4401 1017 4606 1086 rebus
4647 1021 4768 1086 8818

2830 1111 3168 1176 consulere
3191 1108 3535 1175 studuisse.
3573 1105 4148 1189 Quemadmodum
4170 1104 4388 1170 solent
4410 1105 4483 1169 in
4507 1106 4770 1171 summi

2832 1194 3160 1279 angustiis
3217 1195 3574 1270 constituti,
3625 1194 3916 1258 rationes
3963 1211 4279 1274 quaerere
4336 1191 4587 1273 quibus
4645 1212 4770 1258 sese

2831 1292 3162 1365 tueantur,
3222 1290 3291 1345 et
3333 1279 3700 1345 foederibus
3744 1290 3812 1343 et
3864 1277 4279 1362 cognationis
4320 1298 4400 1343 80
4445 1278 4770 1344 affinitatis

2833 1368 3116 1433 vinculis
3155 1367 3441 1433 foveant.
3489 1364 3938 1431 Nihilominus
3975 1364 4244 1429 virtiosa
4284 1374 4355 1429 et
4397 1364 4640 1430 illicita
4659 1365 4771 1429 fuit

2835 1454 2996 1519 haec
3061 1454 3228 1518 ratio
3303 1452 3498 1518 rebus
3569 1452 3708 1517 8818
3771 1449 4189 1528 consulendi,
4247 1449 4769 1534 quandoquidem

2833 1550 3067 1607 contra
3110 1539 3389 1622 primam
3439 1538 3922 1603 institutionem
3969 1536 4372 1601 matrimonii
4435 1536 4609 1602 fuit:
4663 1538 4770 1601 etsi

2834 1647 2968 1690 non
3016 1638 3150 1689 tam
3194 1625 3434 1690 vitiosa
3491 1644 3686 1706 quam
3732 1623 3788 1688 si
3835 1622 4252 1706 voluptatum
4297 1642 4505 1688 causa
4551 1622 4772 1687 fnisset

2834 1713 2915 1776 ab
2981 1712 3121 1794 ipso
3179 1710 3546 1794 quaesitum
3605 1709 4118 1774 matrimonium.
4207 1707 4344 1775 Sed
4400 1709 4470 1773 in
4531 1729 4774 1773 summa

2834 1796 3404 1864 condemnandum
3461 1794 3744 1861 Davidis
3799 1796 4066 1874 factum,
4123 1792 4296 1877 quod
4355 1793 4532 1860 (1888
4591 1792 4770 1859 811881

2836 1903 3078 1949 uxores
3121 1882 3452 1948 habuerit:
3512 1880 3684 1964 quod
3728 1901 3815 1945 ex
3862 1879 4146 1946 hominis
4194 1882 4414 1962 prima
4453 1882 4772 1945 creatione

2836 1970 2997 2036 satis
3052 1978 3342 2052 apparet,
3399 1968 3514 2033 ubi
3563 1966 3887 2032 Dominus
3943 1967 4069 2031 ait:
4127 1965 4275 2031 Non
4333 1988 4486 2033 esse
4547 1967 4768 2037 bonnm

2838 2056 3087 2121 homini
3122 2075 3265 2120 esse
3309 2054 3554 2119 solum:
3599 2053 3818 2136 itaque
3851 2051 4222 2119 faciendum
4255 2053 4356 2116 illi
4383 2051 4768 2119 adiutorium

2838 2141 3052 2207 simile
3090 2141 3230 2223 ipsi.
3276 2140 3634 2207 Decretum
3673 2138 3878 2223 igitur
3923 2159 4006 2203 ex
4043 2138 4439 2204 immutabili
4473 2159 4601 2204 880
4635 2159 4770 2203 con·

2839 2227 2986 2293 silio
3029 2226 3323 2309 protulit,
3361 2225 3694 2290 hominem
3731 2235 4033 2308 oportere
4075 2245 4213 2289 una
4255 2245 4464 2290 uxore
4513 2239 4768 2291 conten·

2839 2322 2983 2378 tum
3025 2333 3187 2378 esse.
3254 2312 3488 2394 Neque
3530 2312 3706 2375 enim
3753 2310 3939 2389 dixit,
3983 2310 4112 2375 duo
4156 2310 4489 2376 adiutoria
4533 2311 4650 2393 ipsi
4681 2312 4766 2374 fa·

2839 2400 3109 2476 ciamus,
3155 2399 3288 2472 sed‚
3335 2397 3734 2462 adiutorium
3759 2397 3886 2479 ipsi
3909 2396 4143 2462 simile.
4191 2396 4339 2461 Hoc
4359 2396 4532 2463 satis
4561 2396 4770 2461 idoneo

2838 2484 3214 2549 testimonio
3260 2481 3481 2548 David
3543 2484 3666 2549 hoc
3710 2482 3849 2547 loco
3892 2480 4402 2548 condemnatur:
4467 2494 4574 2548 est
4613 2484 4771 2547 08118

2838 2571 2967 2635 1)οἱ
3023 2569 3358 2636 decretum
3401 2567 3813 2634 immutabile
3871 2582 3940 2633 et
3995 2567 4442 2645 irrevocabile,
4507 2578 4578 2632 ct
4619 2568 4771 2652 quod

2838 2657 3027 2722 initio
3071 2654 3257 2721 Deus
3301 2656 3658 2732 constituit,
3706 2651 4080 2721 habendum
4125 2662 4230 2719 est
4269 2654 4439 2737 legis
4489 2653 4636 2721 loco
4667 2656 4773 2718 in·

2841 2742 3191 2807 mutabilis.
3235 2741 3496 2808 Deinde
3533 2754 3600 2805 et
3634 2740 3761 2806 alio
3798 2739 3940 2806 loco
3961 2741 4286 2823 scriptura
4318 2741 4527 2820 iubet,
4569 2761 4774 2825 qnem-

2834 2849 2965 2912 que
3001 2831 3215 2894 virum
3261 2848 3446 2892 suam
3493 2826 3736 2893 habere
3778 2848 4072 2907 uxorem,
4116 2836 4180 2892 et
4204 2837 4436 2891 eontra
4459 2848 4776 2910 quamque

2843 2915 3184 2979 mulierem
3228 2933 3419 2978 suum
3462 2913 3701 2978 habere
3736 2914 4068 2978 maritum.
4136 2911 4363 2993 Quare
4399 2914 4455 2977 81
4497 2914 4651 2995 quis
4693 2913 4777 2976 vir

2842 3001 3064 3085 plures
3097 3021 3336 3065 uxores
3380 2999 3622 3064 habere
3664 3000 3827 3078 vult,
3871 3001 4062 3064 uxori
4097 2999 4256 3064 facit
4294 2998 4616 3064 iniuriam
4638 2999 4779 3064 Dei·

2844 3106 2972 3169 que
3016 3086 3227 3170 legem
3273 3085 3502 3150 violat.
3546 3084 3800 3149 Eadem
3821 3086 3998 3149 enim
4035 3085 4304 3167 utrique
4323 3085 4567 3168 regula
4607 3106 4780 3168 prae·

2843 3173 3168 3249 scribitur,
3229 3180 3305 3235 ut
3348 3172 3586 3237 mulier
3630 3172 3941 3237 maritum
3983 3191 4180 3236 suum
4222 3168 4485 3245 habeat,
4544 3184 4618 3235 ct
4657 3192 4782 3236 ma·

2844 3260 3011 3324 ritus
3055 3279 3242 3323 suam
3286 3279 3581 3323 uxorem.
3659 3256 4077 3340 Quapropter
4119 3256 4178 3322 si
4222 3258 4369 3339 quis
4427 3257 4629 3323 hodie
4671 3258 4786 3322 sibi

2846 3345 3181 3410 licentiam
3237 3352 3535 3409 assumat
3590 3343 3811 3427 plures
3861 3341 4148 3408 habendi
4203 3362 4473 3419 uxores,
4535 3363 4682 3409 sese
4721 3344 4782 3406 18

2845 3439 3066 3514 partes
3104 3429 3427 3513 discerpat
3462 3440 3736 3513 oportet.
3801 3429 3982 3512 Ergo
4007 3427 4224 3494 David
4258 3429 4503 3493 merito
4541 3428 4784 3494 dnabm

2847 3517 3200 3667 agsumpAtils
3257 3514 3585 3665 {mribuse
3611 3515 3981 3666 diasmnatur.
4046 3515 4198 3664 ἔτι
4215 3515 4505 3665 0881ἑ1ἔ18,
4559 3517 4786 3666 gates&

2848 3623 3023 3667 iem
3189 3622 3556 3666 raamoe
3709 3620 4228 3685 aacocongi:
4422 3622 4730 3679 ,888

2849 3689 3003 3765 dixi,
3049 3696 3347 3754 veterum
3393 3685 3686 3753 fidelium
3732 3687 4033 3769 exempla
4067 3708 4202 3751 non
4239 3696 4492 3752 temere
4535 3698 4698 3754 sunt
4725 3688 4784 3752 in

2846 3775 3060 3858 legem
3106 3773 3461 3838 trahenda:
3521 3772 3635 3839 sed
3683 3774 3896 3856 potius
3935 3772 4019 3837 ad
4062 3773 4195 3837 Dei
4238 3773 4456 3858 legem
4503 3782 4576 3838 et
4619 3773 4784 3839 insti-

2848 3862 3170 3925 tutionem
3232 3858 3724 3940 recurrendum,
3779 3867 3846 3924 et
3903 3858 4024 3925 8011
4080 3858 4181 3923 1111
4241 3858 4782 3941 acquiescendum

2848 3947 2991 4012 sine
3036 3946 3579 4011 contradictione:
3624 3965 3700 4009 ac
3742 3945 4019 4028 proinde
4061 3946 4116 4011 si
4161 3965 4293 4028 qua
4333 3956 4500 4010 sunt
4543 3956 4790 4012 sancto·

2848 4053 2998 4097 rum
3058 4032 3348 4096 virorum
3419 4032 3590 4096 facta
3655 4050 3807 4097 cum
3866 4031 4064 4097 verbo
4137 4031 4264 4097 Dei
4339 4033 4784 4116 congruentia,

2849 4127 3165 4201 tanquam
3232 4118 3402 4183 bona
3450 4126 3606 4182 sunt
3655 4115 4095 4195 admittenda,
4167 4125 4239 4181 et
4292 4116 4367 4182 in
4416 4118 4781 4202 exemplum

2850 4200 3299 4286 proponenda:
3343 4205 3446 4269 sin
3492 4202 3729 4280 minus,
3774 4202 4270 4268 condemnanda
4302 4214 4372 4267 et
4415 4203 4780 4270 reficienda

2851 4289 3075 4371 Quum
3122 4309 3279 4353 vero
3324 4296 3459 4353 tam
3504 4285 3832 4353 Davidem
3877 4309 4075 4372 quam
4118 4288 4280 4354 alios
4323 4290 4394 4352 in
4441 4288 4572 4355 hac

2848 4375 3067 4458 lapsos
3111 4374 3472 4454 videamus,
3532 4394 3609 4439 eo
3669 4374 3915 4440 maiore
3957 4394 4119 4439 cura
4162 4385 4230 4439 et
4283 4373 4514 4442 studio
4553 4377 4622 4439 in
4661 4373 4780 4440 Dei

2850 4463 3086 4527 timore
3129 4461 3318 4527 nobis
3357 4458 3826 4527 ambulandum
3869 4460 4174 4539 sciamus,
4230 4480 4448 4544 neque
4515 4460 4778 4527 dandam

2851 4548 3183 4615 licentiam
3240 4547 3484 4612 nostris
3537 4547 3879 4612 affectibus
3947 4556 4172 4611 tantae
4226 4545 4641 4613 confusionis
4685 4566 4776 4611 se-

2851 4630 3177 4718 quendae,
3242 4653 3327 4699 ne
3381 4633 3450 4697 in
3511 4632 3909 4697 immensum
3955 4633 4280 4697 malorum
4339 4631 4776 4718 labyrinthum

2852 4720 3295 4787 deveniamus.
3384 4718 3592 4785 Cuius
3647 4717 3744 4783 rei
3789 4717 4130 4800 exemplar
4180 4719 4322 4801 ipse
4367 4717 4593 4784 David
4637 4728 4777 4793 απ,

2850 4807 2961 4889 qui
3006 4804 3088 4870 ab
3133 4805 3256 4871 hoc
3279 4803 3489 4893 ,lapsu
3531 4806 3602 4870 in
3649 4804 3871 4886 plures
3915 4804 4168 4885 incidit,
4210 4803 4443 4869 multis
4482 4806 4776 4871 uxoribus

2850 4892 3154 4968 inductis,
3214 4892 3386 4974 quod
3427 4891 3502 4955 in
3562 4890 3873 4956 historiae
3917 4892 4087 4955 serie
4138 4891 4448 4973 deinceps
4491 4891 4774 4975 plur-ibn

2853 4998 3339 5061 persequemur.
3425 4976 3872 5058 Quamobrem
3949 4996 4084 5041 non
4160 4985 4410 5042 temere
4475 4976 4773 5043 imitanda

2851 5063 3220 5129 istiusmodi
3265 5083 3603 5129 servorum
3627 5063 3754 5128 Dei
3789 5063 4109 5146 exempla,
4153 5061 4268 5128 sed
4291 5063 4544 5130 malum
4565 5084 4606 5128 a
4626 5065 4772 5130 bono

2852 5148 3392 5215 discernendum:
3458 5147 3730 5233 ideoque
3772 5170 3890 5215 nos
3942 5148 4096 5214 alibi
4141 5150 4226 5214 D.
4271 5149 4534 5215 Paulus
4571 5149 4772 5214 admo-

2853 5244 2987 5316 net,
3045 5248 3123 5300 ut
3163 5237 3380 5319 ipsum
3436 5254 3791 5320 sequamur
3834 5243 3902 5301 et
3955 5235 4315 5315 imitemur,
4374 5236 4768 5320 qum-dne-

4961 726 4967 761 l
