5059 6059
299 304 416 371 513

1610 304 1712 371 IN
1754 305 1808 371 Ι.
1855 306 2036 373 LIB.
2082 304 2488 376 SAMUEI..
2534 305 2735 374 CAP.
2779 305 2936 374 VII.

4137 310 4268 378 514

295 500 428 578 tior,
470 504 587 563 aut
626 494 811 578 quasi
857 494 1123 579 propius
1165 492 1249 559 ad
1291 495 1506 560 Deum
1548 492 1690 561 ideo
1724 493 2007 579 populus
2042 513 2221 563 acce-
2323 494 2457 562 tius
2498 494 2727 580 populi
2766 502 3029 580 peccata
3062 495 3260 564 fuisse
3293 495 3684 575 confessum,
3728 496 3923 582 idque
3963 519 4090 564 non
4130 521 4264 567 uno

297 588 481 653 deret.
570 578 702 649 Sed
747 600 823 644 ea
864 591 964 647 est
1008 579 1349 646 hominum
1383 580 1752 660 infirmitas,
1801 589 1876 646 ut
1910 581 2220 665 quoniam
2321 586 2586 647 tantum
2644 588 2759 647 aut
2811 581 3017 649 altero
3059 580 3350 663 verbulo,
3407 581 3522 650 sed
3564 603 3714 650 cum
3756 585 4265 670 exaggeratione

297 669 372 738 ad
427 670 637 735 Deum
691 666 818 752 ipsi
875 686 994 750 per
1050 686 1122 732 se
1177 663 1483 733 accedere
1539 686 1672 732 non
1725 674 2018 751 possunt,
2076 667 2219 750 qui·
2323 673 2460 733 tam
2502 686 2772 733 suorum
2806 688 2999 767 quam
3037 666 3234 735 totius
3256 668 3495 767 ‘populi
3530 678 3958 752 peccatorum,
3994 669 4065 735 in
4098 672 4263 741 haee

299 754 560 823 busdam
614 753 821 839 signis
877 752 1253 819 incitentur.
1344 749 1565 833 Quum
1608 751 1816 837 igitur
1858 752 2040 819 Deus
2082 773 2219 819 me-

296 841 487 909 moria
528 837 803 924 dignum
846 858 1008 921 opus
1050 835 1288 904 alicubi
1333 835 1554 917 edidit,
1598 838 1672 904 in
1705 858 1833 923 quo
1871 837 2081 904 virtus
2117 840 2221 938 ‘ip-

2323 751 2560 819 verba:
2601 751 3004 820 Peccavimus
3056 754 3452 837 iniquitatem
3475 753 3758 836 fecimus,
3794 755 3987 839 impie
4005 756 4262 841 eqimus,

2320 841 2377 903 et
2416 839 2803 905 recessimus.
2886 840 2966 905 N
3040 840 3053 853 '
3129 840 3413 939 confusio
3454 838 3662 923 faciei,
3718 840 3968 925 rsyibus
4009 844 4264 927 nostris,

293 928 418 995 sius
459 923 639 993 velut
679 923 1010 1008 insculpta
1053 933 1171 1003 est,
1215 930 1285 989 et
1325 923 1397 989 in
1441 943 1571 1009 quo
1605 923 2042 1007 praesentiam
2076 915 2230 991 ems*
2309 922 2717 1007 mucipibus
2750 926 3002 1006 nostris,
3036 931 3095 991 et
3115 924 3413 1007 patratus
3448 926 3683 992 nostris
3714 927 3827 1009 qui
3837 933 4260 1011 peccaverunt.

411 1031 628 1079 oscere
686 1030 1050 1094 possumus,
1109 1018 1244 1074 tam
1302 1009 1498 1075 firma
1553 1009 1782 1076 haeret
1836 1010 2053 1076 animo
2092 1008 2219 1077 loci

293 1100 307 1115 ‘
361 1099 454 1165 'us
494 1096 830 1175 memoria,
876 1094 948 1161 in
991 1114 1121 1179 quo
1157 1115 1382 1161 sumus
1416 1093 1590 1161 hanc
1744 1095 1904 1162 tiam
1943 1095 2217 1180 experti,

291 1193 356 1251 ut
418 1182 585 1249 elabi
653 1201 989 1266 nunquam
1044 1179 1268 1263 possit,
1326 1179 1441 1248 sed
1498 1181 1568 1247 in
1624 1115 1873 1248 more
1930 1182 2217 1247 maximo

289 1290 529 1353 semper
592 1267 933 1335 habeatur.
1018 1266 1214 1337 Hanc
1279 1266 1360 1334 ob
1432 1286 1694 1333 causam
1763 1267 1981 1334 locum
2038 1267 2216 1335 hunc

287 1354 541 1439 Mispha
596 1375 638 1420 a
691 1351 1000 1421 Samuele
1060 1352 1335 1419 electum
1393 1351 1750 1421 verisimile
1807 1358 1926 1432 est,
1985 1362 2061 1419 ut
2104 1374 2217 1437 po-

289 1441 462 1526 pulus
542 1440 857 1506 memoria
919 1447 1222 1522 repetens
1290 1436 1587 1505 divinum
1652 1437 1975 1505 auxilium
2042 1437 2217 1522 quod

286 1523 429 1594 olim
473 1526 753 1593 maiores
796 1533 1138 1591 senserant
1179 1542 1255 1589 eo
1298 1523 1460 1605 loco,
1520 1533 1702 1590 tanto
1744 1523 1955 1609 magis
1997 1524 2216 1592 affice·

285 1623 465 1679 retur.
554 1611 858 1677 Fuerant
909 1618 1129 1677 autem
1186 1629 1262 1676 eo
1318 1610 1457 1676 loco
1513 1609 1644 1676 fusi
1688 1609 1986 1693 caesique
2028 1631 2216 1763 reges

285 1698 468 1766 totius
530 1717 605 1763 re
658 1696 825 1765 'onis
882 1695 1335 1779 potentissimi.
1426 1696 1728 1779 Denique
1780 1695 2048 1763 videtur
2146 1716 2213 1762 a·

284 1784 445 1851 muel
485 1782 558 1849 in
653 1801 781 1849 unc
823 1781 1040 1848 locum
1085 1788 1517 1866 congregatos
1559 1780 1766 1847 veluti
1810 1799 2032 1847 coram
2074 1779 2214 1847 Do-

282 1872 444 1936 mino
499 1867 771 1946 stitisse,
836 1876 912 1934 ut
967 1867 1177 1953 magis
1218 1888 1295 1934 ac
1337 1866 1552 1953 magis
1594 1866 2063 1945 excitarentur,
2120 1888 2216 1933 se·

287 1956 490 2040 rioque
547 1952 760 2020 animi
815 1954 1054 2020 affectu
1108 1963 1176 2019 et
1231 1952 1464 2020 ardore
1529 1952 1613 2019 ad
1656 1953 1873 2020 Deum
1916 1951 2215 2020 conversi

285 2062 508 2126 poenas
550 2039 1063 2126 deprecarentur
1097 2038 1176 2105 de
1210 2046 1309 2103 tot
1343 2039 1643 2122 peccatis,
1685 2037 1918 2126 quibus
1952 2045 2050 2108 tot
2083 2038 2213 2106 iam

284 2148 472 2193 annos
529 2126 676 2193 eius
719 2126 888 2193 iram
933 2126 1004 2190 in
1047 2145 1118 2190 se
1159 2125 1670 2196 concitaverant.
1758 2123 1992 2207 Itaque
2035 2132 2213 2209 post-

286 2233 462 2296 quam
503 2211 577 2278 in
605 2211 954 2295 Misphath
994 2209 1480 2290 convenissent,
1514 2230 1747 2295 aquam
1788 2209 2079 2277 lamisso
2119 2208 2216 2276 di-

284 2303 506 2381 cuntur,
550 2302 612 2364 et
655 2317 792 2364 eam
831 2296 1128 2380 effudisse
1170 2296 1243 2362 im
1283 2300 1606 2379 conspectu
1645 2294 1933 2375 Domini,
1977 2316 2051 2363 ac
2092 2315 2215 2362 sua

279 2390 508 2468 peccata
561 2381 854 2466 confessi,
921 2382 1009 2448 iis
1063 2401 1133 2449 se
1188 2381 1323 2450 Dei
1376 2382 1612 2449 iudicio
1665 2381 1863 2464 factos
1922 2380 2216 2448 obnoxios

284 2470 617 2553 ammisse.
705 2467 920 2553 Igitur
976 2488 1128 2535 cum
1181 2467 1481 2551 precibus
1523 2468 1871 2542 coniuncta
1914 2475 2013 2533 est
2055 2484 2211 2532 con·

285 2556 454 2624 lessio
488 2563 925 2641 peccatorum,
970 2574 1138 2637 quae
1170 2551 1609 2652 poenitentiae
1631 2573 1782 2636 pars
1803 2558 1936 2619 est:
1977 2548 2212 2624 deinde

315 2641 326 2656 ’
415 2662 524 2710 um
568 2650 922 2707 externum
961 2648 1029 2706 et
1070 2636 1349 2718 visibile,
1394 2658 1523 2722 quo
1566 2637 1647 2703 de
1681 2659 1803 2705 sua
1836 2637 2212 2721 impuritate

283 2663 807 2807 monebantur,
851 2733 917 2792 et
951 2724 1033 2792 de
1068 2723 1469 2808 deponendis
1510 2721 1828 2805 sordibus,
1871 2720 2108 2807 quibus
2139 2722 2211 2791 in

284 2832 345 2878 se
407 2812 530 2881 Dei
585 2810 906 2880 iudicium
960 2831 1026 2875 m
1113 2811 1169 2877 is
1222 2809 1682 2894 provocabant.
1770 2806 1996 2894 Quare
2053 2808 2210 2877 hinc

282 2897 685 2966 observemus
719 2916 1053 2980 nunquam
1117 2896 1371 2963 iberum
1404 2891 1490 2962 ad
1524 2895 1738 2962 Deum
1768 2894 2208 2964 invocandum

283 3004 590 3053 accessum
639 2982 829 3049 nobis
873 2980 1103 3048 datum
1144 2981 1247 3062 iri,
1293 2980 1423 3047 nisi
1464 2987 1822 3066 praeeunte
1857 2981 2027 3047 seria
2060 2999 2209 3063 pec-

283 3077 550 3136 catorum
612 3075 993 3134 nostrorum
1051 3066 1480 3134 confessione.
1567 3066 1717 3134 Hac
1773 3066 1951 3133 enim
1995 3063 2207 3134 veluti

283 3153 431 3221 clavi
485 3153 682 3221 nobis
739 3153 960 3220 aditus
1017 3153 1099 3219 ad
1157 3153 1373 3237 ipsum
1430 3152 1680 3236 patefit,
1751 3158 1820 3219 et
1875 3148 2205 3216 coelorum

283 3239 570 3325 repagula
652 3245 1049 3306 reserantur.
1140 3237 1274 3321 Qui
1351 3237 1540 3305 elatis
1613 3246 1681 3304 et
1744 3234 2204 3321 arrogantibus

283 3326 498 3394 animis
538 3324 632 3392 ad
676 3326 894 3393 Deum
940 3322 1232 3404 veniunt,
1288 3344 1432 3391 sese
1475 3320 1708 3410 dignos
1749 3320 2204 3394 existimantes

281 3431 421 3494 quos
481 3410 676 3479 Deus
738 3407 1063 3490 exaudiat,
1130 3409 1317 3493 quasi
1382 3409 1727 3477 devinctus
1777 3406 2204 3476 caeremoniis

283 3506 338 3563 et
391 3497 647 3578 ritibus,
713 3496 953 3581 quibus
1015 3516 1088 3563 se
1149 3494 1339 3561 illum
1406 3493 1725 3562 demereri
1767 3492 1892 3563 sibi
1930 3514 2200 3581 persua-

283 3591 502 3665 serunt,
581 3582 884 3667 repetitis
959 3580 1220 3682 quidem
1297 3577 1526 3648 multis
1604 3578 1904 3663 precibus
1985 3578 2202 3645 Deum

282 3669 744 3754 supplicabunt,
798 3665 916 3735 sed
969 3668 1197 3733 inania
1251 3665 1532 3734 fundent
1589 3664 1810 3747 verba,
1865 3672 1935 3730 et
1987 3664 2203 3748 potius

283 3753 782 3823 maledictionem
845 3753 916 3819 in
974 3774 1046 3819 se
1102 3749 1514 3819 derivabant.
1601 3751 1748 3819 Hoc
1805 3750 2009 3836 igitur
2065 3758 2202 3818 esto

281 3849 646 3924 perpetuum
705 3859 974 3924 precum
1032 3848 1406 3907 nostrarum
1449 3835 1947 3903 fundamentum
1992 3843 2059 3901 et
2099 3856 2202 3903 re-

283 3924 432 4008 gula,
470 3936 542 3992 nt
580 3932 855 4011 peccata
884 3931 1111 3991 nostra
1148 3923 1292 3990 Deo
1326 3925 1774 4003 confiteamur,
1812 3929 1886 3988 ut
1967 3920 2204 3990 ratiam

284 4019 339 4075 et
375 4008 875 4080 misericordiam
922 4010 1004 4077 ab
1045 4010 1189 4093 ipso
1231 4029 1724 4093 consequamur.
1815 4006 1903 4077 Se
1990 4006 2202 4074 nomi·

284 4095 467 4163 natim
522 4118 728 4183 quum
786 4095 1004 4179 aliquo
1061 4115 1282 4162 morsu
1336 4094 1773 4162 conscientiae
1816 4092 2203 4175 excitamur,

284 4191 383 4247 aut
415 4182 554 4268 ipse
600 4180 788 4249 Deus
831 4179 1445 4248 comminationibus
1489 4188 1710 4260 terret,
1771 4188 1836 4246 et
1877 4177 2012 4246 iam
2053 4178 2203 4246 vin-

283 4264 436 4334 dicta
489 4268 699 4352 ipsius
752 4269 995 4333 nostris
1049 4265 1368 4350 capitibus
1410 4266 1732 4346 imminet,
1786 4273 1932 4335 tum
1975 4262 2205 4331 arden-

286 4350 534 4421 tioribus
606 4353 780 4420 votis
843 4361 944 4419 est
1005 4351 1453 4420 sollicitandus
1517 4362 1586 4418 et
1647 4358 1917 4437 peccata
1978 4358 2208 4419 nostra

287 4439 556 4507 sevefius
590 4459 632 4506 a
674 4436 863 4505 nobis
904 4438 1063 4522 ipsis
1105 4436 1619 4505 condemnanda.
1698 4436 1880 4504 Talis
1922 4435 2047 4503 fuit
2088 4457 2203 4521 pa·

288 4535 440 4590 trum
479 4533 857 4593 nostrorum
895 4523 967 4589 in
1011 4522 1233 4590 Deum
1275 4523 1534 4604 fiducia,
1578 4522 1691 4608 qui
1725 4542 1857 4589 non
1894 4522 2031 4589 suis
2065 4543 2202 4589 me·

289 4608 431 4689 ritis,
492 4609 608 4678 sed
664 4619 1075 4695 peccatorum
1134 4609 1467 4695 agnitione
1519 4617 1585 4677 et
1640 4607 2060 4686 confessione,
2129 4607 2202 4674 in

290 4692 398 4760 Dei
439 4696 795 4763 bonitatem
838 4693 1321 4766 recumbebant.
1386 4695 1789 4779 Exemplum
1831 4693 2089 4777 insigne
2130 4692 2200 4759 in

292 4776 542 4848 Daniele
596 4779 785 4848 nobis
833 4780 1166 4865 scriptura
1223 4782 1548 4867 proponit,
1607 4781 1722 4865 qui
1765 4777 1909 4844 Deo
1952 4777 2200 4866 suppli-

289 4875 528 4933 caturus
585 4888 703 4953 pro
745 4865 971 4951 populi
1011 4866 1232 4934 reditu
1276 4866 1346 4934 in
1388 4866 1670 4952 patriam
1715 4865 1796 4934 ab
1838 4863 1952 4930 illa
1993 4864 2200 4964 capti-

289 4949 487 5032 vitate,
527 4952 601 5018 in
646 4973 841 5036 quam
886 4952 1132 5020 sciebat
1173 4951 1490 5038 populum
1532 4974 1572 5020 a
1609 4953 1751 5020 Deo
1785 4952 1856 5016 in
1891 4949 2199 5018 exsilium

288 5032 648 5121 relegatum,
725 5047 792 5104 et
865 5037 1079 5123 patria
1144 5045 1321 5139 terra
1387 5037 1789 5139 Qhananaea
1851 5044 2198 5137 extorrem,

292 5123 1656 5297 B‘gpfflssffiffi‘ssssssaffiulildkffih
1678 5121 2063 5292 ἒῖῗῗᾱαῖἒ
2100 5143 2198 5276 ἐξ

415 5310 626 5369 salvam
657 5327 843 5384 opera.
924 5311 1302 5369 1⁷01.me

2322 1007 2549 1091 Quare
2608 1008 2916 1076 docemur
2971 1024 3266 1095 oportere
3322 1030 3589 1078 suorum
3647 1024 4062 1095 peccatorum
4119 1035 4263 1083 reos

2321 1097 2416 1162 sic
2480 1094 2565 1161 ad
2630 1095 2848 1162 Deum
2904 1096 3229 1175 accedere,
3292 1104 3367 1166 ut
3421 1097 3814 1165 sacrificium
3869 1098 4264 1169 humilitatis

2319 1179 2420 1245 illi
2475 1180 2777 1248 offerant.
2867 1181 3044 1249 Nam
3100 1182 3293 1248 unica
3350 1180 3705 1270 placandae
3741 1182 3870 1251 Dei
3912 1185 4051 1252 irae
4092 1187 4261 1253 ratio

2321 1273 2441 1347 est,
2506 1275 2583 1333 ut
2647 1266 3095 1335 remissionem
3159 1275 3477 1352 petamus.
3564 1267 3759 1335 Illam
3824 1278 4045 1337 autem
4110 1292 4263 1349 cone

2320 1351 2505 1437 sequi
2548 1373 2681 1419 non
2722 1373 3069 1437 possumus
3113 1354 3243 1419 nisi
3283 1361 3554 1440 peccata
3587 1374 3867 1437 quorum
3906 1357 4000 1423 rei
4034 1378 4262 1424 sumus

2321 1458 2753 1523 agnoscamus
2832 1447 2900 1504 et
2977 1440 3422 1507 confiteamur.
3511 1439 3919 1526 Hypocritae
4000 1442 4260 1527 quidem

2320 1524 2602 1608 gratiam
2666 1530 2733 1590 et
2797 1524 3311 1592 misericordiam
3380 1526 3755 1612 implorant,
3826 1527 3940 1594 sed
3999 1529 4260 1596 interim

2317 1617 2733 1693 peccatorum
2787 1631 2920 1678 non
2974 1611 3439 1690 meminerunt,
3493 1633 3658 1696 quae
3702 1610 3905 1679 deleri
3947 1623 4266 1699 perpetua

2320 1694 2643 1762 oblivione
2686 1696 2939 1764 volunt.
3024 1696 3280 1763 Verum
3324 1698 3687 1782 quicunque
3722 1699 4004 1785 gratiam
4039 1710 4107 1766 et
4141 1701 4265 1766 mi-

2318 1781 2737 1847 sericordiam
2772 1801 2813 1847 a
2845 1781 2992 1849 Deo
3026 1782 3208 1882 cupit
3248 1783 3576 1867 consequi,
3613 1783 3736 1850 hoc
3774 1782 3970 1852 faciat
4002 1784 4265 1852 initium

2318 1887 2581 1933 necesse
2624 1874 2745 1944 est,
2809 1876 2884 1933 ut
2926 1889 2996 1935 se
3038 1889 3355 1935 miserum
3398 1880 3801 1953 peccatorem
3846 1880 4159 1955 agnoscat
4201 1882 4267 1938 et

2318 1952 2619 2033 fateatur,
2675 1961 2744 2020 et
2799 1952 3064 2037 quidem
3108 1953 3289 2020 mille
3333 1953 3607 2039 dignum
3651 1955 3973 2023 mortibus
4015 1957 4074 2023 si
4116 1976 4265 2024 cum

2316 2037 2458 2121 ipso
2521 2059 2777 2107 summo
2839 2038 2981 2107 iure
3046 2037 3231 2109 Deus
3297 2048 3484 2124 agat:
3551 2061 3627 2107 ac
3683 2041 3956 2125 proinde
4010 2042 4264 2109 nullam

2317 2122 2518 2190 aliam
2597 2144 2937 2210 superesse
3019 2124 3495 2193 maledictionis
3571 2135 3876 2192 aeternae
3952 2128 4264 2195 vitandae

2317 2210 2667 2293 rationem,
2727 2209 2859 2277 nisi
2917 2217 2991 2276 ut
3048 2212 3236 2278 nobis
3281 2212 3576 2294 placatus
3618 2232 3747 2278 non
3792 2212 4072 2298 imputet
4114 2235 4262 2297 pec-

2318 2301 2464 2361 cata
2536 2315 2703 2379 quae
2757 2295 3076 2363 adversus
3131 2297 3340 2380 ipsius
3395 2297 3804 2364 maiestatem
3860 2298 4259 2368 admisimus.

2315 2380 2502 2449 Haec
2547 2381 2751 2467 igitur
2794 2400 2989 2447 causa
3031 2387 3152 2463 est,
3194 2402 3313 2448 cur
3356 2382 3463 2451 hic
3506 2382 3894 2451 nominatim
3937 2386 4265 2470 scriptura

2318 2465 2523 2534 dicat:
2598 2466 2913 2551 populum
2991 2466 3062 2532 in
3126 2467 3422 2553 Mitspha
3485 2477 3957 2555 congregatum
4022 2472 4261 2540 iterum

2315 2573 2436 2619 sua
2476 2563 2744 2637 peccata
2785 2572 3002 2619 coram
3047 2550 3193 2620 Deo
3231 2554 3427 2621 fuisse
3460 2555 3849 2634 confessum,
3895 2563 3963 2622 et
4001 2559 4261 2626 veniam

2317 2634 2757 2723 deprecatum.
2847 2637 3043 2720 Quod
3086 2638 3171 2704 ad
3223 2648 3570 2708 externum
3629 2637 3795 2707 illud
3854 2641 4114 2727 signum
4161 2655 4261 2710 at·

2318 2724 2497 2800 tinet,
2565 2743 2802 2809 nempe
2866 2745 3104 2808 aquam
3170 2745 3367 2810 quam
3434 2725 3745 2793 dicuntur
3810 2726 4125 2810 hausisse,
4193 2737 4261 2796 et

2315 2830 2532 2880 coram
2605 2807 2751 2878 Deo
2813 2809 3139 2893 effudisse,
3215 2832 3347 2877 non
3412 2819 3512 2878 est
3575 2811 3878 2879 subtilior
3938 2814 4259 2897 expositio

2315 2893 2705 2977 quaerenda,
2771 2903 2849 2962 ut
2890 2896 3122 2963 volunt
3164 2894 3447 2980 quidam,
3492 2917 3727 2981 nempe
3772 2897 4072 2965 hausisse
4111 2899 4258 2969 illos

2312 2980 3512 3134 ÷ffl33.⁰‡„1⁰ffi⁰.‘.222?.¹333²2¹²35
3554 2982 4255 3137 ἓὲἒῗὶῗιέῗέιῖῗθ·

2312 3150 2443 3231 illa,
2514 3150 2795 3219 voluisse
2852 3088 3163 3219 nimirult’n
3219 3118 3364 3221 illo's
3418 3174 3539 3240 per
3592 3088 3863 3245 aquamq
3887 3093 4258 3241 significaig

2310 3257 2497 3305 suam
2553 3236 3000 3323 fragilitatem,
3058 3240 3365 3323 quoniam
3424 3249 3613 3305 erant
3669 3239 3907 3308 timore
3950 3240 4255 3326 perculsi,

2310 3322 2464 3406 quia
2534 3324 2848 3390 nimirum
2904 3323 3204 3392 homines
3258 3323 3700 3410 obstupefiunt
3757 3326 3901 3393 Deo
3961 3327 4253 3398 severius

2307 3408 2457 3476 illos
2524 3417 2977 3493 persequente.
3066 3407 3570 3497 simplicissima
3640 3410 3848 3496 igitur
3910 3411 4074 3482 haec
4132 3422 4252 3495 est,

2310 3503 2383 3560 ut
2448 3492 2744 3561 dicamus
2807 3494 2877 3561 id
2940 3492 3190 3563 factum
3247 3495 3329 3565 ab
3385 3495 3519 3564 illis
3574 3516 3660 3564 ex
3701 3497 4036 3565 communi
4078 3497 4255 3569 illius

2309 3579 2622 3664 temporis
2665 3601 2809 3648 usu.
2899 3579 3162 3648 Scimus
3225 3581 3399 3649 enim
3444 3602 3484 3646 a
3523 3579 3668 3649 Deo
3730 3583 3801 3648 in
3859 3582 4006 3684 lege
4048 3583 4253 3655 fuisse

2307 3666 2746 3752 praescriptas
2801 3665 3184 3733 ablutiones.
3273 3664 3506 3751 Itaque
3559 3668 3961 3754 repurgand1
4020 3690 4061 3736 a
4103 3691 4250 3755 pec·

2307 3751 2472 3819 catis
2527 3771 2697 3835 aqua
2747 3750 3276 3837 aspergebantur,
3331 3751 3457 3819 hoc
3500 3752 3556 3820 si
3650 3775 3687 3818 o
3755 3755 4141 3823 confitentes
4182 3780 4254 3828 se

2306 3836 2589 3921 pollutos
2644 3843 2712 3904 et
2764 3857 2981 3906 coram
3022 3836 3184 3930 ⁸Deo
3241 3837 3469 3922 plenos
3526 3773 4117 3908 affimination‘um:
4185 3853 4252 3910 et

2305 3922 2462 3990 alibi
2537 3943 2724 3989 suam
2790 3921 3193 3990 ablutionem
3256 3944 3570 4008 quaerere
3633 3946 3705 3992 se
3769 3926 4003 4011 palam·
4048 3930 4251 4019 profi-

2307 4015 2551 4077 tentes.
2638 4006 2864 4094 Neque
2921 4010 3098 4075 enim
3156 4030 3327 4094 aqua
3380 4008 3776 4078 elementum
3832 4013 4251 4098 corruptibile

2307 4094 2528 4162 lavare
2571 4101 2831 4177 poterat
2874 4103 2991 4162 aut
3034 4096 3406 4182 abstergere
3441 4094 3665 4165 sordes
3698 4096 3994 4181 ipsorum
4028 4119 4246 4168 coram

2307 4179 2485 4246 Deo:
2544 4178 2658 4247 sed
2718 4201 2939 4247 coram
2996 4181 3138 4248 Deo
3191 4180 3599 4248 testabantur
3652 4181 3778 4250 hoc
3830 4185 4017 4268 signo
4058 4204 4247 4251 suam

2307 4265 2600 4333 sordium
2643 4266 3103 4351 purgationem
3145 4266 3213 4333 in
3257 4287 3327 4334 se
3370 4288 3501 4333 non
3544 4289 3735 4353 posse
3777 4266 4071 4353 reperiri,
4129 4265 4245 4335 sed

2307 4350 2571 4418 aliunde
2614 4351 3049 4438 quaerendam
3087 4373 3274 4442 esse..
3333 4350 3595 4422 Scimus
3631 4360 3853 4421 autem
3887 4352 4244 4421 Dominum

2307 4444 2605 4504 nostrum
2660 4437 2882 4503 Iesum
2938 4436 3279 4505 Christum
3338 4440 3593 4507 venisse
3644 4439 3714 4505 in
3773 4459 3943 4523 aqua
3987 4447 4053 4506 et
4094 4460 4245 4506 san-

2307 4523 2527 4610 guine,
2603 4525 2679 4590 ut
2745 4520 2946 4590 docet·
2990 4532 3056 4591 et
3111 4522 3397 4610 quuitur
3452 4523 3736 4592 Ioannes
3807 4525 3864 4590 1.
3938 4524 4243 4609 epistola:

2304 4618 2500 4691 atque
2570 4607 2668 4674 ita
2736 4607 3194 4694 adimplevisse
3263 4608 3433 4699 quod
3484 4612 3733 4696 figurae
3786 4608 3957 4707 legis
4011 4609 4242 4677 adum-

2304 4692 2600 4762 brabant.
2685 4692 2928 4777 Itaque
3010 4695 3289 4786 populus
3370 4719 3598 4779 aquam
3686 4695 3995 4759 hammus
4067 4695 4239 4779 quill]

2302 4780 2446 4865 lege
2503 4775 3069 4864 praescribebatur
3126 4777 3446 4866 'sequutus
3494 4796 3614 4847 est:
3678 4803 3875 4867 eques
3927 4783 4239 4851 effusione

2304 4866 2652 4950 professae,
2696 4886 2767 4931 se
2811 4885 3080 4933 enarum
3122 4866 3408 4935 sordium
3458 4871 3574 4931 sibi
3614 4871 3959 4943 erinacium,
4005 4867 4239 4951 quihus

2303 4972 2343 5018 a
2387 4959 2627 5020 natura
2668 4950 2973 5034 pollutus,
3016 4973 3151 5019 non
3196 4951 3454 5020 aliunde
3506 4968 3790 5035 speraret
3839 4955 4239 5019 ahlutimism

2301 5057 2497 5122 quam
2537 5058 2577 5104 a
2608 5057 2793 5103 mera
2829 5037 2956 5110 Dei
2992 5038 3202 5123 gratia
3232 5058 3351 5122 per
3377 5039 3758 5119 sanguinem
3790 5039 4235 5123 rndemptsris.

2300 5123 2474 5192 Nam
2509 5122 2760 5209 legales
2803 5122 2954 5189 illae
2995 5120 3402 5207 aspersiones
3450 5147 3574 5187 nen
3618 5127 3883 5191 mineris
3923 5127 4235 5195 :sementi

2300 5229 2495 5294 quam
2552 5207 2871 5279 sacrificia
2925 5211 3211 5293 fuerunt,
3268 5229 3542 5294 quorum
3606 5211 3710 5275 hin.
3757 5211 3903 5275 finis
3951 5224 4103 5290 erat.
4163 5227 4239 5279 ut

3835 5315 3902 5367 33}
