5059 6059
275 338 393 405 317

271 549 654 596 manusua.
745 528 845 595 14.
906 528 1324 595 Etmittebat
1379 549 1517 595 eam
1574 529 1947 609 inlebetevm
2007 529 2217 596 velia

270 616 532 696 labrum,
595 615 692 681 vel
753 616 826 681 in
888 615 1155 681 ahenum
1242 617 1341 682 vel
1403 617 1471 680 in
1536 616 1861 683 cacabum.-
1925 621 1980 681 et
2037 635 2219 682 omne

271 702 433 785 quod
475 701 715 768 levabat
752 703 1026 782 fuscina,
1072 664 1316 767 tollebat
1355 704 1643 769 sacerdos
1683 703 1844 767 sibi.-
1898 703 1988 767 sic
2026 703 2217 782 facie·

273 789 421 856 bant
467 790 761 853 universo
800 787 1037 853 Israeli
1071 789 1447 854 venientium
1484 790 1557 854 in
1595 788 1752 854 Silo.
1846 788 1947 853 15.
1994 787 2219 853 Etiam

269 881 606 957 antequam
650 874 963 940 adolerent
1005 875 1274 955 adipem,
1329 874 1617 940 veniebat
1647 895 1813 957 puer
1854 876 2215 955 sacerdotio,

270 966 327 1027 et
379 959 621 1025 dicebat
678 960 1063 1026 immolanti:
1121 959 1235 1025 Da
1289 960 1450 1025 mihi
1509 980 1779 1034 carnem,
1848 965 1920 1023 ut
1959 980 2217 1041 coquam

268 1047 602 1113 sacerdoti.-
644 1065 771 1110 non
817 1048 985 1111 enim
1028 1045 1333 1126 accipiam
1376 1066 1421 1110 a
1462 1050 1518 1111 te
1560 1065 1810 1111 carnem
1849 1051 2074 1111 coctam
2109 1047 2218 1111 sed

267 1133 548 1199 crudam.
641 1132 743 1197 16.
801 1131 1181 1213 Dicebatque
1238 1131 1341 1196 illi
1397 1132 1764 1197 immolans.-
1834 1131 2216 1196 Incendatur

257 1219 546 1302 primum
599 1218 786 1283 iuxta
821 1237 1053 1281 morem
1094 1217 1274 1282 hodie
1315 1218 1524 1300 adeps,
1582 1222 1641 1283 et
1679 1216 1816 1282 tolle
1858 1217 1975 1282 tibi
2017 1238 2216 1300 quan-

265 1310 640 1386 tumcunque
724 1303 1039 1369 desiderat
1108 1304 1322 1367 anima
1392 1308 1521 1368 tua.
1641 1304 1763 1384 Qui
1833 1304 2215 1385 respondens

266 1392 474 1456 aiebat
538 1392 631 1454 ei:
699 1389 1147 1472 Nequaquam:
1213 1408 1379 1454 nunc
1436 1390 1602 1454 enim
1657 1387 1858 1468 dabis,
1930 1389 2216 1469 alioquin

262 1477 479 1542 tollam
531 1476 616 1540 vi.
709 1475 810 1540 17.
859 1475 1026 1539 Erat
1067 1494 1210 1558 erqo
1241 1480 1563 1555 peccatam
1595 1493 1947 1558 puerorum
1977 1473 2217 1558 prande

262 1562 461 1628 nimis
519 1581 728 1628 coram
780 1561 1053 1627 Domino
1068 1585 1087 1624 .·
1140 1562 1296 1643 qaia
1351 1559 1751 1626 detrahebant
1790 1560 2075 1626 homines
2116 1579 2216 1625 sa-

261 1648 503 1731 crificio
546 1647 835 1713 Domini.

435 1819 520 1884 In
568 1819 798 1903 primis
836 1818 943 1885 hic
985 1817 1396 1885 observanda
1440 1825 1541 1884 est
1585 1816 1871 1883 Elcanae
1914 1814 2218 1883 obedien·

261 1906 382 1985 tia,
440 1905 651 1970 filium
710 1926 899 1970 suum
958 1905 1356 1980 adducentis,
1434 1925 1509 1970 ac
1567 1905 1806 1968 summi
1862 1900 2214 1967 sacerdotis

263 1989 600 2057 custodiae
656 1991 1000 2070 tradentis,
1060 2003 1463 2075 paternoque
1516 1991 1659 2054 iure
1718 2011 1859 2054 sese
1904 1985 2213 2072 quodam·

262 2076 464 2142 modo
534 2074 918 2142 abdicantis.
1007 2076 1272 2143 Scimus
1330 2077 1503 2141 enim
1551 2096 1743 2158 quam
1792 2087 2054 2140 tenerae
2100 2093 2212 2156 pa-

264 2175 530 2228 rentum
567 2184 726 2246 erga
752 2162 986 2228 liberos
1009 2165 1285 2247 στοργαὶε
1325 2163 1709 2245 praesertim
1746 2181 1901 2245 erga
1923 2160 2212 2224 infantes

262 2249 651 2333 quibuscum
707 2248 1056 2326 colludant,
1124 2269 1286 2333 quos
1347 2270 1477 2312 non
1540 2247 1702 2313 adeo
1759 2245 1945 2312 facile
1981 2246 2212 2325 cuivis,

260 2335 485 2401 alieno
529 2335 933 2417 praesertim,
995 2336 1405 2419 permittant,
1450 2341 1525 2398 ut
1567 2352 1793 2398 eorum
1841 2331 2210 2415 praesentia

256 2431 327 2487 et
384 2429 740 2503 conspectu
796 2420 1158 2504 priventur.
1251 2419 1726 2484 Verumtamen
1772 2418 2023 2484 Elcana
2059 2438 2208 2500 pro-

254 2506 489 2573 batum
553 2507 775 2571 uxoris
836 2517 1061 2571 votum
1117 2504 1347 2588 implet
1408 2505 1749 2586 filiumque
1808 2513 2015 2568 totum
2078 2501 2207 2567 Dei

255 2593 469 2659 cultui
507 2591 620 2657 dat
655 2602 723 2657 et
767 2589 959 2657 dicat.
1026 2591 1117 2657 At
1161 2613 1308 2657 ecce
1353 2613 1484 2655 non
1529 2591 1673 2655 leve
1718 2589 2205 2666 offendiculum,

255 2678 434 2762 quod
478 2678 801 2743 nimirum
838 2677 997 2742 Heli
1038 2677 1395 2743 sacerdotis
1441 2676 1578 2756 filii,
1621 2676 2005 2758 quibuscum
2046 2695 2208 2757 puer

254 2765 371 2830 ille
438 2763 803 2830 sacerdotio
872 2764 1361 2828 ministraturus
1421 2771 1580 2840 erat,
1653 2761 1933 2843 improbi
1990 2769 2208 2826 essent

253 2863 459 2935 atque
560 2847 887 2933 flagitiosi.
977 2848 1190 2930 Quale
1278 2846 1566 2913 taedium
1650 2849 1899 2930 cepisse
1984 2846 2204 2930 ipsum

253 2938 678 3012 arbitramur,
727 2955 929 3018 quum
974 2936 1188 3000 filium
1226 2933 1775 2999 animadverteret
1812 2954 1942 2997 non
1979 2930 2204 3015 procul

252 3021 493 3089 abesse
539 3043 579 3086 a
620 3022 735 3087 via
775 3020 1179 3103 perditionis,
1226 3019 1396 3103 quod
1442 3022 1615 3084 inter
1659 3018 2207 3103 flagitiosissimos

248 3107 563 3175 homines
617 3116 683 3172 et
739 3118 1053 3190 tanquam
1098 3107 1498 3173 certissimas
1541 3116 1760 3189 pestes
1806 3117 2204 3170 versaretur.

246 3197 347 3262 At
420 3193 618 3277 longe
683 3192 812 3257 alia
877 3202 1097 3257 mente
1163 3194 1359 3257 Anna
1423 3192 1640 3276 ipsum
1706 3190 1852 3256 Deo
1909 3200 2202 3268 voverat,

248 3281 455 3365 longe
516 3280 644 3344 alio
702 3278 922 3344 auimo
980 3278 1229 3345 Elcana
1286 3288 1512 3343 votum
1570 3276 1851 3358 implens
1906 3275 2052 3340 Deo
2105 3275 2202 3340 di-

246 3375 457 3445 carat,
523 3375 681 3447 puta
734 3374 809 3429 ut
852 3366 921 3429 in
967 3365 1249 3447 puritate
1293 3364 1612 3429 educatus
1646 3361 1789 3428 Deo
1834 3382 1950 3446 per
1992 3371 2201 3426 totum

243 3453 430 3518 vitae
486 3450 883 3518 curriculum
928 3451 1296 3516 inserviret.
1386 3450 1492 3515 En
1539 3469 1695 3514 vero
1738 3448 1890 3513 Heli
1937 3446 2200 3513 domum

242 3536 902 3622 pestilentissimam:
972 3536 1147 3602 unde
1203 3544 1434 3601 votum
1480 3554 1670 3600 suum
1718 3534 1966 3600 Elcana
2009 3553 2203 3599 revo-

240 3624 448 3693 candi
510 3623 933 3698 occasionem,
1007 3641 1280 3705 eamque
1339 3621 1902 3704 speciosissimam,
1959 3619 2200 3685 habere

240 3709 626 3777 videbatur.
716 3710 814 3773 Ac
871 3727 1029 3773 sane
1072 3708 1306 3772 merito
1349 3707 1498 3790 quis
1540 3707 1889 3770 miraretur
1931 3705 2198 3789 quinam

236 3796 513 3863 Elcana
569 3814 844 3877 puerum
905 3815 944 3857 a
987 3792 1131 3858 Deo
1174 3800 1407 3858 nactus
1450 3793 1518 3856 in
1562 3791 2030 3875 flagitiosorum
2079 3790 2198 3857 ho·

228 3883 512 3949 minum
565 3879 868 3945 manibus
925 3879 1142 3961 ipsum
1202 3879 1548 3962 relinquat.
1637 3878 1843 3960 Atqui
1900 3886 1969 3942 et
2026 3877 2197 3943 hanc

226 3966 685 4035 tentationem
725 3965 972 4030 Elcana
1007 3964 1358 4048 superavit,
1401 3977 1753 4046 votumque
1787 3973 2002 4028 ratum
2028 3964 2197 4042 fecit,

222 4056 410 4122 licet
452 4051 815 4118 sacerdotis
859 4049 1124 4116 domum
1168 4050 1688 4115 confusissimam
1736 4048 2196 4131 depravatissi-

220 4157 561 4222 mamque
605 4138 1024 4219 conspiceret.
1115 4136 1367 4202 Verum
1404 4139 1576 4200 enim
1613 4156 1770 4200 vero
1804 4134 1990 4200 Deus
2027 4135 2199 4200 nihi-

221 4226 547 4294 lominus
614 4223 976 4289 beneficum
1036 4241 1105 4288 se
1163 4242 1318 4307 erga
1376 4222 1591 4305 ipsum
1649 4220 1949 4286 exhibuit
2006 4230 2200 4304 atque

221 4309 770 4386 misericordem,
817 4306 987 4392 quod
1031 4309 1102 4372 in
1146 4307 1420 4373 istarum
1460 4306 1946 4389 corruptionum
1983 4306 2195 4373 lutum

222 4397 465 4466 veluti
536 4394 905 4460 demersum
970 4391 1344 4459 Samuelem
1414 4414 1544 4458 non
1613 4393 1915 4475 permisit
1978 4403 2198 4458 tamen

222 4484 456 4560 infici,
506 4491 576 4548 et
618 4501 748 4547 non
795 4480 985 4545 aliter
1029 4480 1204 4545 rexit
1247 4489 1316 4544 et
1357 4490 1608 4544 tutatus
1651 4491 1751 4544 est
1794 4497 1991 4561 quam
2037 4480 2089 4544 si
2129 4480 2196 4543 in

220 4571 458 4637 bonos
506 4587 763 4632 morum
805 4565 1099 4631 doctores
1142 4565 1496 4643 incidisset,
1541 4564 1711 4648 quod
1757 4564 1950 4649 longe
1986 4564 2199 4629 maius

220 4659 373 4725 fuit
444 4653 836 4720 beneficium
903 4672 1097 4734 quam
1164 4652 1220 4716 si
1295 4650 1482 4716 aliter
1539 4650 1937 4733 contigisset.
2026 4649 2195 4716 Nam

218 4765 393 4828 age,
456 4740 630 4806 filios
687 4738 841 4804 Heli
901 4737 1283 4822 angelorum
1341 4738 1551 4803 instar
1610 4736 1810 4801 fuisse
1853 4736 2038 4802 nobis
2082 4737 2197 4800 fin·

219 4847 514 4916 gamus,
561 4835 757 4908 atque
793 4824 953 4890 adeo
989 4823 1478 4906 sanctimoniae,
1523 4822 1806 4907 pudoris,
1844 4821 2197 4887 modestiae

218 4913 623 5001 speculum,
713 4931 870 4976 sane
957 4907 1285 4978 Samuelis
1373 4908 1820 4974 educationem
1910 4909 2195 4973 futuram

218 5000 648 5068 sanctiorem
696 4995 1158 5077 melioremque
1203 5015 1396 5059 nemo
1433 4995 1579 5077 pius
1618 4992 2037 5059 diffitebitur:
2083 4993 2197 5058 sed

218 5086 606 5153 hominum
670 5081 1029 5147 industriae
1096 5089 1163 5145 et
1226 5080 1430 5145 labori
1490 5081 1731 5146 tributa
1789 5079 1932 5145 laus
1985 5080 2199 5145 omnis

218 5169 650 5239 tantundem
698 5168 778 5233 de
824 5169 949 5234 Dei
993 5166 1203 5249 gratia
1247 5165 1657 5232 detraxisset.
1747 5164 1998 5233 Contra
2040 5186 2200 5231 vero

223 5280 461 5344 quum
522 5259 595 5322 in
654 5254 1151 5339 flagitiosorum,
1208 5253 1628 5337 perditorum,
1699 5249 1825 5317 Dei
1869 5261 2199 5336 contemp·

1623 340 1723 406 IN
1768 339 1824 407 I.
1869 339 2051 407 LIB.
2099 339 2502 408 SAMUEL.
2549 340 2748 408 CAP.
2792 339 2884 406 H.

4131 342 4259 410 318

2322 541 2558 611 torum,
2626 529 3022 610 helluonum,
3095 536 3547 611 scortatorum,
3617 529 3897 614 denique
3941 530 4022 596 ad
4068 551 4264 597 omne

2318 618 2644 702 flagitium
2707 615 3090 699 proclivium
3152 616 3491 681 hominum
3543 618 3870 682 consortio
3927 617 4262 699 educatus,

2322 719 2541 770 tamen
2602 703 2968 785 inpollutus
3011 724 3051 768 a
3093 701 3237 767 Deo
3281 715 3726 778 conservatur,
3791 724 4007 768 annon
4055 705 4264 787 speci-

2321 791 2443 855 alis
2493 790 2744 873 gratiae
2781 789 3225 853 testimonium
3265 788 3436 853 istud
3474 789 3668 872 longe
3701 799 3800 853 est
3836 790 4266 856 excellentius

2320 886 2517 958 atque
2575 874 3159 940 commendabilius
3216 895 3413 957 quam
3460 878 3516 940 si
3562 873 3797 938 melior
3830 876 4157 940 institutio
4201 876 4264 942 ei

2320 959 2747 1044 contigisset?
2810 960 2988 1028 Hinc
3034 961 3374 1039 discamus,
3433 961 3621 1027 nobis
3664 959 3809 1025 Deo
3851 962 4103 1027 servire
4145 982 4264 1026 cu·

2322 1047 2670 1132 pientibus‚
2731 1045 3059 1110 diabolum
3126 1047 3333 1111 multa
3377 1059 3530 1112 ante
3574 1045 3794 1112 oculos
3831 1047 4261 1128 obiecturum,

2319 1135 2556 1219 quibus
2594 1152 2633 1196 a
2672 1134 3001 1214 proposito
3047 1133 3516 1209 dimoveamur,
3563 1132 3689 1197 nisi
3735 1133 3803 1196 in
3850 1145 4071 1198 sancto
4117 1155 4266 1216 pro·

2321 1224 2530 1303 posito
2558 1219 2831 1283 firmiter
2852 1239 3364 1303 perseveremus.
3430 1218 3611 1284 Nihil
3638 1218 3927 1302 aggredi,
3970 1219 4260 1301 inquam,

2321 1321 2437 1371 aut
2481 1306 2815 1388 suscipere
2859 1324 3154 1386 unquam
3201 1325 3319 1368 nos
3362 1326 3552 1388 posse
3596 1317 3846 1370 certum
3892 1320 3989 1369 est
4028 1306 4107 1369 ad
4136 1305 4262 1369 Dei

2321 1391 2617 1476 gloriam,
2698 1391 2855 1472 quin
2923 1391 3351 1455 reluctantem
3414 1391 3725 1474 variaque
3792 1388 4262 1473 impedimenta

2320 1477 2747 1542 suscitantem
2795 1472 3119 1540 diabolum
3157 1478 3594 1559 experiamur.
3669 1475 3892 1556 Quare
3935 1475 4262 1542 discamus

2322 1563 2522 1628 nullis
2568 1562 2893 1627 terriculis
2938 1583 2977 1626 a
3022 1563 3353 1646 proposito
3397 1563 3748 1628 dimoveri:
3822 1559 3939 1626 sed
3975 1563 4263 1627 Elcanae

2321 1648 2696 1730 exemplum
2769 1648 3105 1712 imitantes
3172 1669 3592 1731 quoscunque
3665 1668 3852 1712 casus
3911 1668 4257 1731 superare:

2320 1743 2516 1817 atque
2562 1734 2739 1811 adeo,
2785 1735 2838 1797 si
2900 1734 3065 1798 forte
3126 1753 3248 1798 nos
3290 1735 3355 1798 in
3402 1733 3761 1816 flagitiosos
3805 1744 3872 1798 et
3927 1733 4261 1816 improbos

2320 1821 2614 1885 homines
2659 1818 2945 1883 incidere
2989 1820 3355 1903 contigerit,
3412 1820 3552 1884 Deo
3600 1840 3717 1884 nos
3777 1819 4259 1900 commendare,

2319 1915 2395 1971 ut
2462 1903 3006 1989 quemadmodum
3068 1904 3465 1980 Samuelem,
3532 1905 3628 1969 ita
3685 1914 3752 1970 et
3806 1925 3925 1969 nos
3990 1905 4262 1988 spiritus

2320 1994 2420 2057 sui
2480 1992 2697 2074 gratia
2754 2003 2817 2054 et
2879 1992 3122 2055 virtute
3181 2002 3501 2075 protegat,
3569 2013 3653 2055 ne
3720 2011 4005 2072 unquam
4066 1991 4258 2056 malis

2318 2075 2638 2159 exemplis
2667 2077 2734 2140 in
2783 2076 3084 2141 ultimum
3112 2078 3381 2142 exitium
3421 2076 3895 2161 pertrahamur,
3941 2087 4261 2141 nostram-

2317 2185 2442 2246 que
2499 2163 2951 2227 inflrmitatem
3009 2185 3126 2227 nos
3183 2165 3392 2247 magis
3451 2175 3649 2246 atque
3706 2162 3917 2246 magis
3973 2160 4257 2240 edoceat,

2314 2261 2390 2314 ut
2434 2259 2617 2313 tanto
2674 2246 3009 2313 ardentius
3062 2258 3129 2314 et
3177 2271 3329 2314 cum
3386 2251 3633 2314 maiore
3690 2245 4125 2314 sollicitudine
4174 2245 4258 2311 ad

2312 2335 2529 2417 ipsum
2593 2333 3062 2418 confugiamus.
3154 2333 3347 2399 Absit
3390 2348 3608 2400 autem
3654 2334 4058 2399 occasionem
4103 2332 4261 2399 hinc

2312 2419 2466 2485 inde
2531 2418 2960 2498 discurrendi,
3030 2427 3096 2485 et
3160 2421 3489 2486 consortia
3553 2421 3819 2504 quaevis
3878 2419 4115 2501 quibus
4174 2416 4259 2484 ad

2312 2506 2476 2571 vitia
2520 2505 2949 2571 sollicitemur
3020 2505 3500 2589 frequentandi,
3573 2518 3876 2589 putemus
3935 2504 4257 2569 oblatam:

2313 2593 2425 2657 sed
2472 2592 2694 2675 potius
2738 2592 3094 2673 admoneri,
3138 2602 3214 2656 ut
3259 2594 3316 2657 si
3351 2593 3515 2657 forte
3540 2614 3657 2656 nos
3701 2592 3947 2656 incauti
3985 2610 4104 2674 pro
4141 2612 4260 2656 au-

2314 2677 2476 2762 gelis
2520 2688 2588 2742 et
2630 2677 2953 2761 religiosis
2996 2677 3370 2743 hominibus
3413 2681 3481 2743 in
3542 2678 3906 2763 flagitiosos
3950 2676 4259 2743 incideri-

2311 2784 2477 2839 mus,
2526 2774 2669 2827 tum
2714 2763 2793 2826 ad
2824 2763 3040 2828 Deum
3084 2764 3561 2847 confugiamus,
3597 2777 3793 2846 atque
3840 2763 3979 2826 eius
4023 2763 4092 2826 in
4139 2782 4260 2828 nos

2313 2851 2597 2934 gratiam
2644 2861 2712 2914 et
2769 2850 3265 2915 beneficentiam
3311 2871 3667 2934 speremus,
3734 2858 3912 2912 certo
3958 2847 4257 2930 persuasi

2311 2938 2446 3001 fore
2488 2947 2565 2999 ut
2609 2954 2949 3018 nunquam
2994 2934 3134 3018 ipse
3170 2955 3288 3000 nos
3333 2936 3670 3020 permittat
3726 2934 3950 3017 pravis
3993 2953 4257 2999 consor-

2313 3022 2421 3086 tiis
2465 3020 2666 3101 infici,
2710 3032 2909 3104 atque
2954 3021 3024 3085 in
3061 3021 3364 3087 ultimum
3414 3023 3683 3087 exitium
3731 3019 4043 3104 pertrahi.

2482 3106 2834 3173 Caeterum
2900 3126 3100 3188 quum
3169 3106 3276 3173 hic
3336 3106 3462 3189 filii
3523 3105 3673 3172 Heli
3735 3106 4061 3188 dicuntur,
4124 3102 4254 3184 filii

2310 3191 2544 3271 Belial,
2589 3191 2653 3256 id
2701 3203 2803 3256 est
2849 3213 3123 3276 nequam
3162 3203 3226 3258 et
3264 3193 3589 3278 flagitiosi,
3636 3213 3719 3256 ne
3743 3191 3888 3256 leve
3924 3189 4250 3274 quoddam

2308 3278 2576 3343 illorum
2640 3279 2870 3343 vitium
2931 3280 3402 3360 existimemus,
3463 3275 4007 3362 quemadmodum
4055 3296 4250 3340 nemo

2305 3364 2482 3430 inter
2535 3363 2847 3429 mortales
2901 3364 3045 3430 sine
3098 3365 3372 3430 crimine
3427 3365 3627 3444 vivit,
3686 3361 3859 3446 quod
3916 3381 4251 3445 nunquam

2308 3470 2451 3514 eam
2498 3470 2667 3534 quae
2702 3451 3059 3533 requiritur
3103 3450 3566 3533 perfectionem
3614 3467 4068 3532 assequamur:
4134 3445 4248 3512 sed

2304 3537 2522 3619 potius
2581 3535 2795 3600 notari
2840 3536 3164 3618 quandam
3209 3537 3540 3619 insignem
3584 3535 4085 3618 improbitatem,
4149 3540 4249 3598 at-

2303 3642 2429 3704 que
2499 3619 2630 3685 Dei
2695 3631 3138 3704 contemptum
3214 3631 3581 3687 teneamus.
3671 3621 3821 3685 Vox
3890 3620 4065 3685 enim
4131 3618 4251 3683 illa

2302 3706 2535 3786 Belial,
2608 3706 2997 3789 depravatos
3055 3719 3121 3771 et
3178 3706 3689 3773 inemendabiles
3744 3705 4063 3789 designat,
4138 3704 4253 3788 qui

2302 3792 2483 3859 nullo
2540 3793 2794 3876 pudore
2850 3805 3289 3874 moverentur,
3347 3792 3530 3858 nullo
3583 3793 3709 3857 Dei
3790 3804 3968 3856 metu
4014 3790 4255 3856 retine-

2299 3887 2549 3958 rentur,
2593 3877 2706 3943 sed
2736 3878 2858 3943 Dei
2903 3889 2971 3944 et
3014 3878 3358 3944 hominum
3403 3888 3885 3960 contemptores
3936 3876 4252 3960 pudorem

2299 3984 2562 4031 omnem
2606 3972 2802 4047 atque
2845 3973 3093 4029 metum
3130 3965 3531 4031 abiecissent.
3595 3964 3743 4029 Non
3789 3982 3947 4047 ergo
3989 3971 4250 4028 tantum

2300 4051 2660 4134 flagitiosos
2718 4061 2787 4115 et
2829 4051 3157 4133 improbos
3201 4051 3402 4117 fuisse
3447 4049 3601 4115 Heli
3644 4049 3848 4125 filios,
3890 4059 3965 4114 ut
4008 4049 4249 4114 multos

2300 4136 2528 4204 videas
2588 4136 2668 4201 ad
2726 4137 2992 4219 quaevis
3051 4137 3212 4201 vitia
3265 4135 3604 4219 proclives,
3680 4132 3796 4202 sed
3854 4135 3924 4199 in
4000 4134 4252 4199 malitia

2303 4224 2720 4288 confirmatos
2743 4223 3027 4287 frontem
3053 4221 3135 4287 ad
3179 4242 3375 4288 omne
3399 4221 3611 4288 scelus
3647 4220 4081 4305 perfricuisse,
4127 4240 4250 4303 pu-

2302 4307 2654 4391 doremque
2698 4328 2960 4372 omnem
3006 4308 3316 4373 abiecisse
3360 4308 3664 4386 sciamus,
3705 4317 3902 4389 atque
3941 4305 4249 4371 emenda·

2302 4396 2501 4459 tionis
2559 4392 2812 4458 nullum
2870 4392 3131 4478 signum
3196 4392 3468 4460 dedisse.
3558 4392 3921 4474 Quantum,
3986 4411 4246 4473 quaeso,

2302 4481 2420 4546 toti
2486 4477 2730 4563 populo
2802 4478 3284 4558 offendiculum,
3351 4478 3738 4555 sacerdotes,
3806 4478 4101 4561 proxime
4164 4474 4248 4540 ad

2302 4565 2521 4631 Deum
2584 4564 2985 4644 accedentes,
3044 4575 3110 4631 et
3153 4586 3270 4649 pro
3316 4564 3556 4650 populo
3602 4564 4100 4639 intercedentes,
4144 4568 4246 4626 at-

2300 4673 2426 4734 que
2485 4650 2647 4715 adeo
2692 4650 2964 4717 Domini
3021 4653 3230 4717 nostri
3288 4651 3479 4717 Iesus
3524 4650 3776 4716 Christi
3824 4651 4089 4734 figuras,
4145 4656 4244 4711 ta·

2303 4758 2456 4803 men
2489 4738 2702 4803 omnis
2746 4737 2998 4821 flagitii,
3041 4738 3347 4816 malitiae,
3395 4736 3847 4821 perversitatis
3875 4747 4069 4817 atque
4091 4753 4246 4798 con·

2302 4823 2575 4889 fusionis
2637 4842 2778 4888 esse
2835 4823 3169 4889 conscios?
3254 4823 3479 4905 Quare
3538 4819 3902 4886 cavendum
3964 4837 4248 4883 summo·

2301 4930 2455 4992 pere
2512 4930 2597 4973 ne
2659 4908 2996 4974 hominum
3062 4911 3411 4975 autoritate
3456 4929 3495 4973 a
3552 4917 3729 4972 recta
3790 4905 3896 4972 via
3952 4925 4243 4988 unquam

2302 4993 2769 5076 dimoveamur,
2834 4993 2967 5059 illis
3027 5016 3189 5079 quos
3246 4997 3390 5060 viae
3453 4991 3650 5058 duces
3708 5012 3850 5057 esse
3917 4991 4245 5070 decuerat,

2301 5080 2385 5147 ad
2440 5079 2764 5163 quaelibet
2805 5080 3058 5165 flagitia
3108 5102 3230 5146 nos
3272 5100 3390 5146 suo
3433 5078 3732 5163 exemplo
3787 5077 4244 5143 invitantibus.

2298 5167 2473 5232 Nam
2518 5167 2574 5231 si
2620 5187 2660 5231 a
2704 5167 3089 5233 mortalibus
3147 5166 3313 5231 fides
3374 5175 3597 5230 nostra
3654 5163 3988 5247 penderet,
4046 5182 4244 5246 quam

2300 5253 2563 5319 infirmo
2598 5253 2824 5332 fulcro,
2870 5273 3129 5336 quaeso,
3176 5248 3542 5318 niteretur?
3603 5248 4048 5331 Quamobrem
4095 5248 4247 5313 licet
