5059 6059
335 329 470 397 453

1712 334 1815 401 IN
1856 335 1913 401 1.
1958 334 2141 402 LIB.
2184 334 2588 402 SAMUEL.
2631 334 2828 402 OAP.
2873 335 2956 402 V.

4207 344 4338 411 454

332 529 786 606 agnoscentes,
827 542 989 586 num
1026 520 1174 588 ideo
1213 523 1541 606 supplices
1574 523 1727 588 facti
1764 524 2024 590 veniam
2060 522 2286 608 depre-
2386 522 2554 588 boli:
2619 544 2820 606 quum
2867 529 3098 591 contra
3163 547 3424 592 necesse
3479 529 3567 595 sit
3633 530 3947 614 quidquid
4012 532 4330 602 adversus

330 618 593 687 cantur,
643 617 713 674 et
757 608 1276 674 benevolentiam
1321 610 1526 692 ipsius
1576 610 1924 676 immutata
1967 611 2282 692 supersti-

331 697 519 760 tione
575 696 643 759 in
699 693 1031 760 sincerum
1088 694 1337 761 cultum
1393 695 1739 762 nomiliam
1781 696 1905 761 sibi
1965 695 2279 762 student?

330 782 623 847 Minime
665 781 979 864 gentium.
1061 781 1232 846 Nam
1278 781 1335 845 si
1378 801 1524 846 sese
1566 783 2036 865 explorassent,
2080 803 2279 865 quum

330 867 669 952 potentiae
731 866 994 932 divinae
1050 873 1188 930 tam
1243 887 1551 950 expressa
1608 879 1675 933 et
1724 867 2055 933 evidentia
2098 870 2281 934 testi-

328 953 561 1019 monia
615 951 968 1019 adversum
1029 973 1100 1017 se
1156 964 1307 1035 post
1362 963 1619 1036 captam
1675 974 1894 1021 arcam
1939 955 2279 1034 sentirent,

331 1040 634 1106 venisset
666 1038 828 1121 ipsis
861 1039 930 1102 in
967 1048 1255 1103 ment-em
1294 1038 1456 1104 haec
1490 1041 1816 1124 cogitatio,
1855 1040 2026 1105 hanc
2060 1061 2276 1106 arcam

328 1147 483 1192 esse
543 1125 684 1190 veri
728 1123 858 1189 Dei
917 1124 1244 1206 quandam
1286 1127 1565 1210 figuram
1613 1136 1727 1191 aut
1771 1126 2146 1209 imaginem,
2203 1145 2280 1191 ac

330 1210 624 1296 proinde
679 1208 836 1293 quid
893 1210 1017 1275 sibi
1075 1211 1247 1275 facto
1312 1221 1484 1277 esset
1540 1231 1704 1294 opus
1768 1212 2278 1295 requisivissent.

328 1302 439 1364 Ac
484 1295 760 1380 proinde
803 1316 992 1360 suam
1028 1296 1295 1379 quidem
1330 1297 1790 1363 idolomaniam
1838 1318 1966 1381 qua
2008 1306 2102 1363 tot
2143 1299 2278 1362 iam

327 1384 602 1450 saecula
645 1381 1194 1447 dementabantur
1237 1384 1657 1467 agnovissent
1723 1403 1889 1465 quae
1927 1404 2071 1449 sese
2115 1385 2278 1449 satis

327 1469 519 1535 illius
567 1468 953 1551 impotentia
995 1487 1186 1551 quem
1233 1489 1352 1551 pro
1394 1468 1515 1534 deo
1581 1432 1882 1535 colebant
1935 1470 2277 1552 patefacie-

326 1555 484 1620 bat:
528 1554 765 1619 deinde
809 1553 956 1636 quis
1003 1575 1157 1619 vero
1210 1556 1351 1620 Deo
1394 1555 1606 1621 cultus
1655 1562 1826 1620 esset
1870 1556 2275 1635 tribuendus,

327 1661 538 1725 quam
561 1639 918 1723 religionen
945 1640 1184 1723 populo
1205 1660 1324 1705 suo
1353 1641 1893 1724 praescripsisset,
1928 1639 2278 1725 diligenter

326 1727 850 1810 inquisivissent.
941 1730 1156 1808 Atque
1211 1725 1334 1791 hoc
1378 1728 1644 1793 unicum
1692 1748 1919 1793 verum
1964 1727 2279 1793 adversus

326 1813 668 1879 immissos
712 1832 753 1876 a
796 1812 940 1876 Deo
983 1814 1240 1877 morbos
1284 1812 1515 1878 fnisset
1559 1811 1935 1878 remedium.
2024 1812 2277 1877 Verum

330 1899 464 1965 etsi
506 1907 753 1982 quanta
810 1899 894 1962 sit
938 1899 1226 1979 potentia
1262 1907 1626 1975 senserunt,
1689 1920 1820 1964 non
1865 1898 2013 1964 ideo
2055 1907 2277 1964 tamen

330 2006 509 2069 quae
565 1984 780 2050 virtus
821 1983 1026 2066 ipsius
1069 1983 1522 2067 quaesierunt:
1582 1999 1779 2067 atque
1822 2006 2058 2069 parum
2120 1985 2278 2048 moti

331 2083 502 2138 sunt
540 2071 681 2136 sive
742 2068 908 2134 bene
963 2070 1103 2134 sive
1155 2069 1333 2135 male
1392 2072 1478 2135 sit
1532 2071 1723 2154 ipsis:
1784 2071 1863 2137 de
1918 2070 2279 2154 ablegando

331 2178 377 2222 a
423 2178 497 2223 se
536 2155 763 2240 procul
806 2155 1112 2238 cogitant,
1159 2166 1227 2220 et
1282 2155 1454 2238 quod
1515 2158 1617 2220 vel
1661 2157 1854 2222 inviti
1910 2156 2137 2223 vident
2181 2156 2280 2222 vi-

333 2242 498 2308 dere
541 2242 793 2308 nolunt.
862 2239 1040 2321 Quin
1078 2241 1210 2305 imo
1247 2242 1451 2308 stulta
1485 2262 1603 2308 sua
1638 2251 1706 2306 et
1748 2263 1924 2308 vana
1967 2242 2280 2325 religione

330 2328 587 2394 malum
655 2328 828 2392 malo
894 2326 1250 2405 cumulant,
1334 2338 1593 2392 tantum
1660 2328 1843 2393 abest
1909 2336 1982 2393 ιιι
2055 2328 2280 2411 poenis

326 2413 791 2492 emendentur,
849 2419 919 2477 et
978 2411 1189 2496 plagis
1248 2434 1289 2478 a
1334 2414 1476 2477 Deo
1534 2413 1848 2480 immissis
1892 2413 2280 2480 deficiantur

325 2509 399 2566 et
483 2498 917 2565 humilientur
994 2502 1119 2564 sub
1188 2499 1444 2581 potenti
1507 2520 1705 2563 manu
1776 2501 1998 2583 ipsius,
2081 2520 2280 2583 quam

324 2597 608 2670 propter
641 2584 1026 2668 iniquitates
1059 2605 1212 2649 suas
1247 2594 1314 2649 et
1350 2604 1543 2651 verae
1579 2585 1915 2669 religionis
1949 2594 2281 2668 contemp-

324 2685 477 2738 tum
523 2671 755 2737 duram
802 2691 880 2735 ex
932 2669 1328 2735 criebantur.
1417 2669 1684 2749 Contra,
1730 2671 1904 2753 quod
1947 2671 2274 2736 duriorem

323 2778 608 2824 manum
653 2756 796 2822 eius
840 2777 879 2821 a
928 2776 1187 2822 versum
1233 2775 1305 2821 se
1341 2756 1666 2839 deumque
1722 2778 1919 2821 suum
1963 2759 2278 2836 sentiunt,

323 2843 409 2910 de
448 2864 525 2909 eo
585 2841 936 2926 relegando
990 2843 1301 2923 cogitant.
1388 2842 1496 2906 En
1556 2862 1714 2925 ergo
1758 2842 1911 2925 quid
1957 2842 2279 2909 increduli

322 2951 410 2996 ex
456 2949 656 2995 sensu
697 2937 767 2992 et
809 2927 1331 3010 apprehensione
1362 2927 1660 2992 infinitae
1697 2929 2024 3011 potentiae
2057 2949 2281 2995 conse-

320 3027 650 3100 quantur:
696 3033 831 3078 non
876 3013 1212 3078 meliorem
1256 3034 1415 3078 sane
1460 3028 1765 3093 mentem,
1811 3036 1941 3079 non
1986 3012 2275 3080 studium

320 3098 766 3185 cognoscendi
809 3098 1021 3183 ipsius
1063 3100 1265 3178 verbi,
1323 3107 1391 3164 et
1446 3100 1662 3166 cultus
1714 3121 1842 3182 quo
1897 3100 2082 3165 decet
2123 3121 2275 3166 eum

321 3188 633 3254 homines
676 3185 980 3250 venerari
1023 3197 1087 3249 et
1130 3185 1360 3266 colere,
1404 3205 1536 3249 non
1582 3185 1787 3250 animi
1833 3186 2275 3267 deiectionem,

320 3293 458 3359 qna
511 3272 838 3337 maiestati
892 3270 1018 3334 Dei
1075 3270 1521 3353 subiiciantur,
1575 3269 1688 3337 sed
1752 3275 1971 3353 potius
2028 3282 2274 3337 metum

320 3356 657 3445 quendam
700 3369 767 3422 et
813 3356 1145 3420 horrorem
1183 3358 1562 3438 concipiunt
1602 3359 2014 3440 praesentiae
2048 3359 2274 3442 ipsius,

320 3465 527 3529 quam
572 3465 693 3527 pro
738 3440 987 3508 viribus
1025 3442 1316 3526 effugere
1361 3445 1684 3518 nituntur,
1733 3442 2080 3525 Deumque
2124 3464 2273 3526 pro·

320 3531 432 3597 cul
492 3552 536 3595 a
589 3551 680 3608 se,
735 3528 793 3594 si
850 3537 1132 3611 possent,
1190 3529 1562 3592 amandare.
1650 3529 1880 3612 Neque
1938 3550 2112 3608 vere,
2180 3530 2273 3594 fa-

320 3627 491 3693 teor,
553 3636 782 3680 omnes
840 3614 1067 3679 eadem
1137 3614 1385 3678 ratione
1442 3613 1660 3678 Deum
1718 3636 1758 3680 a
1813 3636 1883 3680 se
1947 3616 2270 3692 reiiciunt,

320 3724 559 3769 verum
597 3712 819 3764 tamen
854 3701 1223 3782 quicunque
1247 3700 1418 3763 serio
1456 3700 1720 3765 divinae
1745 3700 2051 3765 bonitatis
2074 3711 2272 3784 gustu

322 3810 463 3853 non
529 3786 930 3865 afficiuntur,
997 3806 1208 3867 neque
1250 3784 1377 3850 Dei
1443 3787 1675 3867 spiritu
1742 3798 2084 3869 reguntur,
2145 3807 2270 3869 quo

325 3875 497 3938 duce
558 3874 685 3954 ipsi
764 3871 1212 3951 subiicientur,
1288 3871 1685 3937 Philistaeos
1750 3871 1872 3938 hac
1949 3873 2018 3936 in
2084 3882 2271 3954 parte

320 3960 688 4026 imitantur.
794 3957 1116 4023 Latebras
1186 3957 1431 4041 quippe
1502 3967 1571 4022 et
1633 3958 1877 4042 effugia
1948 3956 2272 4040 quaelibet

318 4066 448 4131 pro
511 4045 760 4110 viribus
817 4053 1159 4124 quaerunt,
1227 4063 1309 4107 ne
1372 4045 1438 4108 in
1498 4043 1627 4108 Dei
1686 4057 2098 4127 conspectum
2160 4065 2269 4109 ve-

321 4133 532 4211 niant,
590 4140 659 4195 et
712 4129 919 4211 ipsius
961 4126 1202 4194 iudicio
1254 4128 1610 4194 sistantur:
1667 4128 1780 4194 sed
1837 4130 2009 4194 inter
2049 4129 2268 4193 Deum

317 4228 386 4283 et
433 4217 613 4299 ipsos
657 4216 922 4299 longum
984 4214 1408 4280 intervallum
1470 4216 1921 4280 interiiciatur.
2008 4214 2268 4297 Dignus

316 4303 778 4369 observatione
816 4302 1014 4378 locus,
1056 4321 1139 4366 ex
1184 4322 1309 4382 quo
1354 4300 1479 4365 Dei
1526 4301 1882 4383 potentiam
1929 4300 2021 4364 ita
2065 4302 2268 4367 disca-

316 4411 471 4455 mus
515 4389 782 4465 sentire,
828 4406 910 4450 ne
956 4387 1190 4451 terrori
1237 4386 1424 4452 nobis
1467 4386 1581 4450 illa
1624 4387 1729 4465 sit,
1772 4389 1856 4451 ad
1890 4386 2266 4469 fugiendam

318 4479 465 4541 eius
526 4472 983 4556 praesent-iam,
1049 4481 1116 4536 et
1170 4472 1390 4554 procul
1453 4472 1535 4536 ab
1598 4472 1743 4555 ipso
1812 4472 2265 4538 recedendum.

317 4561 580 4625 Verum
637 4569 715 4624 ut
773 4559 1313 4640 omnipotentiam
1358 4558 1499 4623 eius
1544 4568 1986 4641 agnescentes,
2046 4578 2264 4641 prece-

313 4669 469 4712 mur
513 4666 666 4710 eum
714 4653 790 4708 ut
834 4644 1035 4707 nostri
1083 4645 1389 4708 misertus
1445 4664 1595 4710 cum
1639 4665 1715 4708 eo
1759 4645 1827 4708 in
1874 4646 2082 4725 gratia
2124 4663 2267 4709 esse

314 4732 664 4817 possimus,
724 4749 854 4813 quo
914 4730 1053 4794 eius
1113 4731 1402 4813 potentia
1459 4730 1900 4811 sublevemur,
1958 4751 2084 4812 qua
2141 4730 2263 4794 im-

311 4818 505 4904 probi
553 4816 1030 4898 deprimuntur,
1078 4838 1276 4900 quum
1317 4817 1739 4898 pervicaciter
1773 4826 1839 4880 et
1883 4825 2266 4898 arroganter

312 4906 638 4970 adversus
674 4904 814 4967 eius
852 4903 1254 4966 maiestatem
1291 4904 1674 4977 efferuntur,
1721 4912 1787 4966 et
1821 4901 2026 4966 veluti
2060 4921 2261 4966 cornu

311 5003 539 5076 petere
584 4988 757 5054 velle
800 4987 1128 5053 videntur.
1198 4987 1292 5051 At
1326 5009 1483 5053 sane
1518 4988 1745 5053 irritus
1788 4987 2001 5052 omnis
2035 5008 2261 5052 eorum

309 5090 628 5144 conatus:
698 5093 850 5138 nam
919 5074 1026 5138 vel
1084 5073 1278 5137 inviti
1338 5074 1463 5138 Dei
1529 5094 1795 5138 manum
1842 5073 2260 5138 durissimam

305 5164 763 5247 experientur,
824 5160 929 5225 cui
988 5159 1173 5224 nulla
1216 5179 1321 5223 res
1364 5170 1599 5236 creata,
1658 5160 1840 5225 nulla
1900 5160 2003 5224 vis
2052 5180 2259 5242 quan·

305 5260 649 5334 meunque
694 5247 1030 5327 restiterit,
1076 5267 1204 5312 non
1248 5246 1371 5329 ipsi
1418 5245 1696 5329 denique
1735 5245 2086 5311 infernales
2121 5243 2260 5310 dia-

2383 610 2567 675 illam
2609 610 2900 687 effertur,
2944 611 3220 693 deprimi
3262 621 3331 678 et
3394 615 3721 681 contundi.
3812 616 4037 698 Quare
4079 630 4333 688 certum

2385 705 2503 776 est,
2548 716 2776 760 omnes
2811 716 2920 761 eos
2957 697 3072 779 qui
3106 697 3237 763 Dei
3272 702 3636 782 potentiam
3671 705 4015 785 senserint,
4059 715 4126 771 et
4162 706 4330 772 nihi-

2381 780 2667 846 lominus
2710 791 3124 849 contumaces
3165 785 3428 864 fuerint,
3471 785 3599 852 Dei
3641 808 3908 854 manum
3949 791 4177 856 duram
4217 792 4329 858 ad·

2382 887 2614 934 versus
2658 888 2730 932 se
2773 876 3173 951 experturos.
3263 870 3510 937 Contra
3554 894 3708 939 vero
3760 875 3856 939 sic
3898 883 4325 960 agnoscentes

2380 952 2510 1018 Dei
2554 953 2939 1035 potentiam,
2995 963 3071 1020 ut
3129 955 3403 1020 eandem
3459 960 3817 1041 requirant,
3877 961 3939 1026 ei
3982 983 4052 1028 se
4095 974 4326 1046 sponte

2381 1038 2746 1117 subiicient,
2802 1049 2868 1104 et
2911 1039 2992 1104 ad
3039 1041 3180 1107 eius
3234 1042 3616 1126 obsequium
3662 1056 4078 1131 componant,
4136 1060 4214 1114 ut
4254 1049 4338 1116 in·

2381 1123 2667 1190 filiorum
2724 1124 2943 1190 album
2992 1126 3175 1191 Deus
3216 1148 3329 1192 eos
3373 1142 3725 1208 recenseat,
3787 1152 3918 1196 non
3957 1133 4149 1198 modo
4192 1156 4322 1202 non

2381 1209 2612 1274 duram
2658 1210 2739 1275 ad
2785 1231 2857 1276 se
2900 1211 3398 1294 opprimendum
3446 1215 3572 1279 Dei
3618 1238 3904 1295 manum,
3950 1219 4063 1283 sed
4107 1223 4322 1304 pot-ius

2382 1296 2639 1362 facilem
2686 1306 2755 1361 et
2811 1306 3177 1380 promptam
3234 1298 3317 1363 ad
3363 1299 3838 1367 sublevandum
3882 1314 3949 1368 et
3992 1306 4321 1372 sustinen-

2381 1381 2536 1447 dum
2605 1403 2930 1448 sensuros.
3033 1386 3255 1466 Atque
3318 1385 3513 1452 huius
3576 1387 3859 1470 exempli
3924 1402 4169 1472 quanta
4233 1393 4322 1457 sit

2379 1468 2630 1533 utilitas
2666 1489 2748 1532 ex
2791 1489 2990 1550 supra
3033 1468 3223 1535 dictis
3265 1480 3569 1553 apparet:
3617 1494 3819 1556 quare
3849 1495 4050 1557 quum
4074 1477 4322 1544 Philis-

2379 1562 2675 1618 taeorum
2736 1574 3025 1620 crassum
3085 1554 3275 1620 illum
3352 1577 3639 1622 errorem
3700 1561 4171 1642 conspicimus,
4236 1584 4321 1630 ex

2379 1660 2457 1705 eo
2502 1640 2848 1717 discamus,
2905 1640 3264 1708 sentientes
3307 1642 3433 1707 Dei
3480 1664 3747 1709 manum
3805 1645 4155 1713 adversum
4200 1669 4323 1716 nos

2380 1736 2709 1791 exsertam
2755 1735 2822 1790 et
2866 1724 2950 1791 ad
3007 1747 3252 1809 poenas
3309 1730 3739 1811 reposcendas
3804 1744 4142 1815 armatam,
4208 1755 4325 1819 ag-

2380 1832 2673 1892 noscere,
2717 1812 2877 1877 satis
2921 1832 3066 1876 eam
3101 1833 3245 1878 esse
3285 1823 3615 1897 potentem
3651 1816 3734 1880 ad
3771 1839 3890 1883 nos
3926 1818 4326 1901 pessundan-

2381 1896 2496 1962 dos
2541 1909 2608 1962 et
2652 1899 2912 1979 penitus
2954 1896 3280 1978 delendos,
3339 1898 3396 1964 si
3453 1900 3524 1965 in
3569 1903 3811 1968 nostris
3867 1904 4322 1987 iniquitatibus

2381 1982 2722 2066 indulgere
2767 1985 3282 2066 perrexerimus:
3341 2005 3416 2051 ac
3481 1985 3751 2068 proinde
3808 1989 3994 2055 nobis
4034 1990 4323 2058 oblatam

2380 2069 2783 2134 occasionem
2848 2068 3270 2151 resipiscendi
3328 2091 3415 2135 ne
3481 2072 3918 2157 negligamus,
3994 2075 4108 2142 sed
4178 2078 4322 2143 Deo

2380 2155 2596 2237 potius
2637 2153 3011 2220 obedientes
3055 2176 3173 2220 nos
3218 2157 3661 2238 praebeamus,
3700 2180 3783 2224 ne
3825 2160 3995 2225 iusta
4030 2162 4322 2229 vindicta

2380 2239 2586 2322 ipsius
2625 2241 3104 2323 opprimamur:
3158 2243 3318 2324 quin
3361 2243 3576 2325 potius
3637 2253 3710 2308 ut
3751 2244 3878 2328 ipsi
3923 2249 4323 2314 reconciliati

2380 2337 2635 2407 patrem
2694 2347 2843 2389 eum
2893 2326 3309 2409 experiamur
3366 2348 3486 2410 pro
3545 2329 3774 2410 iudice,
3834 2333 4017 2398 cuius
4073 2334 4142 2398 in
4202 2355 4321 2400 nos

2381 2412 2547 2475 iram
2592 2412 3181 2477 concitaveramus:
3235 2421 3303 2477 et
3344 2413 3484 2496 ipse
3530 2415 3814 2480 vicissim
3873 2438 3992 2483 nos
4034 2419 4322 2486 filiorum

2382 2495 2525 2561 loco
2581 2496 2837 2573 habeat,
2895 2508 3297 2581 paternaque
3339 2499 3797 2568 benevolentia
3840 2505 4320 2587 complectatur,

2382 2583 2486 2647 cui
2545 2602 2665 2647 nos
2722 2583 3012 2649 vicissim
3055 2583 3493 2665 subiiciamus,
3552 2595 3617 2651 et·
3660 2587 3757 2652 illi
3799 2588 3881 2652 ad
3927 2601 4162 2655 nutum
4207 2612 4324 2674 pa·

2381 2668 2508 2733 rati
2553 2671 2775 2734 simus.
2862 2668 2956 2734 At
3011 2691 3129 2735 cur
3186 2690 3315 2734 non
3375 2671 3723 2752 inquirunt
3770 2674 4114 2741 Philistaei
4169 2697 4321 2742 cau-

2382 2773 2521 2819 sam
2547 2753 2887 2838 plagarum
2903 2754 3139 2838 quibus
3153 2755 3659 2837 affligebantur?
3697 2758 3838 2824 Gur
3860 2781 3986 2824 non
4012 2771 4322 2845 repetunt

2381 2841 2700 2905 memoria
2754 2851 2982 2906 vetera
3039 2840 3153 2905 illa
3198 2841 3325 2906 Dei
3382 2841 3555 2908 facta
3598 2845 3831 2925 quibus
3875 2866 3947 2910 se
3992 2847 4322 2913 vindicem

2381 2935 2448 2990 et
2490 2934 2918 3008 protectorem
2976 2926 3196 3008 populi
3242 2926 3363 3004 sui,
3422 2928 3733 3010 quamdiu
3792 2930 3873 2995 ab
3916 2931 4027 2995 illo
4071 2933 4320 2998 sincere

2381 3010 2598 3077 cultus
2641 3022 2761 3090 est,
2818 3019 3092 3077 testatus
3147 3010 3290 3077 est?
3351 3011 3490 3078 Cur
3533 3034 3659 3078 non
3705 3037 3776 3080 se
3818 3015 3946 3080 Dei
4003 3018 4319 3100 populum

2380 3117 2523 3162 esse
2566 3107 2862 3179 oportere
2906 3097 3321 3177 concludunt,
3378 3107 3455 3164 ut
3511 3099 3785 3166 amicam
3822 3102 3960 3167 eius
4003 3104 4317 3169 virtutem

2379 3182 2685 3267 sentiant,
2729 3182 2980 3266 sibique
3021 3184 3394 3268 salutarem,
3448 3205 3639 3267 quam
3700 3185 3928 3251 duram
3975 3197 4041 3253 et
4083 3189 4316 3256 exitio-

2378 3288 2520 3333 sam
2584 3267 3136 3352 experiebantur?
3195 3269 3446 3335 Verum
3507 3279 3733 3336 tantus
3782 3292 3893 3338 eos
3936 3283 4169 3357 stupor
4211 3275 4314 3339 iu-

2377 3355 2570 3435 vasit,
2616 3365 2689 3419 ut
2731 3355 2959 3437 plagas
3001 3354 3263 3437 quidem
3319 3355 3628 3436 sentiant,
3688 3356 3943 3441 Deique
3985 3359 4317 3426 vindicem

2375 3460 2646 3504 manum
2691 3442 2926 3518 ferant,
2984 3440 3098 3507 sed
3143 3450 3362 3506 tamen
3405 3462 3444 3506 a
3487 3462 3613 3524 quo
3657 3443 3809 3508 illae
3855 3443 4084 3528 plagae
4127 3447 4315 3511 veni-

2376 3534 2493 3590 ant
2536 3546 2672 3589 non
2716 3526 3069 3607 inquirant.
3159 3528 3262 3591 Tu
3305 3548 3463 3592 vero
3507 3527 3691 3594 Deus
3739 3540 3995 3595 tantum
4041 3551 4081 3594 a
4125 3532 4314 3598 nobis

2374 3620 2602 3676 averte
2664 3621 3032 3695 stuporem:
3100 3621 3168 3675 et
3231 3611 3334 3676 fac
3393 3612 3534 3695 ipse
3598 3615 3833 3697 potius,
3898 3626 3977 3680 ut
4033 3617 4090 3682 si
4146 3638 4314 3700 quae

2372 3697 2614 3762 furoris
2678 3698 2772 3761 tui
2834 3697 3223 3780 divinaeque
3286 3697 3615 3763 vindictae
3679 3699 3871 3784 signa
3935 3712 4315 3785 appareant,

2371 3802 2565 3865 quam
2610 3782 2699 3849 sit
2741 3783 3140 3848 horrendum
3205 3784 3272 3848 in
3318 3781 3446 3848 Dei
3508 3783 3796 3851 viventis
3838 3807 4106 3852 manum
4152 3789 4319 3855 inci-

2372 3868 2525 3933 dere
2581 3889 3069 3952 cognoscamus:
3130 3876 3198 3932 et
3255 3889 3384 3934 non
3442 3869 3634 3934 aliter
3678 3872 3893 3936 Deum
3951 3872 4137 3940 nobis
4198 3875 4315 3941 ad-

2372 3956 2731 4020 versarium
2780 3965 2848 4019 et
2880 3955 3219 4020 inimicum
3265 3976 3408 4021 esse
3451 3977 3644 4038 quam
3691 3957 3863 4039 quod
3908 3958 4029 4042 ipsi
4069 3960 4313 4026 bellum

2371 4037 2684 4105 adversus
2707 4061 2859 4105 eum
2876 4051 3108 4123 sponte
3121 4042 3525 4124 suscipimus.
3558 4040 3996 4122 Quamobrem
4023 4046 4312 4128 percussi
4371 4051 4376 4058 '

2369 4125 2524 4191 licet
2558 4125 2640 4191 ad
2677 4128 2890 4207 ipsum
2926 4139 3350 4206 revertamur,
3395 4129 3581 4192 cuius
3615 4127 3683 4191 in
3724 4151 3840 4194 nos
3876 4152 4141 4195 manum
4178 4152 4311 4195 non

2370 4212 2564 4276 modo
2608 4231 2739 4275 non
2784 4233 3010 4277 sumus
3055 4211 3306 4290 duram,
3356 4213 3468 4277 sed
3511 4224 3742 4279 contra
3784 4215 4040 4281 facilem
4085 4225 4152 4281 et
4194 4216 4309 4282 be·

2370 4299 2677 4381 mgnum,
2757 4307 2952 4379 atque
3030 4299 3224 4362 etiam
3291 4299 3768 4366 auxiliatricem
3834 4309 3902 4365 et
3960 4300 4305 4380 vindicem,

2369 4395 2741 4465 opportuno
2785 4393 3074 4466 tempore
3131 4385 3499 4466 experturi:
3564 4407 3640 4452 ac
3704 4407 3776 4450 re
3819 4386 3961 4468 ipsa
4003 4384 4070 4449 id
4131 4387 4306 4469 quod

2368 4469 2590 4533 Moses
2632 4469 2790 4533 olim
2837 4471 2905 4533 in
2950 4471 3201 4536 cantico
3245 4490 3363 4535 suo
3408 4472 3660 4551 cecinit,
3706 4492 3937 4536 verum
3982 4492 4122 4536 esse
4158 4495 4306 4538 scn-

2367 4557 2524 4631 suri,
2571 4554 2790 4619 Deum
2834 4556 3011 4638 ipsos
3052 4555 3394 4622 sustulisse
3429 4558 3612 4639 quasi
3651 4556 3773 4622 alis
3808 4555 4194 4639 aquilarum,
4240 4565 4307 4624 et

2367 4660 2487 4705 suo
2531 4641 2755 4705 favore
2797 4642 3177 4724 protexisse,
3242 4652 3305 4706 et
3359 4643 3429 4706 in
3489 4644 3684 4707 finem
3732 4663 3932 4724 usque
3978 4652 4305 4724 protectu-

2366 4746 2532 4791 rum.
2599 4725 3041 4806 Quamobrem
3081 4749 3164 4791 ex
3207 4748 3404 4810 supra
3448 4727 3636 4793 dictis
3681 4739 3950 4809 apparet
3993 4727 4117 4793 hoc
4161 4750 4305 4796 esse

2366 4825 2664 4877 nostrum
2708 4814 3011 4891 officium,
3070 4813 3324 4895 quoties
3368 4813 3553 4877 Deus
3598 4833 3866 4877 manum
3909 4814 4154 4878 exserit
4197 4815 4306 4880 ad-

2365 4919 2627 4965 versum
2673 4918 2812 4974 nos,
2857 4910 2925 4964 et
2960 4899 3096 4963 irae
3130 4921 3290 4964 suae
3325 4898 3565 4963 iudicia
3601 4917 3731 4961 non
3769 4896 3964 4961 dubia
3999 4899 4307 4982 ostendit,

2362 4984 2446 5049 ad
2491 4986 2704 5067 ipsum
2747 4986 3114 5068 confugere,
3161 4994 3228 5048 et
3270 4984 3590 5066 supplices
3631 4983 3724 5047 illi
3771 4984 3945 5048 fieri:
3979 5005 4145 5067 quae
4185 5007 4304 5053 ne-

2362 5070 2646 5135 cessaria
2688 5090 2846 5135 sane
2891 5083 2988 5135 est
3026 5070 3108 5134 ad
3146 5081 3433 5134 nostram
3473 5068 3766 5133 omnium
3803 5068 4305 5139 instructionem

2363 5153 2679 5220 doctrina.
2747 5156 2952 5222 Porro
2996 5155 3338 5220 Philistaei
3384 5154 3550 5218 nihil
3597 5154 3816 5218 minus
3860 5174 4054 5236 quam
4085 5157 4299 5224 Deum

2361 5242 2483 5309 sibi
2551 5241 2884 5312 adversari
2948 5243 3370 5308 confitentur:
3456 5238 3568 5305 sed
3634 5240 3938 5308 collectas
4002 5241 4302 5327 Dagonis

3787 5341 3892 5397 290
