5059 6059
246 318 357 386 353

243 507 468 575 coelum
513 511 914 571 renovatum.
972 502 1224 571 Idcirco
1266 505 1491 588 itaque
1532 504 1717 572 Deus
1760 504 1783 570 l
1868 526 1907 570 e
1946 504 2158 571 veteri

242 613 348 679 per
397 590 613 657 Mosen
670 590 824 655 data
877 589 1158 656 iusserat
1216 590 1553 656 novilunia
1609 591 1751 657 Deo
1850 590 2031 671 icari,
2089 601 2157 656 et

248 679 372 744 dies
411 676 556 742 illos
598 676 798 742 festos
841 696 1003 760 esse,
1047 685 1124 741 ut
1164 676 1447 760 populus
1488 675 1620 741 Dei
1661 676 1918 742 nomini
1960 677 2157 742 bene·

241 762 493 831 dicendo
527 771 593 826 et
626 761 857 847 gratiis
890 761 1095 845 ipsius
1130 772 1198 827 et
1233 760 1419 828 donis
1454 761 1843 828 meditandis
1877 769 2156 829 vacaret.

241 847 442 914 Hodie
479 866 636 914 vero
683 868 814 913 non
858 858 1013 913 sunt
1054 846 1543 914 noviluniorum
1587 846 1727 914 dies
1767 849 1949 914 festi:
1996 867 2154 931 pue-

238 935 378 1000 riles
419 934 593 1000 enim
635 932 785 999 illos
829 933 996 998 ritus
1037 953 1175 1000 non
1215 932 1553 1014 habemus,
1595 943 1662 1000 et
1704 935 1957 1020 figurae
1999 932 2156 999 illae

238 1030 299 1085 et
336 1019 601 1085 umbrae
644 1017 889 1103 legales
932 1018 1300 1085 desierunt:
1343 1039 1475 1085 non
1519 1019 1785 1102 quidem
1827 1019 1997 1103 quod
2044 1039 2155 1086 ve-

241 1105 469 1171 teribus
503 1104 638 1171 illis
680 1104 977 1189 patribus
1013 1103 1310 1171 meliores
1346 1105 1569 1185 simus,
1614 1114 1732 1171 aut
1765 1104 1934 1189 quod
1970 1104 2156 1170 Deus

237 1191 508 1275 aliquam
567 1192 635 1257 in
695 1191 883 1257 nobis
936 1190 1316 1274 qualitatem
1362 1192 1674 1270 inveniat,
1731 1200 1848 1256 aut
1889 1188 2155 1273 aliquod

236 1278 496 1343 bonum:
555 1276 669 1342 sed
723 1274 895 1359 quod
954 1277 1275 1345 Dominus
1325 1286 1549 1343 noster
1603 1276 1793 1344 Iesus
1851 1276 2156 1344 Christus

234 1363 524 1447 apparuit
582 1365 874 1427 omnium
931 1360 1190 1428 illarum
1247 1364 1627 1429 umbrarum
1685 1371 1754 1428 et
1792 1363 2155 1447 figurarum

235 1447 1021 1600 affuflaggazuuzstssatae.
1090 1447 2157 1601 vlgssistasigltagenlioi‘llorsszssgdltiia

1005 1583 1022 1614 ‚
2127 1569 2155 1584 -

229 1618 435 1686 nenda
478 1628 549 1687 et
591 1618 1000 1687 observanda
1055 1631 1175 1699 est,
1236 1641 1312 1686 ac
1356 1619 1627 1703 proinde
1670 1618 2157 1705 agnoscendum

231 1726 338 1771 nos
388 1725 523 1771 non
591 1704 798 1771 fuisse
852 1705 1055 1772 semel
1111 1726 1152 1771 a
1197 1706 1342 1771 Deo
1383 1718 1638 1771 creatos
1683 1714 1752 1771 et
1792 1706 1864 1771 in
1906 1704 2159 1771 mundo

229 1791 627 1866 constitutos,
664 1790 778 1856 sed
801 1789 885 1856 ab
920 1791 1059 1874 ipso
1093 1812 1215 1857 nos
1248 1793 1318 1857 in
1346 1791 1482 1857 dies
1515 1792 1754 1856 foveri:
1792 1811 1868 1856 ac
1889 1790 2159 1876 proinde

229 1877 498 1961 singulis
543 1877 895 1943 momentis
937 1898 1078 1943 esse
1121 1898 1161 1942 a
1201 1877 1388 1942 nobis
1431 1875 1889 1957 invocandum,
1934 1886 2002 1942 et
2050 1878 2158 1943 bo·

229 1965 496 2028 nitatem
561 1965 766 2046 ipsius
824 1984 982 2048 erga
1040 1984 1161 2029 nos
1217 1961 1678 2043 meditandam,
1741 1971 1821 2028 ut
1879 1961 2159 2029 subinde

225 2070 365 2115 cum
397 2048 719 2132 propheta
740 2047 1216 2114 exclamemus:
1262 2048 1443 2130 Quid
1478 2060 1579 2114 est
1599 2047 1814 2127 homo,
1847 2048 2157 2133 Domine,

219 2150 286 2199 ut
331 2136 472 2201 eius
535 2154 787 2201 memor
843 2135 952 2200 sis.
1046 2135 1134 2199 Et
1177 2133 1591 2201 recordemur
1632 2135 1775 2201 eius
1818 2133 1987 2217 quod
2030 2134 2157 2200 alio

220 2220 350 2286 loco
409 2219 736 2303 propheta
782 2219 957 2304 dicit,
1016 2219 1157 2286 Deo
1216 2220 1516 2309 spiritum
1572 2240 1763 2286 suum
1801 2221 2157 2301 auferente,

223 2307 517 2373 homines
578 2306 852 2371 deficere
911 2317 977 2370 et
1034 2306 1099 2369 in
1160 2304 1441 2371 nihilum
1485 2305 1748 2372 reduci:
1810 2320 1875 2371 et
1926 2314 2158 2371 contra

220 2394 562 2458 emittente
605 2411 711 2458 res
789 2410 1016 2458 omnes
1079 2402 1332 2458 creatas
1373 2392 1684 2457 recreari:
1770 2410 1846 2456 ac
1887 2390 2157 2476 proinde

219 2499 560 2561 speremus
617 2478 834 2561 ipsum
895 2480 1069 2545 vires
1112 2478 1311 2544 etiam
1354 2477 1544 2543 nobis
1586 2476 2152 2561 suppeditaturum

217 2585 412 2647 quum
474 2574 710 2632 nostra
769 2583 968 2648 opera
1021 2563 1200 2629 volet
1260 2564 1378 2628 uti.
1474 2562 1827 2629 Caeterum
1885 2561 2154 2631 Saulem

219 2651 521 2716 videmus
581 2650 824 2715 festum
879 2649 1053 2716 istud
1109 2647 1561 2727 celebravisse,
1633 2646 1747 2715 sed
1812 2659 1887 2714 ut
1944 2649 2158 2715 solent

217 2735 607 2820 hypocritae
648 2733 845 2802 rebus
886 2737 1089 2803 sacris
1131 2753 1384 2801 vacare.
1427 2733 1600 2800 Nam
1643 2735 1765 2801 etsi
1812 2734 2157 2819 religiosus

216 2821 282 2886 in
339 2823 564 2905 specie
623 2819 778 2888 velit
823 2821 1068 2902 haberi,
1127 2832 1195 2887 et
1237 2820 1403 2906 legis
1441 2821 1992 2887 caeremoniarum
2039 2821 2152 2888 ob·

213 2907 781 2974 servantissimus:
834 2907 1084 2974 interea
1139 2918 1363 2973 tamen
1415 2905 1747 2971 internum
1805 2916 1872 2972 et
1914 2905 2155 2974 lethale

214 2994 432 3058 odium
513 2993 833 3060 adversus
905 2991 1223 3060 Davidem
1295 3000 1556 3076 pectore
1620 2990 1904 3057 fovebat.
2016 2991 2152 3061 Sed

213 3078 542 3161 quomodo
603 3078 812 3145 vitam
854 3100 1042 3145 suam
1087 3079 1229 3145 Deo
1283 3087 1618 3161 acceptam
1658 3078 1840 3157 feret,
1899 3078 2015 3162 qui
2054 3079 2158 3145 in-

213 3175 561 3231 nocentem
623 3164 705 3231 ad
764 3174 1046 3230 mortem
1105 3161 1563 3249 persequitur?
1652 3161 1791 3229 Sed
1847 3164 1944 3230 ita
1999 3186 2157 3232 con·

214 3260 588 3317 sueverunt
662 3249 1059 3333 hypocritae.
1162 3247 1277 3316 Sic
1351 3248 1649 3314 videmus
1714 3248 1949 3333 impios
2013 3250 2159 3317 illos

212 3335 499 3403 Iudaeos
562 3357 691 3400 non
751 3355 941 3402 ausos
985 3335 1185 3401 Pilati
1239 3335 1637 3418 praetorium
1683 3334 1787 3400 die
1827 3336 2160 3420 paschatis

214 3426 374 3487 festo
436 3420 720 3505 ingredi,
796 3442 876 3485 ne
928 3421 1401 3505 polluerentur.
1517 3418 1669 3500 Sed,
1728 3442 1988 3503 quaeso,
2048 3424 2159 3489 ubi

210 3520 351 3573 erat
411 3506 736 3592 pollutio?
827 3506 1002 3573 Sane
1065 3528 1197 3572 non
1256 3506 1326 3571 in
1384 3507 1526 3588 ipso
1581 3509 1929 3590 praetorio,
1991 3508 2160 3591 quod

211 3607 563 3678 tantopere
621 3592 1163 3676 dedignabantur,
1222 3591 1333 3656 sed
1395 3591 1465 3656 in
1510 3592 1689 3675 ipsis.
1778 3592 1884 3658 Ex
1927 3595 2162 3677 quibus

208 3689 497 3763 apparet
542 3688 791 3761 quanta
834 3679 1076 3761 passim
1123 3677 1868 3779 hypocrisis-hominum
1907 3689 2161 3746 mentes

207 3773 670 3917 fflpffitdssss
677 3859 723 3926 t,
736 3763 1013 3933 ‘¹2:⁰33
1016 3783 1055 3829 ⁰
1063 3772 1442 3915 ..25:5⁰3
1494 3761 1862 3932 ffiiffl
1893 3767 2160 3934 ,33:2¹3

207 3957 408 4002 verae
455 3945 530 4001 et
571 3937 862 4002 sincerae
904 3934 1240 4021 religionis
1281 3934 1587 4000 habeant.
1648 3934 1839 3999 Hanc
1881 3936 1962 3999 ob
2005 3958 2157 4002 cau-

205 4042 348 4087 sam
399 4022 736 4088 Dominus
796 4042 915 4105 per
973 4021 1215 4087 Isaiam
1280 4020 1665 4104 prophetam
1723 4021 2158 4104 exprobrabat

203 4108 362 4174 olim
410 4108 676 4192 populo,
722 4106 901 4190 ipsos
936 4128 1169 4172 manus
1213 4105 1454 4172 habere
1495 4107 1812 4190 sanguine
1855 4106 2155 4191 pollutas,

201 4204 269 4257 et
326 4215 486 4261 esse
547 4192 1003 4259 intolerabiles.
1114 4192 1345 4276 Neque
1417 4212 1572 4257 vero
1643 4192 2156 4259 existimandum

201 4278 350 4345 Deo
396 4279 820 4362 displicuisse
861 4279 1031 4344 ritus
1073 4277 1220 4343 illos
1262 4293 1329 4343 et
1370 4277 1832 4362 caeremonias,
1876 4298 2157 4361 quarum

203 4379 402 4431 autor
449 4366 733 4449 ipsemet
783 4364 1016 4445 fuerat,
1066 4384 1219 4429 nam
1276 4383 1700 4447 quaecunque
1740 4363 1922 4429 Deus
1958 4365 2157 4432 verbo

199 4471 322 4517 suo
369 4451 676 4516 instituit
709 4449 1062 4534 approbat:
1107 4450 1220 4516 sed
1259 4448 1469 4534 legem
1511 4448 1820 4514 violatam
1855 4448 2158 4531 ostendit,

203 4556 418 4619 quum
469 4536 702 4602 Iudaei
743 4535 1009 4620 quidem
1054 4536 1252 4601 festos
1296 4535 1434 4600 dies
1477 4534 1902 4613 celebrarent,
1947 4548 2013 4601 et
2054 4537 2156 4602 in-

198 4623 404 4688 terim
454 4622 711 4687 mutuis
754 4621 921 4688 odiis
964 4634 1030 4686 et
1065 4621 1422 4687 inimicitiis
1456 4619 1845 4700 laborarent,
1887 4624 2156 4705 rapinis,

201 4708 703 4774 extorsionibus
762 4716 831 4772 et
884 4708 1417 4773 concussionibus
1475 4716 1544 4771 et
1594 4706 1915 4774 similibus
1979 4708 2157 4792 pleni

199 4805 459 4860 essent.
513 4794 650 4859 Nos
693 4794 912 4877 itaque
956 4793 1108 4858 licet
1148 4791 1513 4858 istiusmodi
1555 4790 1694 4858 dies
1737 4793 1934 4860 festos
1979 4803 2158 4861 vete-

205 4901 364 4945 rum
426 4901 614 4944 more
670 4901 801 4944 non
861 4879 1232 4956 habeamus,
1287 4877 1805 4962 quandoquidem
1848 4900 1980 4945 non
2025 4900 2159 4946 am-

203 4966 392 5048 plius
456 4965 626 5050 legis
681 4964 931 5030 umbris
972 4972 1041 5029 et
1083 4965 1313 5046 figuris
1356 4963 1600 5030 subditi
1644 4985 1889 5042 sumus,
1949 4964 2156 5032 disca-

201 5072 362 5117 mus
421 5052 942 5135 quotiescunque
999 5050 1069 5115 in
1126 5051 1502 5116 concionem
1562 5051 1879 5131 venimus,
1939 5062 2005 5115 et
2047 5073 2157 5119 no·

203 5138 533 5202 minatim
575 5136 681 5202 die
740 5135 1078 5210 dominico,
1134 5136 1245 5219 qui
1290 5134 1543 5202 dicatus
1586 5147 1687 5201 est
1729 5145 1803 5200 ut
1844 5156 2158 5211 vacemus

204 5223 406 5289 bonis
455 5222 788 5304 operibus,
853 5231 919 5286 et
975 5221 1229 5287 caritati
1276 5240 1433 5306 erga
1473 5222 1825 5305 proximos,
1868 5242 1944 5290 ao
1981 5223 2157 5290 vitae

429 5324 656 5380 Caluini
683 5339 872 5395 opera.
946 5323 1064 5380 Vol.
1098 5323 1292 5380 XXX.

1529 315 1628 381 IN
1676 317 1728 382 1.
1775 314 1957 382 LIB.
2002 313 2406 383 SAMUEL.
2451 311 2653 380 oAP.
2698 311 2859 379 XX.

4065 315 4195 382 354

2257 500 2621 586 integritati
2674 511 2741 566 et
2795 500 3128 567 sanctitati
3183 500 3579 581 studeamus,
3641 503 3761 569 Dei
3808 504 3874 569 in
3927 525 4049 571 nos
4090 505 4193 570 in·

2257 605 2535 653 numera
2576 585 2910 654 benefacta
2952 596 3399 671 agnoscentes,
3444 608 3561 671 pro
3604 588 3843 671 quibus
3876 588 4007 674 ipsi
4040 610 4189 675 gra·-

2258 672 2384 738 tias
2427 690 2699 756 agamus
2743 693 2828 737 ex
2869 671 3117 739 animo:
3177 693 3254 739 ac
3294 672 3565 757 proinde
3610 672 4003 757 pollutiones
4043 695 4188 741 nos-

2259 769 2396 824 tras
2439 778 2569 822 non
2616 757 3002 837 misceamus
3037 757 3120 824 iis
3153 778 3321 841 quae
3354 760 3538 826 Deus
3572 758 3654 825 ad
3693 780 3881 826 suam
3916 760 4194 844 gloriam

2256 852 2325 910 et
2365 853 2655 910 nostram
2698 842 2976 909 salutem
3020 843 3469 912 sanctificavit.
3514 844 3740 926 Quare
3774 845 4019 932 singuli
4053 867 4195 913 sese

2258 929 2595 1012 vitamque
2646 948 2831 995 suam
2906 949 2986 994 ex
3036 928 3251 995 lorent
3320 938 3591 1014 oportet,
3658 941 3725 996 et
3780 933 4195 999 infirmitates

2256 1034 2410 1082 suas
2452 1035 2541 1081 ex
2581 1015 2799 1080 animo
2840 1035 2963 1082 con
3008 1024 3278 1081 emnent
3320 1026 3390 1080 et
3431 1014 3855 1095 detestentur,
3902 1018 4194 1102 quando-

2257 1099 2518 1185 quidem
2553 1101 2797 1167 scimus
2829 1100 3077 1185 optima
3114 1102 3310 1167 etiam
3345 1112 3569 1168 nostra
3603 1123 3800 1186 opera
3832 1124 3966 1169 non
4006 1124 4197 1189 posse

2255 1207 2473 1254 coram
2518 1187 2664 1252 Deo
2706 1187 2835 1252 nisi
2878 1195 2951 1251 ut
2993 1187 3243 1270 polluta
3286 1185 3581 1272 iudicari,
3637 1208 3804 1272 quae
3849 1198 4070 1256 tamen
4113 1211 4195 1256 ex

2256 1272 2577 1338 immensa
2617 1271 2906 1338 bonitate
2951 1283 3018 1338 et
3061 1271 3507 1340 misericordia
3543 1282 3854 1357 tanquam
3889 1275 4057 1341 bona
4093 1294 4196 1342 ac-

2256 1366 2478 1442 ceptat
2518 1364 2590 1424 et
2629 1356 2934 1437 admittit,
2995 1379 3198 1443 quum
3245 1360 3448 1425 vitam
3492 1369 3781 1425 nostram
3826 1359 3925 1427 illi
3969 1381 4200 1445 accep-

2258 1453 2396 1509 tam
2438 1443 2745 1509 ferimus:
2787 1452 2855 1510 et
2899 1442 3051 1510 licet
3083 1442 3441 1510 multorum
3491 1444 3859 1512 defectuum
3901 1466 4020 1512 nos
4054 1467 4201 1514 reos

2258 1530 2558 1608 sciamus,
2618 1539 2840 1594 tamen
2884 1528 2966 1595 ad
3009 1529 3226 1613 ipsum
3280 1530 3679 1596 recurrimus
3721 1538 3793 1597 et
3832 1533 3915 1598 ab
3958 1553 4035 1599 eo
4080 1533 4201 1598 toti

2258 1614 2641 1699 pendemus,
2696 1623 2760 1680 et
2807 1635 2958 1682 oum
3002 1614 3324 1699 proximis
3367 1616 3609 1682 nostris
3651 1617 3720 1681 in
3767 1619 3945 1683 omni
3989 1619 4199 1685 since·

2260 1701 2454 1766 ritate
2496 1707 2565 1767 et
2605 1700 2918 1767 fidelitate
2961 1700 3273 1767 vivimus.
3317 1700 3504 1768 Haec
3547 1701 3845 1769 doctrina
3889 1704 4198 1771 discenda

2258 1794 2361 1852 cst
2401 1806 2487 1852 ex
2532 1784 2757 1853 Saulis
2799 1786 3119 1871 exemplo,
3178 1807 3370 1870 quem
3429 1787 3691 1871 quidem
3738 1798 4013 1855 externa
4054 1811 4200 1874 spe·

2259 1875 2356 1939 cie
2401 1871 2777 1958 religiosum
2832 1872 3036 1938 fuisse
3092 1871 3428 1940 videmus:
3489 1871 3603 1940 sed
3658 1874 3922 1940 interim
3983 1876 4201 1941 animo

2261 1957 2498 2024 fovisse
2571 1957 2892 2025 adversus
2954 1958 3275 2026 Davidem
3341 1959 3563 2024 odium
3629 1959 4056 2046 implacabile,
4136 1973 4203 2028 et

2258 2044 2474 2127 ipsum
2519 2044 3009 2127 quibuscunque
3050 2043 3263 2111 modis
3305 2045 3525 2128 potuit
3565 2045 3647 2111 ad
3686 2056 3964 2112 mortem
4001 2048 4199 2113 fuisse

2258 2138 2746 2230 persequutum.
2857 2127 3036 2197 Sane
3078 2215 3093 2230 ι
3117 2129 3244 2196 fuit
3295 2150 3385 2230 ‘ea
3448 2131 3702 2231 ratione
3764 2150 3984 2198 coram
4056 2134 4197 2200 Deo

2255 2236 2474 2367 53:3⁸2:
2528 2215 3675 2386 {zzzfflfflfflffiffssoeffi
3724 2218 4199 2388 ffiffiffi'zsse

2257 2386 2535 2453 studiosi
2576 2386 2901 2467 videmur,
2946 2395 3013 2452 et
3054 2393 3277 2454 tamen
3321 2387 3688 2471 pectoribus
3730 2409 3972 2473 pravas
4015 2393 4196 2476 cupi-

2260 2473 2496 2539 ditates
2542 2471 2885 2537 fovemus?

2429 2559 2639 2625 Porro
2683 2557 2965 2624 Davidis
3005 2557 3122 2624 illa
3164 2558 3570 2625 coniectura:
3615 2557 3692 2626 Si
3729 2558 3892 2627 Saul
3931 2563 4198 2630 audiens

2259 2642 2574 2710 Davidem
2628 2642 2861 2711 abiisse
2900 2644 3352 2711 amaxonas·
3414 2644 3728 2727 admittam
3789 2646 3935 2713 bem
3994 2668 4199 2716 secum

2260 2734 2465 2797 actm
2503 2729 2616 2810 iri,
2674 2729 2910 2796 nititur
2968 2750 3045 2796 eo
3087 2729 3264 2813 quod
3316 2740 3472 2797 ante
3514 2731 3705 2815 attigi
3750 2732 4195 2812 fundamento,

2260 2814 2849 2969 3:3⁹3.{⁸:.¹,:¹?.:‚
2870 2815 4199 2987 ffiffiffhffitssffiossffiffiwssi

2818 2970 2823 2977 ·
3129 2949 3147 2985 ²
4057 2953 4073 2983 v

2262 2989 2443 3054 virus
2484 3006 2678 3053 suum
2721 2988 3159 3053 evomiturum
3193 3006 3398 3071 quum
3439 3007 3477 3053 e
3509 2988 3648 3053 suis
3684 2988 3987 3055 manibus
4021 2990 4197 3075 elap-

2261 3093 2406 3140 sum
2451 3072 2894 3139 arbitrabitur.
2938 3070 3119 3141 Sane
3158 3071 3444 3157 improbi
3477 3072 3776 3139 homines
3819 3095 4016 3159 saepe
4061 3087 4194 3143 tam

2259 3160 2510 3225 occulte
2567 3158 2966 3242 proditiones
3023 3178 3178 3225 suas
3231 3157 3615 3239 moliuntur,
3670 3171 3745 3225 ut
3800 3160 3921 3225 vix
3965 3160 4197 3245 depre-

2262 3243 2530 3322 hendas,
2592 3252 2663 3309 et
2717 3255 2991 3311 externa
3046 3243 3260 3329 specie
3318 3243 3626 3311 facillime
3683 3244 4055 3313 hominibus
4097 3249 4195 3315 in·

2259 3331 2468 3398 cautis
2509 3330 2881 3414 imponant:
2926 3328 3045 3396 sed
3087 3329 3350 3397 tandem
3395 3331 3685 3412 ipsorum
3722 3332 4193 3416 turpitudinem

2260 3417 2443 3482 Deus
2489 3415 2764 3501 detegit:
2812 3437 2888 3483 ac
2929 3414 3205 3501 proinde
3248 3415 3666 3500 quantumvis
3708 3417 3908 3483 astuti
3951 3418 4085 3485 sint
4128 3431 4195 3486 et

2260 3501 2655 3585 versipelles,
2703 3499 2885 3569 Deus
2929 3512 3146 3567 tamen
3184 3500 3383 3567 certis
3416 3502 3622 3586 signis
3662 3510 3730 3567 et
3763 3503 3934 3570 notis
3969 3524 4197 3572 corum

2261 3587 2477 3672 prodit
2519 3586 2881 3672 perfidiam,
2940 3596 3010 3652 et
3050 3587 3121 3651 in
3162 3586 3497 3669 publicum
3542 3586 3864 3670 producit,
3907 3598 3981 3655 ut
4023 3590 4199 3677 apud

2261 3693 2488 3739 omnes
2547 3674 2959 3739 innotescant
3014 3683 3080 3738 et
3136 3673 3414 3739 infames
3458 3693 3534 3738 ac
3576 3673 4010 3743 exsecrabiles
4052 3678 4199 3743 red-

2261 3759 2523 3825 dantur.
2615 3756 2830 3825 David
2874 3758 3079 3844 igitur
3124 3757 3248 3825 hac
3290 3778 3406 3843 spe
3450 3757 3659 3825 fretus
3699 3760 3839 3825 fore
3882 3760 4006 3828 sibi
4053 3784 4199 3846 per-

2259 3845 2493 3926 suasit,
2546 3852 2623 3909 ut
2661 3843 2816 3910 licet
2859 3842 3018 3911 Saul
3067 3843 3232 3911 dolis
3275 3851 3343 3909 et
3382 3841 3721 3910 fraudibus
3763 3846 3884 3912 sibi
3930 3847 4198 3915 insidia-

2260 3942 2463 4010 retur,
2521 3930 2708 3996 Deus
2764 3940 2985 3996 tamen
3046 3929 3259 4013 ipsum
3304 3930 3715 4013 permitteret
3757 3932 3851 3998 sic
3897 3944 4086 4000 extra
4129 3956 4199 4002 se

2258 4036 2415 4167 gom
2473 4015 2808 4082 iracundia
2865 4015 3103 4096 efferri,
3160 4023 3233 4081 ut
3289 4015 3503 4098 palam
3562 4014 3719 4098 quid
3774 4024 4035 4101 pectore
4079 4019 4196 4086 ha·

2341 4110 2441 4167 ret
2499 4102 2825 4168 occultum
2884 4100 3234 4186 detegeret.
3324 4101 3454 4167 Hic
3511 4099 3940 4168 admonemur
3992 4124 4196 4187 quum

2260 4187 2481 4254 hostes
2536 4185 2878 4253 fraudibus
2932 4196 2999 4252 et
3053 4184 3530 4270 proditionibus
3571 4187 3748 4253 vitae
3789 4199 4052 4255 nostrae
4095 4193 4197 4256 in·

2258 4272 2600 4351 sidientur‚
2655 4283 2720 4339 et
2779 4272 2858 4338 ad
2922 4283 3200 4338 mortem
3260 4282 3599 4355 quaerant,
3664 4272 3885 4338 Deum
3943 4276 4195 4358 precari

2258 4370 2335 4424 ut
2394 4360 2683 4442 ipsorum
2742 4358 3010 4424 consilia
3067 4369 3131 4422 et
3174 4357 3461 4425 occultas
3505 4358 3873 4425 molitiones
3915 4359 4195 4447 detegat,

2259 4457 2326 4510 et
2382 4444 2451 4510 in
2510 4452 2804 4539 apertum
2851 4443 3185 4529 producat,
3245 4453 3318 4508 ut
3361 4464 3587 4510 eorum
3630 4463 3866 4509 manus
3909 4446 4196 4533 effugere

2257 4551 2701 4681 poselfftffad
2744 4614 2854 4679 illa
2897 4614 3178 4681 Davidis
3224 4616 3425 4681 verba
3468 4626 3894 4695 transeamus,
3960 4619 4196 4701 quibus

2258 4700 2700 4769 Ionathanum
2742 4721 2862 4785 per
2907 4700 3091 4765 datas
3136 4699 3401 4766 dextras
3442 4699 3818 4779 obtestatur,
3879 4722 3952 4767 ro
4040 4713 4195 4787 tque

2259 4797 2334 4853 ut
2391 4785 2915 4887 quandoquidem
2976 4784 3204 4851 foedus
3236 4784 3537 4886 ‘Domini
3594 4806 3741 4851 cum
3788 4787 3918 4887 fam
3958 4810 4027 4889 ‚o
4072 4810 4193 4856 suo

2257 4884 2628 5026 :sffissa
2641 4893 2944 5039 ¹¹²3:ss
2983 4882 3974 5024 3:33.¹1¹32“.33„3¹.2;¹3m0⁸3.2{2¹
4022 4888 4192 5027 ¹:¹33:

2258 5046 2536 5111 thanum
2585 5044 2826 5124 fecisse,
2873 5044 2967 5113 sic
3012 5043 3314 5109 hortatur
3356 5041 3799 5108 Ionathanum
3843 5044 3926 5110 ad
3970 5066 4192 5129 perse·

2259 5128 2620 5197 vei-andum
2680 5131 2750 5194 in
2805 5129 3090 5196 amicitia
3133 5138 3199 5193 et
3241 5125 3370 5194 fide
3411 5147 3607 5210 quam
3649 5129 3787 5212 ipse
3828 5129 4001 5197 ultro
4043 5151 4194 5199 cum

2261 5214 2519 5283 Davide
2572 5224 3009 5282 contraxerat.
3094 5214 3185 5280 Et
3244 5233 3321 5278 eo
3365 5212 3621 5297 quidem
3668 5216 3934 5283 nomine
3976 5217 4197 5285 David

3705 5316 3777 5373 23
