5059 6059
334 289 459 357 353

334 481 522 549 cedit.
611 479 964 547 Caeterum
1023 501 1155 546 non
1211 480 1437 564 procul
1502 479 1875 547 abeundum
1942 480 2148 560 nobis,
2199 487 2274 546 ut

333 569 421 633 ait
464 567 733 642 Paulus,
794 566 873 631 ad
933 564 1106 633 hanc
1150 566 1280 632 Dei
1338 567 1648 632 virtutem
1707 566 2267 651 investigandam:

334 674 547 737 neque
603 652 778 718 enim
834 652 962 736 ipsi
1021 663 1247 719 nostra
1304 651 1547 718 virtute
1611 653 1932 736 vivimus,
1997 652 2112 717 sed
2173 651 2270 718 di-

336 742 519 808 vina:
586 737 1009 821 quamobrem
1065 738 1134 803 in
1194 737 1383 804 nobis
1438 737 1599 822 ipsis
1656 739 1817 804 satis
1875 738 2032 822 quid
2085 737 2269 804 Deus

333 826 421 893 sit
477 822 876 908 experimur.
964 824 1216 888 Verum
1279 837 1499 889 tamen
1554 832 1621 890 et
1673 824 1820 890 aliis
1879 823 2269 907 quibusdam

331 909 645 998 gradibus
709 909 792 975 ad
858 909 1064 993 ipsius
1135 909 1539 994 agnitionem
1603 911 2012 993 pervenitur:
2089 920 2268 993 puta,

376 1018 536 1062 uum
593 996 867 1079 quisque
927 1015 1147 1061 secum
1206 995 1555 1080 diligenter
1609 996 1845 1079 quibus
1901 1015 1942 1059 a
1983 995 2269 1061 Domino

330 1017 520 1149 donis
577 1079 969 1166 specialibus
1012 1080 1261 1147 ditatus
1305 1083 1391 1147 sit
1434 1081 1764 1164 expendit.
1854 1078 1969 1149 Sic
2012 1084 2121 1164 qui
2169 1082 2267 1148 vi-

332 1169 516 1235 ribus
556 1167 805 1248 ingenii
849 1178 916 1232 et
958 1168 1280 1250 sapientia
1323 1166 1540 1250 pollet,
1584 1166 1697 1250 qui
1743 1169 2023 1233 terrenis
2066 1167 2268 1233 facul·

331 1255 578 1321 tatibus
632 1251 942 1332 abundat,
997 1252 1111 1336 qui
1170 1253 1489 1336 plurimos
1541 1252 1826 1319 honores
1884 1262 1985 1320 est
2040 1274 2267 1319 conse·

329 1353 591 1425 quotus,
646 1359 865 1405 nonne
907 1338 1192 1421 amplam
1239 1338 1434 1405 habet
1476 1359 1695 1405 secum
1737 1337 1867 1403 Dei
1911 1339 2266 1405 bonitatem

328 1424 683 1510 reputandi
728 1424 1088 1501 materiam,
1135 1427 1385 1491 acuius
1428 1424 1835 1509 benignitate
1870 1434 1969 1490 tot
2010 1435 2265 1491 tantae·

374 1534 455 1578 ue
514 1510 856 1577 facultates
912 1518 1403 1593 promanarunt,
1471 1522 1922 1594 quantumque
1977 1509 2123 1576 Deo
2179 1512 2266 1577 sit

328 1534 676 1664 devinctus
719 1594 1089 1680 cogitandi?
1153 1593 1283 1662 Sed
1329 1597 1458 1662 ista.
1502 1596 1696 1680 longe
1739 1595 1955 1663 adhuc
1999 1596 2263 1679 maiora,

326 1685 383 1751 si
428 1684 574 1767 quis
618 1703 691 1748 se
747 1702 894 1747 cum
955 1680 1162 1747 brutis
1219 1682 1667 1748 animantibus
1723 1683 2034 1758 conferat,
2092 1683 2262 1765 quod

327 1791 456 1854 quo
524 1768 754 1834 melior
818 1774 925 1832 est
988 1767 1332 1833 hominum
1399 1788 1555 1850 prae
1619 1768 1749 1833 illis
1813 1765 2118 1845 conditio,
2185 1790 2262 1834 eo

327 1856 577 1921 maiora
654 1854 789 1920 sint
865 1854 937 1917 in
1019 1853 1318 1919 homines
1398 1852 1526 1920 Dei
1604 1854 1947 1920 beneficia:
2030 1853 2266 1938 quibus

326 1939 602 2025 proinde
645 1960 765 2006 nos
807 1938 1018 2022 magis
1061 1960 1138 2005 ac
1180 1938 1395 2023 magis
1437 1937 1521 2004 ad
1564 1938 1694 2005 Dei
1737 1939 1962 2006 laudes
2006 1940 2263 2005 incitari

326 2049 449 2112 par
508 2027 615 2105 sit,
681 2025 851 2109 quod
908 2023 1104 2110 longe
1168 2024 1628 2091 excellentiore
1685 2023 2002 2108 dignitate
2066 2047 2263 2110 quam

323 2114 522 2179 bruta
565 2133 684 2179 nos
727 2110 1035 2195 dignatus
1078 2110 1185 2176 sit.
1275 2110 1517 2194 Ecquis
1567 2111 1775 2195 igitur
1820 2131 1949 2177 non
1993 2120 2069 2176 ut
2111 2112 2264 2178 abo-

323 2196 709 2266 minandum
755 2205 1135 2263 exsecratur
1176 2217 1347 2277 eum,
1397 2196 1509 2280 qui
1566 2197 1844 2262 summis
1885 2218 1926 2262 a
1969 2197 2111 2262 Deo
2155 2198 2264 2264 be-

323 2285 580 2351 neficiis
603 2293 670 2351 et
691 2282 1047 2348 honoribus
1069 2282 1462 2358 cumulatus,
1488 2282 1687 2347 fuerit
1704 2295 1923 2348 tamen
1946 2284 2265 2368 ingratus,

325 2381 394 2438 et
439 2369 571 2435 Dei
613 2389 773 2453 erga
815 2389 885 2434 se
928 2367 1387 2435 liberalitatem
1448 2367 1822 2452 praedicare
1866 2371 2260 2453 neglexerit:

321 2478 531 2543 quum
587 2454 969 2539 praesertim
1027 2475 1160 2520 non
1211 2451 1437 2519 eadem
1482 2474 1701 2522 secum
1745 2475 1875 2537 qua
1918 2473 2064 2520 cum
2109 2455 2261 2521 reli·

321 2543 476 2628 quis
545 2542 761 2624 ipsum
826 2559 1019 2625 agere
1052 2543 1055 2546 ’
1087 2539 1339 2608 ratione
1402 2540 1721 2624 cogitarit,
1787 2560 1990 2623 quum
2057 2539 2259 2607 alium

320 2629 592 2714 quidem
635 2634 963 2693 amentem
1007 2634 1073 2690 et
1113 2625 1444 2704 insanum,
1490 2625 1690 2691 alium
1727 2645 1887 2692 vero
1927 2626 2259 2710 stupidum

319 2725 394 2782 et
436 2714 738 2779 hebetem
783 2732 859 2778 ac
901 2710 1147 2778 nullius
1190 2730 1457 2812 prorsus
1485 2711 1734 2795 ingenii
1778 2712 2017 2792 virum,
2059 2711 2262 2778 alium

320 2802 478 2869 vilis
522 2810 590 2865 et
631 2796 920 2864 abiectae
963 2796 1356 2862 conditionis
1390 2796 1740 2864 ,hominem
1783 2819 1979 2863 suum
2023 2819 2261 2881 panem

308 2884 865 2963 emendicantem,
910 2883 1110 2948 alium
1154 2883 1228 2948 in
1272 2882 1550 2949 dedecus
1594 2891 1665 2948 et
1704 2882 2119 2967 opprobrium
2144 2905 2260 2949 na·

314 2985 488 3050 tum,
552 2971 756 3038 alium
813 2968 886 3035 in
946 2968 1226 3036 vinculis
1284 2969 1524 3035 misere
1586 2970 1917 3035 viventem
1974 2969 2258 3037 viderit?

310 3060 431 3126 An
477 3078 612 3123 non
644 3056 795 3140 plus
837 3074 1035 3138 quam
1079 3054 1379 3138 ingratus
1421 3062 1525 3121 est
1565 3055 1697 3120 nisi
1718 3056 1788 3120 in
1833 3056 2100 3139 benigni
2144 3078 2260 3141 pa·

316 3146 445 3212 tris
502 3142 731 3209 landes
782 3149 1105 3224 erumpat,
1160 3141 1273 3226 qui
1327 3149 1463 3206 tam
1520 3161 1721 3224 prope
1778 3141 2134 3208 benefactis
2177 3142 2260 3209 ad

313 3232 546 3316 ipsum
606 3226 932 3306 accedere,
988 3247 1187 3310 seque
1241 3225 1266 3291 i
1345 3228 1370 3291 i
1431 3227 1909 3293 communicare
1952 3227 2260 3312 dignatus

313 3315 468 3384 est?
520 3318 735 3398 Atque
777 3311 939 3379 haec
982 3333 1114 3378 una
1156 3312 1240 3379 ad
1343 3333 1494 3378 eum
1539 3312 1887 3380 accedendi
1932 3315 2097 3379 ratio
2139 3323 2258 3393 est,

310 3423 448 3487 qua
492 3422 634 3468 sese
676 3398 864 3464 Deus
907 3398 1094 3465 nobis
1137 3398 1464 3484 patefacit,
1509 3418 1696 3464 suam
1739 3399 2259 3466 munificentiam

311 3509 483 3574 erga
510 3507 631 3552 nos
658 3506 987 3563 exserens,
1034 3489 1103 3549 et
1122 3504 1280 3569 prae
1322 3485 1596 3551 caeteris
1638 3485 2079 3552 animantibus
2122 3495 2259 3552 tam

311 3595 525 3659 prope
584 3592 727 3638 sese
786 3571 973 3637 nobis
1031 3571 1393 3655 coniungit.
1479 3569 1829 3636 Caeterum
1887 3571 2080 3656 longe
2143 3594 2258 3639 ex-

309 3659 665 3727 cellentius
709 3677 853 3722 sese
895 3656 1082 3722 nobis
1125 3655 1577 3740 communicat,
1621 3677 1825 3740 quum
1869 3656 1938 3721 in
1975 3657 2258 3724 filiorum

308 3763 674 3812 numerum
729 3763 852 3807 nos
908 3750 1187 3808 testatur
1242 3762 1384 3809 sese
1449 3741 1828 3808 admittere:
1894 3743 2260 3810 cuiusmodi

308 3841 422 3898 est
478 3828 810 3913 evangelii
853 3827 1265 3911 praedicatio,
1324 3829 1396 3893 in
1440 3849 1564 3911 quo
1622 3828 1838 3911 palam
1885 3849 2028 3893 sese
2071 3830 2260 3896 nobis

308 3919 392 3984 in
435 3914 710 3984 Christo
766 3915 1011 3980 factum
1057 3925 1309 3997 patrem
1367 3915 1738 3980 annuntiat.
1827 3913 2018 3981 Hanc
2060 3916 2258 3982 etiam

302 4004 400 4070 ob
444 4021 712 4069 cansam
772 3998 1190 4084 evangelium
1249 3999 1752 4066 communicatio
1789 3998 2043 4066 Christi
2088 4023 2257 4067 nun-

306 4097 637 4172 cupatur:
684 4085 951 4151 minime
991 4083 1253 4169 quidem
1293 4085 1511 4152 inanis
1553 4085 1685 4162 illa,
1729 4084 1843 4151 sed
1865 4085 2051 4151 cuius
2075 4094 2260 4153 tanta

314 4177 433 4240 vis
477 4181 598 4252 est,
661 4181 737 4237 ut
773 4172 841 4237 in
907 4192 1144 4255 corpus
1185 4171 1392 4254 ipsius
1447 4172 1651 4250 insiti,
1707 4172 2002 4237 membra
2056 4173 2260 4256 ipsius

304 4262 575 4337 fiamus,
628 4257 965 4340 vitamque
1024 4278 1173 4324 cum
1233 4256 1349 4322 illo
1396 4277 1813 4324 communem
1872 4254 2260 4327 habeamus:

306 4357 389 4413 et
430 4342 976 4429 quemadmodum
1022 4364 1194 4410 unus
1238 4349 1338 4409 est
1379 4342 1450 4408 in
1495 4351 1701 4425 patre,
1756 4344 1851 4408 ita
1894 4366 2014 4409 nos
2057 4366 2261 4414 unum

306 4435 390 4498 in
446 4433 594 4516 ipso
646 4431 899 4496 fiamus.
987 4427 1232 4511 Quare,
1292 4449 1500 4511 quum
1556 4436 1741 4493 tanta
1796 4428 1885 4494 sit
1926 4428 2055 4494 Dei
2106 4452 2264 4518 erga

307 4539 444 4586 nos
510 4515 900 4600 benignitas,
965 4514 1179 4580 danda
1230 4516 1444 4580 omnis
1503 4534 1703 4597 opera
1759 4535 1842 4579 ne
1942 4517 2122 4582 rocul
2180 4519 2262 4585 ab

302 4606 469 4690 ipso
513 4603 801 4668 ferarum
844 4600 1055 4667 instar
1098 4601 1487 4678 resiliamus,
1541 4600 1659 4665 sed
1702 4601 1871 4684 placi
1919 4622 1956 4666 e
1997 4603 2262 4671 virtutis

306 4691 557 4776 ipsius,
622 4687 885 4765 amoris,
950 4687 1259 4764 institiae,
1324 4685 1738 4753 rectitudinis
1816 4687 2262 4755 testimonium

304 4774 823 4860 amplectamur.
885 4774 975 4840 At
1016 4793 1151 4839 non
1195 4772 1430 4838 leviter
1472 4771 1948 4856 praetereunda
1989 4774 2262 4841 circum·

306 4862 577 4929 stantia
629 4859 747 4926 illa
803 4866 905 4924 est
966 4879 1166 4942 quam
1227 4858 1568 4944 attigimus
1632 4858 2025 4924 conditionis
2087 4861 2263 4927 illius

302 4956 608 5026 nostrae,
653 4948 722 5012 in
766 4966 897 5028 qua
937 4945 1327 5011 constitutos
1370 4953 1437 5009 et
1477 4943 1716 5011 misere
1756 4944 2043 5011 iacentes
2077 4946 2265 5013 Deus

300 5053 641 5119 quaerere
685 5053 804 5097 nos
862 5030 1192 5116 dignatur.
1281 5029 1512 5113 Neque
1554 5032 1730 5096 enim
1782 5029 2100 5115 dignitate
2143 5032 2263 5098 ali-

304 5142 459 5205 qua
502 5128 575 5186 ot
592 5117 846 5183 viribus
890 5116 1208 5201 pollentes
1251 5124 1429 5181 amat
1448 5123 1517 5181 et
1551 5115 1788 5196 evehit,
1831 5114 1948 5182 sed
1990 5119 2262 5186 miseros

304 5217 390 5274 et
435 5206 743 5284 abiectos,
784 5203 987 5270 immo
1028 5203 1100 5268 in
1143 5202 1349 5285 ipsam
1394 5201 1756 5269 inferorum
1796 5202 2103 5288 abyssum
2138 5204 2262 5271 im·

528 5305 757 5365 calvini
784 5320 975 5377 opera.
1048 5304 1174 5362 νοτ.
1200 5303 1436 5364 xxzx.

1676 290 1776 358 IN
1835 292 1888 358 1.
1937 291 2121 359 LIB.
2166 291 2576 359 SAMUEL.
2637 290 2835 358 GAP.
2881 288 2970 357 11.

4190 289 4324 359 354

2372 501 2623 546 mersos
2698 478 3091 564 investigat,
3151 485 3349 563 atque
3413 480 3568 547 inde
3645 479 3947 566 benignis
4015 483 4326 550 manibus

2374 567 2547 631 eruit
2603 567 2674 631 in
2726 565 2979 633 coelum
3034 563 3426 633 evehendos.
3516 566 3858 649 Quantum
3914 568 4141 653 igitur,
4183 588 4322 648 ore,

2373 665 2674 717 nostrum
2721 650 3019 733 dedecus,
3063 652 3121 717 si
3166 652 3486 719 tardiores
3544 675 3771 720 sumus
3813 654 3884 719 in
3929 654 4137 738 ipsius
4178 655 4316 721 cul·

2373 745 2516 803 tum
2561 745 2631 804 et
2671 738 2967 823 gloriam,
3012 757 3213 820 quum
3257 758 3337 803 ea
3358 738 3444 804 sit
3485 739 3789 804 vocantis
3831 748 3900 806 et
3942 740 4320 824 adoptantis

2373 824 2699 904 voluntas,
2754 833 2831 889 ut
2873 834 3041 888 totos
3079 845 3200 890 nos
3242 824 3368 909 ipsi
3415 824 3722 902 dicemus,
3781 845 3856 892 ac
3902 846 4019 910 pro
4061 828 4317 894 viribus

2372 909 2650 994 gloriam
2695 910 2902 994 ipsius
2946 929 3331 992 promovere
3374 909 3796 976 studeamus?

2543 996 2984 1061 Transeamus
3039 993 3122 1060 ad
3194 995 3398 1062 verba
3458 996 3575 1061 illa
3633 996 3869 1080 quibus
3927 996 4151 1064 Aaron
4209 1019 4319 1065 vo·-

2369 1085 2550 1147 catus
2592 1087 2651 1147 et
2690 1083 2916 1148 electus
2969 1081 3043 1146 in
3083 1082 3461 1148 sacerdotem
3502 1082 3752 1162 dieitur,
3811 1088 3882 1148 ut
3922 1085 4320 1151 adscenderet

2371 1168 2457 1234 ad
2497 1168 2699 1234 altare
2740 1167 3024 1247 Domini,
3068 1172 3127 1232 et
3166 1167 3434 1233 adoleret
3474 1168 3604 1250 ipsi
3646 1169 3968 1235 incensum
4010 1175 4067 1235 et
4104 1190 4316 1237 coram

2369 1254 2511 1334 ipso
2562 1258 2852 1337 portaret
2904 1252 3130 1336 ephod,
3183 1258 3554 1336 partemque
3614 1254 3690 1319 de
3751 1256 4091 1338 sacrificiis
4154 1257 4315 1322 acei-

2356 1344 2556 1420 peret.
2642 1339 2936 1424 Insignis
2992 1338 3126 1414 illa,
3189 1339 3363 1405 sicut
3422 1348 3578 1404 ante
3630 1339 3938 1422 diximus,
4005 1341 4311 1428 dignitas.

2367 1426 2612 1509 Ecquis
2667 1426 2846 1491 enim
2903 1423 3247 1490 mortalem
3304 1446 3434 1490 non
3494 1425 3715 1491 minus
3771 1446 3967 1509 quam
4028 1428 4316 1512 reliquos

2367 1522 2794 1599 peccatorem,
2852 1529 3073 1577 coram
3133 1509 3263 1575 Dei
3330 1509 3646 1577 tribunali
3711 1532 3918 1591 reum,
3982 1522 4053 1580 et
4110 1534 4308 1597 quem

2368 1611 2545 1665 terra
2602 1597 2773 1663 ferat
2829 1595 3199 1680 indignum,
3259 1597 3601 1662 constituit
3656 1597 4081 1665 mediatorem
4135 1601 4315 1665 inter

2367 1685 2586 1752 Deum
2645 1695 2709 1750 et
2770 1682 3087 1762 homines,
3144 1680 3229 1748 ad
3271 1682 3458 1748 cuius
3500 1703 3728 1766 preces
3773 1684 3986 1751 iustus
4028 1685 4156 1750 Dei
4203 1685 4308 1751 fu·

2369 1794 2479 1837 ror
2538 1769 2742 1837 veluti
2799 1767 3224 1835 cohibeatur?
3314 1767 3578 1853 Quique
3635 1769 3957 1836 sacrificia
3999 1792 4117 1855 pro
4158 1791 4311 1855 pec-

2369 1858 2531 1924 catis
2596 1855 2958 1939 expiatoria
3020 1852 3300 1919 offerat?
3389 1852 3832 1936 Quamobrem
3902 1877 4033 1940 quo
4100 1857 4313 1924 maior

2368 1943 2484 2008 illa
2540 1941 2668 2006 fuit
2725 1940 3014 2006 Aaronis
3073 1939 3382 2023 dignitas,
3441 1962 3518 2006 eo
3567 1941 3906 2024 graviores
3950 1964 4193 2025 poenas
4235 1944 4308 2008 in

2368 2051 2439 2096 se
2481 2028 2690 2110 ipsius
2733 2046 3158 2102 successores,
3203 2025 3273 2090 in
3318 2028 3718 2093 contrarium
3761 2027 3967 2111 ipsius
3988 2028 4119 2094 Dei
4141 2029 4312 2095 dona

2367 2122 2723 2191 vertentes,
2769 2112 3275 2178 accersiverunt.
3338 2110 3591 2178 Idcirco
3633 2113 3934 2195 sequitur
3974 2113 4149 2198 apud
4191 2135 4309 2180 au-

2370 2208 2598 2280 torem,
2643 2197 2861 2264 Deum
2905 2195 3170 2281 quidem
3213 2197 3556 2280 loquutum
3598 2219 3740 2265 esse
3785 2209 3863 2264 ut
3906 2199 4137 2267 domus
4180 2202 4313 2267 Aa·

2366 2287 2548 2352 ronis
2612 2284 3020 2351 ministraret
3082 2283 3152 2348 in
3218 2282 3491 2350 Domini
3553 2294 3906 2368 conspectu
3969 2306 4178 2369 nsque
4236 2286 4309 2352 in

2366 2371 2860 2454 sempiternum,
2904 2368 2974 2434 id
3018 2376 3137 2449 est,
3179 2370 3557 2436 continuam
3604 2371 3739 2436 sore
3783 2370 4124 2437 sacerdotii
4169 2393 4314 2440 suc-

2366 2459 2756 2525 cessionem:
2814 2453 2928 2521 sed
2987 2475 3165 2520 nunc
3220 2456 3312 2520 ita
3369 2455 3734 2521 Dominum
3800 2455 4048 2524 dicere:
4113 2457 4310 2525 Absit

2365 2544 2489 2610 hoc
2531 2562 2574 2607 a
2616 2560 2756 2607 me:
2800 2540 2916 2607 sed
2961 2540 3328 2624 quicunque
3372 2561 3479 2605 me
3522 2541 4072 2628 honorificaverit,
4115 2544 4310 2630 glori-

2365 2629 2572 2694 ficabo
2616 2649 2787 2706 eum,
2857 2627 2970 2710 qui
3014 2636 3237 2693 autem
3282 2629 3765 2711 contempserit,
3809 2630 3937 2694 erit
3977 2630 4304 2714 ignobilis.

2364 2715 2545 2780 Hinc
2600 2715 2807 2799 igitur
2863 2716 2933 2777 in
2992 2713 3225 2796 primis
3280 2725 3551 2797 apparet
3593 2713 3751 2778 Heli
3807 2736 3961 2781 cum
4007 2724 4143 2782 tota
4185 2736 4307 2783 sua

2366 2800 2615 2867 familia
2669 2799 2977 2864 meritum
3031 2810 3106 2863 ut
3162 2806 3349 2865 tanta
3402 2798 3721 2884 dignitate
3776 2800 4189 2884 spoliaretur,
4239 2810 4306 2868 et

2368 2895 2549 2952 tanto
2591 2885 2838 2951 honore
2880 2892 3452 2951 exauctoraretur:
3500 2885 3738 2950 Annon
3783 2886 3959 2950 enim
3990 2885 4175 2952 Deus
4219 2888 4303 2954 ab

2366 2971 2743 3038 hominibus
2797 2970 3028 3036 merito
3086 2990 3331 3054 suoque
3389 2969 3535 3035 iure
3593 2970 3856 3036 laudem
3901 2981 3967 3036 et
4025 2972 4303 3056 gloriam

2366 3059 2661 3123 omnium
2705 3056 2909 3140 ipsius
2932 3057 3002 3121 in
3028 3076 3146 3123 nos
3189 3055 3648 3123 beneficiorum
3684 3056 3990 3140 postulat,
4035 3059 4307 3125 minime

2364 3142 2628 3227 quidem
2683 3141 2852 3226 quod
2928 3151 3151 3208 nostra
3213 3141 3409 3208 laude
3476 3141 3828 3226 quidquam
3896 3153 4304 3227 assequatur,

2361 3238 2475 3296 aut
2518 3228 2747 3294 eadem
2800 3226 3115 3312 indigeat,
3172 3227 3287 3296 sed
3331 3228 3504 3311 quod
3550 3249 3831 3312 aequum
3874 3229 3981 3308 sit,
4025 3250 4145 3296 nos
4187 3250 4302 3295 au-

2361 3324 2569 3381 torem
2631 3313 3088 3380 beneficiorum
3156 3334 3526 3399 agnoscere,
3590 3323 3658 3380 et
3721 3313 3948 3381 laudes
4001 3314 4298 3380 eiusdem

2360 3400 2755 3485 praedicare,
2842 3420 3005 3483 quas
3090 3401 3233 3466 sine
3318 3399 3562 3466 scelere
3649 3400 3872 3466 nullus
3956 3401 4299 3467 omiserit?

2362 3486 2586 3569 Quare
2644 3493 2910 3570 apparet
2969 3486 3204 3552 merito
3259 3485 3369 3552 hic
3426 3484 3553 3550 dici
3607 3485 3765 3551 Heli
3822 3485 3951 3551 Dei
4002 3484 4174 3554 dona
4229 3487 4302 3552 in

2359 3574 2762 3639 contrarium
2800 3591 2991 3637 usum
3035 3572 3453 3649 convertisse,
3499 3579 3697 3655 atque
3739 3570 3902 3637 adeo
3943 3571 4149 3638 veluti
4193 3593 4304 3657 pe-

2360 3658 2551 3724 dibus
2615 3657 3027 3724 conculcasse
3091 3658 3219 3724 Dei
3281 3657 3488 3741 ipsius
3553 3657 3853 3743 gloriam.
3940 3656 4112 3723 Nam
4178 3659 4304 3725 etsi

2361 3765 2494 3810 non
2539 3763 2620 3810 ea
2650 3743 2775 3809 fuit
2809 3744 2950 3808 eius
2993 3764 3197 3822 mens,
3243 3742 3438 3827 culpa
3481 3752 3722 3823 tamen,
3764 3762 3900 3808 non
3926 3743 4074 3827 ipsa
4114 3765 4304 3811 mens

2362 3839 2461 3896 est
2505 3828 2924 3896 attendenda.
3012 3827 3198 3895 Deus
3240 3829 3419 3894 enim
3470 3849 3730 3911 semper
3773 3850 3933 3896 vera
3976 3829 4302 3914 proloqui·

2364 3927 2507 3981 tur:
2567 3925 2634 3980 et
2693 3913 3003 3981 mortales
3059 3934 3326 3981 causam
3384 3915 3557 3999 apud
3612 3917 3828 3998 ipsum
3877 3935 4062 3981 suam
4107 3937 4303 4000 agere

2361 4003 2418 4070 si
2494 4002 2822 4067 voluerint
2887 4000 3054 4066 nihil
3135 4021 3422 4083 unquam
3490 4000 3991 4083 promovebunt.
4080 4000 4302 4082 Quare

2361 4089 2469 4172 qui
2516 4086 2837 4154 sacrificia
2881 4107 3012 4152 nou
3059 4087 3185 4153 rite
3228 4086 3446 4166 coluit,
3488 4086 3603 4151 sed
3626 4087 3853 4151 eadem
3894 4088 4301 4172 contempsit,

2362 4173 2642 4259 pedibus
2685 4194 2765 4239 ea
2807 4171 3222 4239 conculcasse
3262 4172 3500 4237 merito
3545 4171 3858 4239 dicendus
3900 4180 4019 4238 est.
4080 4172 4301 4256 Atque

2364 4259 2524 4326 adeo
2583 4259 2787 4344 digna
2836 4258 3000 4324 haec
3055 4267 3214 4323 sunt
3271 4278 3435 4341 quae
3479 4255 3829 4342 diligenter
3870 4278 3911 4322 a
3951 4256 4141 4324 nobis
4184 4278 4301 4323 ex-

2362 4344 2753 4430 pendantur,
2815 4365 2901 4409 ne
2959 4342 3246 4410 eiusdem
3303 4363 3456 4409 cum
3513 4343 3674 4408 Heli
3736 4351 4147 4426 contemptus
4202 4343 4301 4410 rei

2362 4441 2580 4499 eoram
2626 4429 2915 4495 Domino
2952 4431 3204 4495 fiamus.
3294 4427 3449 4512 Sed,
3492 4429 3659 4513 proh
3704 4429 3918 4494 dolorl
3964 4449 4155 4514 quam
4203 4429 4299 4495 fa-

2363 4517 2505 4583 cilis
2565 4516 2810 4598 lapsus.
2899 4516 3070 4582 Nam
3116 4522 3194 4581 ut
3238 4514 3318 4580 de
3359 4514 3492 4580 Dei
3534 4515 3732 4593 cultu,
3783 4513 3992 4597 qualis
4035 4521 4138 4579 est
4179 4513 4299 4579 ho·

2364 4602 2489 4682 die,
2546 4600 2889 4685 spirituali,
2947 4611 3015 4667 et
3069 4600 3359 4667 eiusdem
3417 4600 3653 4667 ritibus
3696 4598 3940 4683 aliquid
3984 4599 4296 4679 dicamus,

2456 4689 2562 4767 ‘te‚
2608 4687 2665 4753 si
2708 4688 2780 4752 in
2823 4686 3161 4754 ecclesiam
3206 4685 3468 4770 quidem
3513 4684 3784 4762 oraturi,
3828 4684 4297 4751 confessionem

2365 4777 2407 4840 fi
2457 4775 2515 4839 ei
2597 4772 2855 4850 edituri,
2936 4785 3348 4839 sacramenta
3419 4771 3786 4856 percepturi
3850 4770 4298 4852 convenimus,

2363 4859 2479 4926 sed
2541 4859 2806 4924 interim
2860 4857 3156 4925 doctrina
3194 4879 3332 4925 non
3383 4865 3701 4941 quantum
3745 4856 4080 4939 oportebat
4119 4857 4296 4938 apud

2364 4967 2482 5012 nos
2540 4944 2794 5029 pondus
2851 4944 3108 5025 habeat,
3162 4943 3277 5011 sed
3329 4945 3536 5009 instar
3593 4940 3866 5007 anilium
3926 4941 4292 5007 fabularum

2361 5039 2430 5099 et
2471 5030 2791 5097 mendacii
2846 5031 2950 5110 sit,
3010 5032 3064 5098 si
3109 5029 3328 5096 Deum
3382 5027 3645 5112 quidem
3699 5025 3997 5110 precibus
4054 5026 4295 5095 sollici·

2362 5126 2599 5197 tamus,
2657 5115 2770 5183 sed
2826 5116 3227 5186 confusionis
3267 5123 3334 5181 et
3374 5112 3844 5180 irreverentiae
3899 5112 4094 5197 plena
4133 5121 4297 5179 sunt

2362 5203 2617 5270 omnia:
2693 5202 2751 5270 si
2831 5203 3111 5288 deniqne
3186 5207 3599 5268 sacramenta
3647 5198 3805 5265 sine
3867 5197 3997 5267 Dei
4059 5198 4302 5267 timore
