<?xml version="1.0" encoding="UTF-8"?>
<!DOCTYPE html PUBLIC "-//W3C//DTD XHTML 1.0 Transitional//EN"
    "http://www.w3.org/TR/xhtml1/DTD/xhtml1-transitional.dtd">
<html xmlns="http://www.w3.org/1999/xhtml" xml:lang="en" lang="en">
 <head>
  <title>
</title>
<meta http-equiv="Content-Type" content="text/html;charset=utf-8" />
  <meta name='ocr-system' content='tesseract 3.04.00' />
  <meta name='ocr-capabilities' content='ocr_page ocr_carea ocr_par ocr_line ocrx_word'/>
</head>
<body>
  <div class='ocr_page' id='page_1' title='image "./ioanniscalvinio07unkngoog_0793.png"; bbox 0 0 5059 6059; ppageno 0'>
   <div class='ocr_carea' id='block_1_1' title="bbox 135 0 2776 37">
    <p class='ocr_par' dir='ltr' id='par_1_1' title="bbox 135 0 2776 37">
     <span class='ocr_line' id='line_1_1' title="bbox 135 0 2776 37; baseline 0 0"><span class='ocrx_word' id='word_1_1' title='bbox 135 0 2776 37; x_wconf 95' lang='lat' dir='ltr'><strong> </strong></span> 
     </span>
    </p>
   </div>
   <div class='ocr_carea' id='block_1_2' title="bbox 322 407 437 473">
    <p class='ocr_par' dir='ltr' id='par_1_2' title="bbox 322 407 437 473">
     <span class='ocr_line' id='line_1_2' title="bbox 322 407 437 473; baseline -0.009 0"><span class='ocrx_word' id='word_1_2' title='bbox 322 407 437 473; x_wconf 70' lang='lat'><strong>617</strong></span> 
     </span>
    </p>
   </div>
   <div class='ocr_carea' id='block_1_3' title="bbox 284 591 2276 5384">
    <p class='ocr_par' dir='ltr' id='par_1_3' title="bbox 284 591 2276 5384">
     <span class='ocr_line' id='line_1_3' title="bbox 323 591 2275 677; baseline -0.004 -13"><span class='ocrx_word' id='word_1_3' title='bbox 323 598 561 674; x_wconf 84' lang='lat' dir='ltr'><strong>tulisse,</strong></span> <span class='ocrx_word' id='word_1_4' title='bbox 617 603 686 661; x_wconf 83' lang='lat' dir='ltr'><strong>et</strong></span> <span class='ocrx_word' id='word_1_5' title='bbox 744 594 869 659; x_wconf 91' lang='lat' dir='ltr'><strong>hoc</strong></span> <span class='ocrx_word' id='word_1_6' title='bbox 927 591 1195 675; x_wconf 88' lang='lat' dir='ltr'><strong>quidem</strong></span> <span class='ocrx_word' id='word_1_7' title='bbox 1237 592 1365 657; x_wconf 89' lang='lat' dir='ltr'><strong>fuit</strong></span> <span class='ocrx_word' id='word_1_8' title='bbox 1406 592 1819 658; x_wconf 87' lang='lat' dir='ltr'><strong>inimicorum</strong></span> <span class='ocrx_word' id='word_1_9' title='bbox 1863 594 2073 677; x_wconf 86' lang='lat' dir='ltr'><strong>ipsius</strong></span> <span class='ocrx_word' id='word_1_10' title='bbox 2119 613 2275 658; x_wconf 90' lang='lat' dir='ltr'><strong>oon·</strong></span> 
     </span>
     <span class='ocr_line' id='line_1_4' title="bbox 324 676 2271 761; baseline -0.004 -10"><span class='ocrx_word' id='word_1_11' title='bbox 324 684 554 760; x_wconf 71' lang='lat' dir='ltr'><strong>silim,</strong></span> <span class='ocrx_word' id='word_1_12' title='bbox 601 687 679 746; x_wconf 89' lang='lat' dir='ltr'><strong>ut</strong></span> <span class='ocrx_word' id='word_1_13' title='bbox 721 686 878 745; x_wconf 87' lang='lat' dir='ltr'><strong>ante</strong></span> <span class='ocrx_word' id='word_1_14' title='bbox 923 677 1210 743; x_wconf 89' lang='lat' dir='ltr'><strong>vidimus</strong></span> <span class='ocrx_word' id='word_1_15' title='bbox 1253 678 1469 761; x_wconf 88' lang='lat' dir='ltr'><strong>ipsum</strong></span> <span class='ocrx_word' id='word_1_16' title='bbox 1516 699 1666 743; x_wconf 89' lang='lat' dir='ltr'><strong>eum</strong></span> <span class='ocrx_word' id='word_1_17' title='bbox 1714 676 1916 745; x_wconf 84' lang='lat' dir='ltr'><strong>Saule</strong></span> <span class='ocrx_word' id='word_1_18' title='bbox 1962 689 2271 761; x_wconf 85' lang='lat' dir='ltr'><strong>expostu-</strong></span> 
     </span>
     <span class='ocr_line' id='line_1_5' title="bbox 325 762 2275 849; baseline -0.002 -15"><span class='ocrx_word' id='word_1_19' title='bbox 325 771 565 834; x_wconf 85' lang='lat' dir='ltr'><strong>lantem</strong></span> <span class='ocrx_word' id='word_1_20' title='bbox 592 766 697 832; x_wconf 89' lang='lat' dir='ltr'><strong>his</strong></span> <span class='ocrx_word' id='word_1_21' title='bbox 741 763 998 829; x_wconf 87' lang='lat' dir='ltr'><strong>verbis:</strong></span> <span class='ocrx_word' id='word_1_22' title='bbox 1051 762 1219 844; x_wconf 74' lang='lat' dir='ltr'><strong>Quia</strong></span> <span class='ocrx_word' id='word_1_23' title='bbox 1264 762 1577 845; x_wconf 76' lang='lat' dir='ltr'><strong>expellunt</strong></span> <span class='ocrx_word' id='word_1_24' title='bbox 1616 784 1713 829; x_wconf 76' lang='lat' dir='ltr'><strong>me</strong></span> <span class='ocrx_word' id='word_1_25' title='bbox 1754 762 1935 830; x_wconf 74' lang='lat' dir='ltr'><strong>hodie</strong></span> <span class='ocrx_word' id='word_1_26' title='bbox 1979 784 2055 829; x_wconf 79' lang='lat' dir='ltr'><strong>ne</strong></span> <span class='ocrx_word' id='word_1_27' title='bbox 2097 782 2275 849; x_wconf 73' lang='lat' dir='ltr'><strong>ooop-</strong></span> 
     </span>
     <span class='ocr_line' id='line_1_6' title="bbox 326 847 2276 930; baseline -0.004 -10"><span class='ocrx_word' id='word_1_28' title='bbox 326 860 485 921; x_wconf 71' lang='lat' dir='ltr'><strong>tatus</strong></span> <span class='ocrx_word' id='word_1_29' title='bbox 525 853 845 918; x_wconf 62' lang='lat' dir='ltr'><strong>haeream</strong></span> <span class='ocrx_word' id='word_1_30' title='bbox 853 849 1247 930; x_wconf 76' lang='lat' dir='ltr'><strong>possessioni</strong></span> <span class='ocrx_word' id='word_1_31' title='bbox 1277 847 1559 926; x_wconf 73' lang='lat' dir='ltr'><strong>Iskome,</strong></span> <span class='ocrx_word' id='word_1_32' title='bbox 1603 850 1908 915; x_wconf 79' lang='lat' dir='ltr'><strong>dicentes:</strong></span> <span class='ocrx_word' id='word_1_33' title='bbox 1954 849 2104 927; x_wconf 65' lang='lat' dir='ltr'><strong>Abi,</strong></span> <span class='ocrx_word' id='word_1_34' title='bbox 2151 849 2276 915; x_wconf 83' lang='lat' dir='ltr'><strong>cole</strong></span> 
     </span>
     <span class='ocr_line' id='line_1_7' title="bbox 324 933 2273 1020; baseline -0.005 -13"><span class='ocrx_word' id='word_1_35' title='bbox 324 942 468 1007; x_wconf 76' lang='lat' dir='ltr'><strong>deos</strong></span> <span class='ocrx_word' id='word_1_36' title='bbox 487 938 755 1005; x_wconf 75' lang='lat' dir='ltr'><strong>alienos,</strong></span> <span class='ocrx_word' id='word_1_37' title='bbox 820 934 1164 999; x_wconf 78' lang='lat' dir='ltr'>Abstinuit</span> <span class='ocrx_word' id='word_1_38' title='bbox 1199 935 1489 1018; x_wconf 82' lang='lat' dir='ltr'><strong>profecto</strong></span> <span class='ocrx_word' id='word_1_39' title='bbox 1515 933 1733 999; x_wconf 85' lang='lat' dir='ltr'><strong>David</strong></span> <span class='ocrx_word' id='word_1_40' title='bbox 1766 935 1891 1000; x_wconf 90' lang='lat' dir='ltr'><strong>hoc</strong></span> <span class='ocrx_word' id='word_1_41' title='bbox 1912 944 2273 1020; x_wconf 86' lang='lat' dir='ltr'><strong>postremo:</strong></span> 
     </span>
     <span class='ocr_line' id='line_1_8' title="bbox 325 1019 2275 1103; baseline -0.004 -13"><span class='ocrx_word' id='word_1_42' title='bbox 325 1045 473 1091; x_wconf 87' lang='lat' dir='ltr'><strong>nam</strong></span> <span class='ocrx_word' id='word_1_43' title='bbox 532 1034 782 1089; x_wconf 87' lang='lat' dir='ltr'><strong>certum</strong></span> <span class='ocrx_word' id='word_1_44' title='bbox 836 1031 938 1086; x_wconf 89' lang='lat' dir='ltr'><strong>est</strong></span> <span class='ocrx_word' id='word_1_45' title='bbox 978 1019 1199 1103; x_wconf 90' lang='lat' dir='ltr'><strong>ipsum</strong></span> <span class='ocrx_word' id='word_1_46' title='bbox 1243 1040 1369 1083; x_wconf 93' lang='lat' dir='ltr'><strong>non</strong></span> <span class='ocrx_word' id='word_1_47' title='bbox 1418 1019 1618 1084; x_wconf 82' lang='lat' dir='ltr'><strong>fuisse</strong></span> <span class='ocrx_word' id='word_1_48' title='bbox 1665 1020 1797 1085; x_wconf 91' lang='lat' dir='ltr'><strong>ullo</strong></span> <span class='ocrx_word' id='word_1_49' title='bbox 1842 1020 2022 1085; x_wconf 89' lang='lat' dir='ltr'><strong>cultu</strong></span> <span class='ocrx_word' id='word_1_50' title='bbox 2070 1019 2275 1085; x_wconf 82' lang='lat' dir='ltr'><strong>idolo-</strong></span> 
     </span>
     <span class='ocr_line' id='line_1_9' title="bbox 326 1104 2273 1191; baseline -0.003 -14"><span class='ocrx_word' id='word_1_51' title='bbox 326 1111 548 1177; x_wconf 87' lang='lat' dir='ltr'><strong>latrico</strong></span> <span class='ocrx_word' id='word_1_52' title='bbox 587 1108 911 1191; x_wconf 89' lang='lat' dir='ltr'><strong>pollutum</strong></span> <span class='ocrx_word' id='word_1_53' title='bbox 959 1104 1070 1170; x_wconf 87' lang='lat' dir='ltr'><strong>sed</strong></span> <span class='ocrx_word' id='word_1_54' title='bbox 1120 1114 1344 1169; x_wconf 88' lang='lat' dir='ltr'><strong>tamen</strong></span> <span class='ocrx_word' id='word_1_55' title='bbox 1387 1104 1467 1168; x_wconf 90' lang='lat' dir='ltr'><strong>ad</strong></span> <span class='ocrx_word' id='word_1_56' title='bbox 1513 1105 2001 1171; x_wconf 88' lang='lat' dir='ltr'><strong>incredulorum</strong></span> <span class='ocrx_word' id='word_1_57' title='bbox 2046 1116 2113 1171; x_wconf 91' lang='lat' dir='ltr'><strong>et</strong></span> <span class='ocrx_word' id='word_1_58' title='bbox 2152 1125 2273 1189; x_wconf 90' lang='lat' dir='ltr'><strong>po·-</strong></span> 
     </span>
     <span class='ocr_line' id='line_1_10' title="bbox 321 1189 2271 1281; baseline -0.004 -20"><span class='ocrx_word' id='word_1_59' title='bbox 321 1196 459 1281; x_wconf 88' lang='lat' dir='ltr'><strong>puli</strong></span> <span class='ocrx_word' id='word_1_60' title='bbox 502 1195 739 1261; x_wconf 88' lang='lat' dir='ltr'><strong>iudaiei</strong></span> <span class='ocrx_word' id='word_1_61' title='bbox 780 1189 1381 1256; x_wconf 85' lang='lat' dir='ltr'><strong>infensissimorum</strong></span> <span class='ocrx_word' id='word_1_62' title='bbox 1418 1189 1706 1256; x_wconf 91' lang='lat' dir='ltr'><strong>hostium</strong></span> <span class='ocrx_word' id='word_1_63' title='bbox 1759 1190 2271 1258; x_wconf 88' lang='lat' dir='ltr'><strong>misericordiam</strong></span> 
     </span>
     <span class='ocr_line' id='line_1_11' title="bbox 323 1275 2273 1365; baseline -0.004 -18"><span class='ocrx_word' id='word_1_64' title='bbox 323 1280 688 1365; x_wconf 87' lang='lat' dir='ltr'><strong>confugere,</strong></span> <span class='ocrx_word' id='word_1_65' title='bbox 751 1284 818 1342; x_wconf 88' lang='lat' dir='ltr'><strong>et</strong></span> <span class='ocrx_word' id='word_1_66' title='bbox 867 1295 1056 1359; x_wconf 89' lang='lat' dir='ltr'><strong>opem</strong></span> <span class='ocrx_word' id='word_1_67' title='bbox 1100 1275 1394 1359; x_wconf 88' lang='lat' dir='ltr'><strong>ipsorum</strong></span> <span class='ocrx_word' id='word_1_68' title='bbox 1440 1275 1790 1359; x_wconf 85' lang='lat' dir='ltr'><strong>implorare</strong></span> <span class='ocrx_word' id='word_1_69' title='bbox 1834 1287 2094 1344; x_wconf 86' lang='lat' dir='ltr'><strong>coactus</strong></span> <span class='ocrx_word' id='word_1_70' title='bbox 2139 1285 2273 1341; x_wconf 86' lang='lat' dir='ltr'><strong>est:</strong></span> 
     </span>
     <span class='ocr_line' id='line_1_12' title="bbox 321 1360 2269 1445; baseline -0.004 -12"><span class='ocrx_word' id='word_1_71' title='bbox 321 1367 470 1433; x_wconf 85' lang='lat' dir='ltr'><strong>lieet</strong></span> <span class='ocrx_word' id='word_1_72' title='bbox 514 1367 647 1431; x_wconf 89' lang='lat' dir='ltr'><strong>iam</strong></span> <span class='ocrx_word' id='word_1_73' title='bbox 693 1372 890 1429; x_wconf 84' lang='lat' dir='ltr'><strong>antea</strong></span> <span class='ocrx_word' id='word_1_74' title='bbox 933 1360 1339 1445; x_wconf 87' lang='lat' dir='ltr'><strong>periclitatus</strong></span> <span class='ocrx_word' id='word_1_75' title='bbox 1382 1360 1559 1426; x_wconf 87' lang='lat' dir='ltr'><strong>inter</strong></span> <span class='ocrx_word' id='word_1_76' title='bbox 1601 1361 1749 1428; x_wconf 91' lang='lat' dir='ltr'><strong>illos</strong></span> <span class='ocrx_word' id='word_1_77' title='bbox 1800 1372 1991 1443; x_wconf 86' lang='lat' dir='ltr'><strong>esset,</strong></span> <span class='ocrx_word' id='word_1_78' title='bbox 2055 1370 2130 1427; x_wconf 92' lang='lat' dir='ltr'><strong>ut</strong></span> <span class='ocrx_word' id='word_1_79' title='bbox 2176 1362 2269 1427; x_wconf 79' lang='lat' dir='ltr'><strong>vi·</strong></span> 
     </span>
     <span class='ocr_line' id='line_1_13' title="bbox 324 1445 2269 1533; baseline -0.003 -16"><span class='ocrx_word' id='word_1_80' title='bbox 324 1452 539 1518; x_wconf 87' lang='lat' dir='ltr'><strong>dimus</strong></span> <span class='ocrx_word' id='word_1_81' title='bbox 591 1451 808 1533; x_wconf 91' lang='lat' dir='ltr'><strong>ipsum</strong></span> <span class='ocrx_word' id='word_1_82' title='bbox 853 1452 1118 1532; x_wconf 78' lang='lat' dir='ltr'><strong>captum</strong></span> <span class='ocrx_word' id='word_1_83' title='bbox 1163 1468 1205 1511; x_wconf 93' lang='lat' dir='ltr'><strong>a</strong></span> <span class='ocrx_word' id='word_1_84' title='bbox 1247 1445 1673 1513; x_wconf 88' lang='lat' dir='ltr'><strong>Philisthaeis</strong></span> <span class='ocrx_word' id='word_1_85' title='bbox 1718 1457 1784 1513; x_wconf 89' lang='lat' dir='ltr'><strong>et</strong></span> <span class='ocrx_word' id='word_1_86' title='bbox 1825 1448 2000 1531; x_wconf 88' lang='lat' dir='ltr'><strong>apud</strong></span> <span class='ocrx_word' id='word_1_87' title='bbox 2047 1467 2269 1532; x_wconf 82' lang='lat' dir='ltr'><strong>regem</strong></span> 
     </span>
     <span class='ocr_line' id='line_1_14' title="bbox 323 1532 2273 1616; baseline -0.005 -11"><span class='ocrx_word' id='word_1_88' title='bbox 323 1545 697 1605; x_wconf 86' lang='lat' dir='ltr'><strong>accusatum</strong></span> <span class='ocrx_word' id='word_1_89' title='bbox 756 1535 823 1599; x_wconf 91' lang='lat' dir='ltr'><strong>in</strong></span> <span class='ocrx_word' id='word_1_90' title='bbox 884 1532 1232 1598; x_wconf 88' lang='lat' dir='ltr'><strong>discrimen</strong></span> <span class='ocrx_word' id='word_1_91' title='bbox 1295 1532 1553 1599; x_wconf 88' lang='lat' dir='ltr'><strong>venisse</strong></span> <span class='ocrx_word' id='word_1_92' title='bbox 1612 1534 1877 1616; x_wconf 85' lang='lat' dir='ltr'><strong>capitis,</strong></span> <span class='ocrx_word' id='word_1_93' title='bbox 1952 1542 2024 1599; x_wconf 91' lang='lat' dir='ltr'><strong>ut</strong></span> <span class='ocrx_word' id='word_1_94' title='bbox 2090 1532 2273 1598; x_wconf 91' lang='lat' dir='ltr'><strong>nulla</strong></span> 
     </span>
     <span class='ocr_line' id='line_1_15' title="bbox 320 1616 2271 1708; baseline -0.004 -19"><span class='ocrx_word' id='word_1_95' title='bbox 320 1625 444 1708; x_wconf 87' lang='lat' dir='ltr'><strong>ipsi</strong></span> <span class='ocrx_word' id='word_1_96' title='bbox 480 1623 681 1687; x_wconf 78' lang='lat' dir='ltr'><strong>fuerit</strong></span> <span class='ocrx_word' id='word_1_97' title='bbox 714 1619 847 1686; x_wconf 91' lang='lat' dir='ltr'><strong>alia</strong></span> <span class='ocrx_word' id='word_1_98' title='bbox 884 1618 1081 1683; x_wconf 91' lang='lat' dir='ltr'><strong>huius</strong></span> <span class='ocrx_word' id='word_1_99' title='bbox 1116 1616 1476 1702; x_wconf 85' lang='lat' dir='ltr'><strong>effugiendi</strong></span> <span class='ocrx_word' id='word_1_100' title='bbox 1523 1619 1795 1701; x_wconf 89' lang='lat' dir='ltr'><strong>periculi</strong></span> <span class='ocrx_word' id='word_1_101' title='bbox 1844 1620 2029 1700; x_wconf 86' lang='lat' dir='ltr'><strong>ratic,</strong></span> <span class='ocrx_word' id='word_1_102' title='bbox 2073 1638 2271 1702; x_wconf 89' lang='lat' dir='ltr'><strong>quam</strong></span> 
     </span>
     <span class='ocr_line' id='line_1_16' title="bbox 319 1703 2274 1790; baseline -0.004 -15"><span class='ocrx_word' id='word_1_103' title='bbox 319 1709 647 1775; x_wconf 87' lang='lat' dir='ltr'><strong>insaniam</strong></span> <span class='ocrx_word' id='word_1_104' title='bbox 706 1703 1051 1781; x_wconf 89' lang='lat' dir='ltr'><strong>simulare,</strong></span> <span class='ocrx_word' id='word_1_105' title='bbox 1112 1703 1479 1786; x_wconf 90' lang='lat' dir='ltr'><strong>spumando</strong></span> <span class='ocrx_word' id='word_1_106' title='bbox 1538 1717 1605 1769; x_wconf 90' lang='lat' dir='ltr'><strong>et</strong></span> <span class='ocrx_word' id='word_1_107' title='bbox 1660 1713 1886 1790; x_wconf 84' lang='lat' dir='ltr'><strong>gestus</strong></span> <span class='ocrx_word' id='word_1_108' title='bbox 1942 1706 2158 1770; x_wconf 88' lang='lat' dir='ltr'><strong>insani</strong></span> <span class='ocrx_word' id='word_1_109' title='bbox 2205 1709 2274 1768; x_wconf 88' lang='lat' dir='ltr'><strong>et</strong></span> 
     </span>
     <span class='ocr_line' id='line_1_17' title="bbox 318 1787 2270 1873; baseline -0.004 -12"><span class='ocrx_word' id='word_1_110' title='bbox 318 1794 546 1861; x_wconf 79' lang='lat' dir='ltr'><strong>furiosi</strong></span> <span class='ocrx_word' id='word_1_111' title='bbox 606 1790 894 1859; x_wconf 91' lang='lat' dir='ltr'><strong>hominis</strong></span> <span class='ocrx_word' id='word_1_112' title='bbox 945 1788 1339 1854; x_wconf 87' lang='lat' dir='ltr'><strong>simulando.</strong></span> <span class='ocrx_word' id='word_1_113' title='bbox 1429 1787 1655 1870; x_wconf 81' lang='lat' dir='ltr'><strong>Quare</strong></span> <span class='ocrx_word' id='word_1_114' title='bbox 1699 1811 1897 1873; x_wconf 89' lang='lat' dir='ltr'><strong>quum</strong></span> <span class='ocrx_word' id='word_1_115' title='bbox 1941 1790 2157 1856; x_wconf 90' lang='lat' dir='ltr'><strong>denuo</strong></span> <span class='ocrx_word' id='word_1_116' title='bbox 2201 1790 2270 1854; x_wconf 93' lang='lat' dir='ltr'><strong>in</strong></span> 
     </span>
     <span class='ocr_line' id='line_1_18' title="bbox 319 1873 2273 1958; baseline -0.003 -13"><span class='ocrx_word' id='word_1_117' title='bbox 319 1880 490 1946; x_wconf 79' lang='lat' dir='ltr'><strong>hauc</strong></span> <span class='ocrx_word' id='word_1_118' title='bbox 557 1877 1013 1944; x_wconf 89' lang='lat' dir='ltr'><strong>necessitatem</strong></span> <span class='ocrx_word' id='word_1_119' title='bbox 1079 1873 1402 1957; x_wconf 88' lang='lat' dir='ltr'><strong>impulsus</strong></span> <span class='ocrx_word' id='word_1_120' title='bbox 1461 1885 1594 1955; x_wconf 89' lang='lat' dir='ltr'><strong>est,</strong></span> <span class='ocrx_word' id='word_1_121' title='bbox 1658 1876 1951 1958; x_wconf 89' lang='lat' dir='ltr'><strong>profecto</strong></span> <span class='ocrx_word' id='word_1_122' title='bbox 2013 1875 2273 1941; x_wconf 86' lang='lat' dir='ltr'><strong>venisse</strong></span> 
     </span>
     <span class='ocr_line' id='line_1_19' title="bbox 319 1959 2269 2050; baseline -0.003 -20"><span class='ocrx_word' id='word_1_123' title='bbox 319 1965 537 2050; x_wconf 85' lang='lat' dir='ltr'><strong>ipsum</strong></span> <span class='ocrx_word' id='word_1_124' title='bbox 592 1965 667 2030; x_wconf 88' lang='lat' dir='ltr'><strong>in</strong></span> <span class='ocrx_word' id='word_1_125' title='bbox 726 1981 1004 2044; x_wconf 86' lang='lat' dir='ltr'><strong>magnas</strong></span> <span class='ocrx_word' id='word_1_126' title='bbox 1064 1960 1403 2043; x_wconf 86' lang='lat' dir='ltr'><strong>augustias</strong></span> <span class='ocrx_word' id='word_1_127' title='bbox 1460 1981 1589 2025; x_wconf 90' lang='lat' dir='ltr'><strong>non</strong></span> <span class='ocrx_word' id='word_1_128' title='bbox 1650 1969 1748 2027; x_wconf 88' lang='lat' dir='ltr'><strong>est</strong></span> <span class='ocrx_word' id='word_1_129' title='bbox 1816 1959 2269 2040; x_wconf 84' lang='lat' dir='ltr'><strong>dubitandum,</strong></span> 
     </span>
     <span class='ocr_line' id='line_1_20' title="bbox 314 2045 2271 2135; baseline -0.004 -18"><span class='ocrx_word' id='word_1_130' title='bbox 314 2051 487 2135; x_wconf 87' lang='lat' dir='ltr'><strong>quod</strong></span> <span class='ocrx_word' id='word_1_131' title='bbox 540 2058 890 2134; x_wconf 73' lang='lat' dir='ltr'><strong>cogeretur</strong></span> <span class='ocrx_word' id='word_1_132' title='bbox 964 2055 1036 2110; x_wconf 90' lang='lat' dir='ltr'><strong>ut</strong></span> <span class='ocrx_word' id='word_1_133' title='bbox 1097 2046 1490 2128; x_wconf 82' lang='lat' dir='ltr'><strong>peregrinus</strong></span> <span class='ocrx_word' id='word_1_134' title='bbox 1533 2047 1606 2110; x_wconf 92' lang='lat' dir='ltr'><strong>in</strong></span> <span class='ocrx_word' id='word_1_135' title='bbox 1674 2045 1890 2113; x_wconf 90' lang='lat' dir='ltr'><strong>aliena</strong></span> <span class='ocrx_word' id='word_1_136' title='bbox 1936 2060 2114 2113; x_wconf 89' lang='lat' dir='ltr'><strong>terra</strong></span> <span class='ocrx_word' id='word_1_137' title='bbox 2155 2066 2271 2111; x_wconf 88' lang='lat' dir='ltr'><strong>ex-</strong></span> 
     </span>
     <span class='ocr_line' id='line_1_21' title="bbox 313 2130 2271 2214; baseline -0.004 -11"><span class='ocrx_word' id='word_1_138' title='bbox 313 2136 550 2204; x_wconf 81' lang='lat' dir='ltr'><strong>sulare.</strong></span> <span class='ocrx_word' id='word_1_139' title='bbox 640 2134 812 2200; x_wconf 85' lang='lat' dir='ltr'><strong>Nam</strong></span> <span class='ocrx_word' id='word_1_140' title='bbox 857 2132 978 2197; x_wconf 87' lang='lat' dir='ltr'><strong>etsi</strong></span> <span class='ocrx_word' id='word_1_141' title='bbox 1025 2131 1344 2197; x_wconf 89' lang='lat' dir='ltr'><strong>coniicere</strong></span> <span class='ocrx_word' id='word_1_142' title='bbox 1388 2151 1735 2214; x_wconf 90' lang='lat' dir='ltr'><strong>possumus</strong></span> <span class='ocrx_word' id='word_1_143' title='bbox 1797 2152 1927 2197; x_wconf 90' lang='lat' dir='ltr'><strong>non</strong></span> <span class='ocrx_word' id='word_1_144' title='bbox 1987 2130 2271 2198; x_wconf 90' lang='lat' dir='ltr'><strong>eundem</strong></span> 
     </span>
     <span class='ocr_line' id='line_1_22' title="bbox 312 2215 2273 2305; baseline -0.004 -16"><span class='ocrx_word' id='word_1_145' title='bbox 312 2222 516 2289; x_wconf 84' lang='lat' dir='ltr'><strong>fuisse</strong></span> <span class='ocrx_word' id='word_1_146' title='bbox 571 2239 829 2305; x_wconf 80' lang='lat' dir='ltr'><strong>regem:</strong></span> <span class='ocrx_word' id='word_1_147' title='bbox 892 2235 1023 2281; x_wconf 90' lang='lat' dir='ltr'><strong>non</strong></span> <span class='ocrx_word' id='word_1_148' title='bbox 1085 2217 1263 2280; x_wconf 90' lang='lat' dir='ltr'><strong>onim</strong></span> <span class='ocrx_word' id='word_1_149' title='bbox 1322 2215 1440 2282; x_wconf 88' lang='lat' dir='ltr'><strong>abs</strong></span> <span class='ocrx_word' id='word_1_150' title='bbox 1500 2239 1569 2282; x_wconf 90' lang='lat' dir='ltr'><strong>re</strong></span> <span class='ocrx_word' id='word_1_151' title='bbox 1628 2219 2010 2284; x_wconf 88' lang='lat' dir='ltr'><strong>nominatur</strong></span> <span class='ocrx_word' id='word_1_152' title='bbox 2064 2217 2273 2283; x_wconf 88' lang='lat' dir='ltr'><strong>Achis</strong></span> 
     </span>
     <span class='ocr_line' id='line_1_23' title="bbox 314 2300 2271 2382; baseline -0.003 -9"><span class='ocrx_word' id='word_1_153' title='bbox 314 2308 499 2373; x_wconf 84' lang='lat' dir='ltr'><strong>filius</strong></span> <span class='ocrx_word' id='word_1_154' title='bbox 569 2306 826 2382; x_wconf 86' lang='lat' dir='ltr'><strong>Mauci,</strong></span> <span class='ocrx_word' id='word_1_155' title='bbox 913 2309 987 2366; x_wconf 87' lang='lat' dir='ltr'><strong>ut</strong></span> <span class='ocrx_word' id='word_1_156' title='bbox 1065 2300 1452 2368; x_wconf 74' lang='lat' dir='ltr'><strong>ostendatur</strong></span> <span class='ocrx_word' id='word_1_157' title='bbox 1544 2324 1680 2366; x_wconf 91' lang='lat' dir='ltr'><strong>non</strong></span> <span class='ocrx_word' id='word_1_158' title='bbox 1750 2323 1899 2369; x_wconf 90' lang='lat' dir='ltr'><strong>eum</strong></span> <span class='ocrx_word' id='word_1_159' title='bbox 1972 2324 2114 2370; x_wconf 87' lang='lat' dir='ltr'><strong>esse</strong></span> <span class='ocrx_word' id='word_1_160' title='bbox 2187 2301 2271 2368; x_wconf 89' lang='lat' dir='ltr'><strong>ad</strong></span> 
     </span>
     <span class='ocr_line' id='line_1_24' title="bbox 312 2387 2269 2477; baseline -0.003 -19"><span class='ocrx_word' id='word_1_161' title='bbox 312 2413 511 2477; x_wconf 88' lang='lat' dir='ltr'><strong>quem</strong></span> <span class='ocrx_word' id='word_1_162' title='bbox 557 2390 779 2458; x_wconf 85' lang='lat' dir='ltr'><strong>David</strong></span> <span class='ocrx_word' id='word_1_163' title='bbox 832 2387 1085 2470; x_wconf 79' lang='lat' dir='ltr'><strong>aliquot</strong></span> <span class='ocrx_word' id='word_1_164' title='bbox 1129 2389 1320 2452; x_wconf 85' lang='lat' dir='ltr'><strong>annis</strong></span> <span class='ocrx_word' id='word_1_165' title='bbox 1367 2387 1689 2454; x_wconf 88' lang='lat' dir='ltr'><strong>deductus</strong></span> <span class='ocrx_word' id='word_1_166' title='bbox 1734 2388 1983 2470; x_wconf 83' lang='lat' dir='ltr'><strong>fuerat3</strong></span> <span class='ocrx_word' id='word_1_167' title='bbox 2045 2397 2269 2453; x_wconf 87' lang='lat' dir='ltr'><strong>tamen</strong></span> 
     </span>
     <span class='ocr_line' id='line_1_25' title="bbox 398 2471 2269 2561; baseline -0.004 -17"><span class='ocrx_word' id='word_1_168' title='bbox 398 2485 709 2561; x_wconf 87' lang='lat' dir='ltr'><strong>rpetuum</strong></span> <span class='ocrx_word' id='word_1_169' title='bbox 751 2474 953 2540; x_wconf 86' lang='lat' dir='ltr'><strong>fuisse</strong></span> <span class='ocrx_word' id='word_1_170' title='bbox 996 2472 1174 2536; x_wconf 89' lang='lat' dir='ltr'><strong>inter</strong></span> <span class='ocrx_word' id='word_1_171' title='bbox 1206 2471 1548 2539; x_wconf 76' lang='lat' dir='ltr'><strong>Israelitas</strong></span> <span class='ocrx_word' id='word_1_172' title='bbox 1592 2482 1658 2539; x_wconf 93' lang='lat' dir='ltr'><strong>et</strong></span> <span class='ocrx_word' id='word_1_173' title='bbox 1694 2472 2087 2540; x_wconf 89' lang='lat' dir='ltr'><strong>Philistinos</strong></span> <span class='ocrx_word' id='word_1_174' title='bbox 2130 2472 2269 2539; x_wconf 88' lang='lat' dir='ltr'><strong>bel-</strong></span> 
     </span>
     <span class='ocr_line' id='line_1_26' title="bbox 336 2558 2269 2642; baseline -0.004 -11"><span class='ocrx_word' id='word_1_175' title='bbox 336 2585 473 2642; x_wconf 90' lang='lat' dir='ltr'><strong>um,</strong></span> <span class='ocrx_word' id='word_1_176' title='bbox 531 2570 790 2630; x_wconf 89' lang='lat' dir='ltr'><strong>certum</strong></span> <span class='ocrx_word' id='word_1_177' title='bbox 846 2565 967 2624; x_wconf 88' lang='lat' dir='ltr'><strong>est.</strong></span> <span class='ocrx_word' id='word_1_178' title='bbox 1056 2558 1246 2624; x_wconf 87' lang='lat' dir='ltr'><strong>Licet</strong></span> <span class='ocrx_word' id='word_1_179' title='bbox 1291 2560 1512 2642; x_wconf 84' lang='lat' dir='ltr'><strong>itaque</strong></span> <span class='ocrx_word' id='word_1_180' title='bbox 1557 2559 1801 2628; x_wconf 86' lang='lat' dir='ltr'><strong>Davidi</strong></span> <span class='ocrx_word' id='word_1_181' title='bbox 1842 2559 2010 2626; x_wconf 90' lang='lat' dir='ltr'><strong>liber</strong></span> <span class='ocrx_word' id='word_1_182' title='bbox 2052 2558 2269 2624; x_wconf 89' lang='lat' dir='ltr'><strong>aditus</strong></span> 
     </span>
     <span class='ocr_line' id='line_1_27' title="bbox 309 2645 2270 2736; baseline -0.003 -21"><span class='ocrx_word' id='word_1_183' title='bbox 309 2650 530 2736; x_wconf 86' lang='lat' dir='ltr'><strong>patria</strong></span> <span class='ocrx_word' id='word_1_184' title='bbox 589 2650 662 2714; x_wconf 88' lang='lat' dir='ltr'><strong>in</strong></span> <span class='ocrx_word' id='word_1_185' title='bbox 706 2645 1218 2713; x_wconf 87' lang='lat' dir='ltr'><strong>Philistaeorum</strong></span> <span class='ocrx_word' id='word_1_186' title='bbox 1274 2646 1630 2729; x_wconf 84' lang='lat' dir='ltr'><strong>regionem,</strong></span> <span class='ocrx_word' id='word_1_187' title='bbox 1690 2657 1758 2710; x_wconf 89' lang='lat' dir='ltr'><strong>et</strong></span> <span class='ocrx_word' id='word_1_188' title='bbox 1805 2645 2185 2710; x_wconf 79' lang='lat' dir='ltr'><strong>humaniter</strong></span> <span class='ocrx_word' id='word_1_189' title='bbox 2228 2666 2270 2709; x_wconf 88' lang='lat' dir='ltr'><strong>a</strong></span> 
     </span>
     <span class='ocr_line' id='line_1_28' title="bbox 304 2731 2270 2819; baseline -0.004 -17"><span class='ocrx_word' id='word_1_190' title='bbox 304 2756 470 2819; x_wconf 86' lang='lat' dir='ltr'><strong>rege</strong></span> <span class='ocrx_word' id='word_1_191' title='bbox 521 2733 731 2801; x_wconf 85' lang='lat' dir='ltr'><strong>Achis</strong></span> <span class='ocrx_word' id='word_1_192' title='bbox 789 2738 1102 2813; x_wconf 86' lang='lat' dir='ltr'><strong>exceptus</strong></span> <span class='ocrx_word' id='word_1_193' title='bbox 1158 2740 1291 2810; x_wconf 84' lang='lat' dir='ltr'><strong>est,</strong></span> <span class='ocrx_word' id='word_1_194' title='bbox 1351 2744 1574 2795; x_wconf 85' lang='lat' dir='ltr'><strong>tamen</strong></span> <span class='ocrx_word' id='word_1_195' title='bbox 1634 2732 1701 2796; x_wconf 91' lang='lat' dir='ltr'><strong>in</strong></span> <span class='ocrx_word' id='word_1_196' title='bbox 1761 2731 2095 2815; x_wconf 89' lang='lat' dir='ltr'><strong>perpetuis</strong></span> <span class='ocrx_word' id='word_1_197' title='bbox 2154 2750 2270 2795; x_wconf 91' lang='lat' dir='ltr'><strong>an·</strong></span> 
     </span>
     <span class='ocr_line' id='line_1_29' title="bbox 300 2814 2266 2908; baseline -0.003 -22"><span class='ocrx_word' id='word_1_198' title='bbox 300 2821 550 2908; x_wconf 80' lang='lat' dir='ltr'><strong>gustiis</strong></span> <span class='ocrx_word' id='word_1_199' title='bbox 608 2820 751 2885; x_wconf 81' lang='lat' dir='ltr'><strong>fnit.</strong></span> <span class='ocrx_word' id='word_1_200' title='bbox 838 2817 932 2881; x_wconf 82' lang='lat' dir='ltr'><strong>Et</strong></span> <span class='ocrx_word' id='word_1_201' title='bbox 976 2816 1069 2880; x_wconf 85' lang='lat' dir='ltr'><strong>ita</strong></span> <span class='ocrx_word' id='word_1_202' title='bbox 1114 2814 1414 2881; x_wconf 87' lang='lat' dir='ltr'><strong>videmus</strong></span> <span class='ocrx_word' id='word_1_203' title='bbox 1459 2814 1748 2881; x_wconf 81' lang='lat' dir='ltr'><strong>voluisse</strong></span> <span class='ocrx_word' id='word_1_204' title='bbox 1791 2816 2014 2881; x_wconf 92' lang='lat' dir='ltr'><strong>Deum</strong></span> <span class='ocrx_word' id='word_1_205' title='bbox 2058 2814 2266 2899; x_wconf 88' lang='lat' dir='ltr'><strong>ipsius</strong></span> 
     </span>
     <span class='ocr_line' id='line_1_30' title="bbox 296 2900 2268 2992; baseline -0.003 -21"><span class='ocrx_word' id='word_1_206' title='bbox 296 2906 696 2992; x_wconf 85' lang='lat' dir='ltr'><strong>patientiam</strong></span> <span class='ocrx_word' id='word_1_207' title='bbox 771 2901 1151 2987; x_wconf 89' lang='lat' dir='ltr'><strong>explorare,</strong></span> <span class='ocrx_word' id='word_1_208' title='bbox 1222 2900 1750 2986; x_wconf 87' lang='lat' dir='ltr'><strong>quandoquidem</strong></span> <span class='ocrx_word' id='word_1_209' title='bbox 1823 2912 1970 2985; x_wconf 89' lang='lat' dir='ltr'><strong>post</strong></span> <span class='ocrx_word' id='word_1_210' title='bbox 2022 2901 2268 2966; x_wconf 89' lang='lat' dir='ltr'><strong>multas</strong></span> 
     </span>
     <span class='ocr_line' id='line_1_31' title="bbox 295 2985 2269 3078; baseline -0.005 -19"><span class='ocrx_word' id='word_1_211' title='bbox 295 3012 555 3078; x_wconf 80' lang='lat' dir='ltr'><strong>graves</strong></span> <span class='ocrx_word' id='word_1_212' title='bbox 611 3001 677 3056; x_wconf 84' lang='lat' dir='ltr'><strong>et</strong></span> <span class='ocrx_word' id='word_1_213' title='bbox 732 2990 967 3073; x_wconf 82' lang='lat' dir='ltr'><strong>longas</strong></span> <span class='ocrx_word' id='word_1_214' title='bbox 1024 2985 1460 3066; x_wconf 83' lang='lat' dir='ltr'><strong>difficultates,</strong></span> <span class='ocrx_word' id='word_1_215' title='bbox 1522 2997 1787 3053; x_wconf 81' lang='lat' dir='ltr'><strong>coactus</strong></span> <span class='ocrx_word' id='word_1_216' title='bbox 1829 2996 1930 3052; x_wconf 89' lang='lat' dir='ltr'><strong>est</strong></span> <span class='ocrx_word' id='word_1_217' title='bbox 1975 2996 2152 3052; x_wconf 88' lang='lat' dir='ltr'><strong>terra</strong></span> <span class='ocrx_word' id='word_1_218' title='bbox 2196 2986 2269 3049; x_wconf 89' lang='lat' dir='ltr'><strong>in</strong></span> 
     </span>
     <span class='ocr_line' id='line_1_32' title="bbox 296 3071 2269 3163; baseline -0.004 -20"><span class='ocrx_word' id='word_1_219' title='bbox 296 3098 445 3163; x_wconf 87' lang='lat' dir='ltr'><strong>qua</strong></span> <span class='ocrx_word' id='word_1_220' title='bbox 486 3077 616 3142; x_wconf 89' lang='lat' dir='ltr'><strong>Dei</strong></span> <span class='ocrx_word' id='word_1_221' title='bbox 658 3076 877 3142; x_wconf 88' lang='lat' dir='ltr'><strong>cultus</strong></span> <span class='ocrx_word' id='word_1_222' title='bbox 929 3080 1074 3138; x_wconf 86' lang='lat' dir='ltr'><strong>erat</strong></span> <span class='ocrx_word' id='word_1_223' title='bbox 1129 3073 1386 3151; x_wconf 89' lang='lat' dir='ltr'><strong>relicta,</strong></span> <span class='ocrx_word' id='word_1_224' title='bbox 1446 3074 1514 3138; x_wconf 93' lang='lat' dir='ltr'><strong>in</strong></span> <span class='ocrx_word' id='word_1_225' title='bbox 1560 3080 1805 3138; x_wconf 88' lang='lat' dir='ltr'><strong>terram</strong></span> <span class='ocrx_word' id='word_1_226' title='bbox 1867 3071 2269 3138; x_wconf 85' lang='lat' dir='ltr'><strong>idololatrico</strong></span> 
     </span>
     <span class='ocr_line' id='line_1_33' title="bbox 297 3155 2268 3247; baseline -0.005 -18"><span class='ocrx_word' id='word_1_227' title='bbox 297 3163 494 3230; x_wconf 86' lang='lat' dir='ltr'><strong>cultu</strong></span> <span class='ocrx_word' id='word_1_228' title='bbox 548 3161 873 3247; x_wconf 90' lang='lat' dir='ltr'><strong>pollutam</strong></span> <span class='ocrx_word' id='word_1_229' title='bbox 931 3158 1183 3243; x_wconf 84' lang='lat' dir='ltr'><strong>fugere.</strong></span> <span class='ocrx_word' id='word_1_230' title='bbox 1242 3158 1459 3239; x_wconf 81' lang='lat' dir='ltr'><strong>Quam</strong></span> <span class='ocrx_word' id='word_1_231' title='bbox 1500 3158 1624 3223; x_wconf 83' lang='lat' dir='ltr'><strong>fuit</strong></span> <span class='ocrx_word' id='word_1_232' title='bbox 1668 3158 1795 3223; x_wconf 90' lang='lat' dir='ltr'><strong>ista</strong></span> <span class='ocrx_word' id='word_1_233' title='bbox 1836 3157 2122 3224; x_wconf 86' lang='lat' dir='ltr'><strong>conditio</strong></span> <span class='ocrx_word' id='word_1_234' title='bbox 2166 3155 2268 3221; x_wconf 90' lang='lat' dir='ltr'><strong>illi</strong></span> 
     </span>
     <span class='ocr_line' id='line_1_34' title="bbox 298 3241 2266 3331; baseline -0.005 -15"><span class='ocrx_word' id='word_1_235' title='bbox 298 3247 669 3328; x_wconf 69' lang='lat' dir='ltr'>dissimilia,</span> <span class='ocrx_word' id='word_1_236' title='bbox 728 3267 859 3331; x_wconf 90' lang='lat' dir='ltr'><strong>qua</strong></span> <span class='ocrx_word' id='word_1_237' title='bbox 915 3264 1190 3329; x_wconf 86' lang='lat' dir='ltr'><strong>regnum</strong></span> <span class='ocrx_word' id='word_1_238' title='bbox 1252 3245 1378 3328; x_wconf 87' lang='lat' dir='ltr'><strong>ipsi</strong></span> <span class='ocrx_word' id='word_1_239' title='bbox 1435 3242 1796 3310; x_wconf 82' lang='lat' dir='ltr'><strong>debebatur</strong></span> <span class='ocrx_word' id='word_1_240' title='bbox 1835 3244 1903 3309; x_wconf 92' lang='lat' dir='ltr'><strong>in</strong></span> <span class='ocrx_word' id='word_1_241' title='bbox 1946 3241 2266 3328; x_wconf 91' lang='lat' dir='ltr'><strong>populum</strong></span> 
     </span>
     <span class='ocr_line' id='line_1_35' title="bbox 296 3326 2267 3415; baseline -0.005 -13"><span class='ocrx_word' id='word_1_242' title='bbox 296 3358 341 3402; x_wconf 87' lang='lat' dir='ltr'><strong>a</strong></span> <span class='ocrx_word' id='word_1_243' title='bbox 390 3335 542 3400; x_wconf 90' lang='lat' dir='ltr'><strong>Deo</strong></span> <span class='ocrx_word' id='word_1_244' title='bbox 601 3333 882 3400; x_wconf 87' lang='lat' dir='ltr'><strong>electum</strong></span> <span class='ocrx_word' id='word_1_245' title='bbox 943 3342 1008 3396; x_wconf 88' lang='lat' dir='ltr'><strong>et</strong></span> <span class='ocrx_word' id='word_1_246' title='bbox 1065 3328 1469 3415; x_wconf 88' lang='lat' dir='ltr'><strong>adoptatum,</strong></span> <span class='ocrx_word' id='word_1_247' title='bbox 1527 3337 1605 3394; x_wconf 90' lang='lat' dir='ltr'><strong>ut</strong></span> <span class='ocrx_word' id='word_1_248' title='bbox 1659 3350 1777 3413; x_wconf 91' lang='lat' dir='ltr'><strong>pro</strong></span> <span class='ocrx_word' id='word_1_249' title='bbox 1833 3329 2049 3413; x_wconf 89' lang='lat' dir='ltr'><strong>capite</strong></span> <span class='ocrx_word' id='word_1_250' title='bbox 2093 3326 2267 3412; x_wconf 89' lang='lat' dir='ltr'><strong>quod</strong></span> 
     </span>
     <span class='ocr_line' id='line_1_36' title="bbox 296 3414 2268 3507; baseline -0.005 -20"><span class='ocrx_word' id='word_1_251' title='bbox 296 3422 439 3507; x_wconf 85' lang='lat' dir='ltr'><strong>ipsi</strong></span> <span class='ocrx_word' id='word_1_252' title='bbox 463 3419 841 3497; x_wconf 76' lang='lat' dir='ltr'><strong>debebatur,</strong></span> <span class='ocrx_word' id='word_1_253' title='bbox 890 3437 975 3482; x_wconf 91' lang='lat' dir='ltr'><strong>ne</strong></span> <span class='ocrx_word' id='word_1_254' title='bbox 1016 3415 1368 3481; x_wconf 88' lang='lat' dir='ltr'><strong>minimum</strong></span> <span class='ocrx_word' id='word_1_255' title='bbox 1414 3414 1679 3498; x_wconf 86' lang='lat' dir='ltr'><strong>quidem</strong></span> <span class='ocrx_word' id='word_1_256' title='bbox 1724 3415 2086 3482; x_wconf 85' lang='lat' dir='ltr'><strong>membrum</strong></span> <span class='ocrx_word' id='word_1_257' title='bbox 2124 3432 2268 3480; x_wconf 90' lang='lat' dir='ltr'><strong>esse</strong></span> 
     </span>
     <span class='ocr_line' id='line_1_37' title="bbox 295 3500 2271 3592; baseline -0.006 -18"><span class='ocrx_word' id='word_1_258' title='bbox 295 3508 441 3592; x_wconf 87' lang='lat' dir='ltr'><strong>ipsi</strong></span> <span class='ocrx_word' id='word_1_259' title='bbox 487 3505 763 3572; x_wconf 78' lang='lat' dir='ltr'><strong>licuerit.</strong></span> <span class='ocrx_word' id='word_1_260' title='bbox 822 3502 1066 3569; x_wconf 89' lang='lat' dir='ltr'><strong>Procul</strong></span> <span class='ocrx_word' id='word_1_261' title='bbox 1115 3501 1314 3568; x_wconf 91' lang='lat' dir='ltr'><strong>dubio</strong></span> <span class='ocrx_word' id='word_1_262' title='bbox 1350 3500 1597 3567; x_wconf 90' lang='lat' dir='ltr'><strong>Davidi</strong></span> <span class='ocrx_word' id='word_1_263' title='bbox 1645 3500 2048 3567; x_wconf 78' lang='lat' dir='ltr'><strong>satisfactum</strong></span> <span class='ocrx_word' id='word_1_264' title='bbox 2097 3507 2271 3565; x_wconf 84' lang='lat' dir='ltr'><strong>esset</strong></span> 
     </span>
     <span class='ocr_line' id='line_1_38' title="bbox 297 3585 2268 3675; baseline -0.005 -16"><span class='ocrx_word' id='word_1_265' title='bbox 297 3595 368 3659; x_wconf 87' lang='lat' dir='ltr'><strong>si</strong></span> <span class='ocrx_word' id='word_1_266' title='bbox 416 3592 741 3675; x_wconf 85' lang='lat' dir='ltr'><strong>potuisset</strong></span> <span class='ocrx_word' id='word_1_267' title='bbox 783 3609 948 3670; x_wconf 91' lang='lat' dir='ltr'><strong>esse,</strong></span> <span class='ocrx_word' id='word_1_268' title='bbox 1004 3594 1081 3653; x_wconf 91' lang='lat' dir='ltr'><strong>ut</strong></span> <span class='ocrx_word' id='word_1_269' title='bbox 1123 3589 1218 3653; x_wconf 89' lang='lat' dir='ltr'><strong>ita</strong></span> <span class='ocrx_word' id='word_1_270' title='bbox 1261 3589 1493 3669; x_wconf 89' lang='lat' dir='ltr'><strong>dicam,</strong></span> <span class='ocrx_word' id='word_1_271' title='bbox 1538 3607 1710 3651; x_wconf 86' lang='lat' dir='ltr'><strong>unus</strong></span> <span class='ocrx_word' id='word_1_272' title='bbox 1755 3607 1839 3651; x_wconf 91' lang='lat' dir='ltr'><strong>ex</strong></span> <span class='ocrx_word' id='word_1_273' title='bbox 1883 3585 2125 3669; x_wconf 90' lang='lat' dir='ltr'><strong>pedum</strong></span> <span class='ocrx_word' id='word_1_274' title='bbox 2168 3605 2268 3651; x_wconf 87' lang='lat' dir='ltr'><strong>ar·</strong></span> 
     </span>
     <span class='ocr_line' id='line_1_39' title="bbox 297 3672 2271 3760; baseline -0.005 -15"><span class='ocrx_word' id='word_1_275' title='bbox 297 3677 533 3745; x_wconf 75' lang='lat' dir='ltr'><strong>ticulis</strong></span> <span class='ocrx_word' id='word_1_276' title='bbox 588 3672 1139 3760; x_wconf 81' lang='lat' dir='ltr'><strong>quemadmodum</strong></span> <span class='ocrx_word' id='word_1_277' title='bbox 1185 3675 1326 3756; x_wconf 87' lang='lat' dir='ltr'><strong>ipse</strong></span> <span class='ocrx_word' id='word_1_278' title='bbox 1370 3673 1718 3758; x_wconf 89' lang='lat' dir='ltr'><strong>profitetur</strong></span> <span class='ocrx_word' id='word_1_279' title='bbox 1760 3673 1826 3736; x_wconf 93' lang='lat' dir='ltr'><strong>in</strong></span> <span class='ocrx_word' id='word_1_280' title='bbox 1868 3672 2153 3738; x_wconf 79' lang='lat' dir='ltr'><strong>Psalmis</strong></span> <span class='ocrx_word' id='word_1_281' title='bbox 2198 3690 2271 3735; x_wconf 90' lang='lat' dir='ltr'><strong>se</strong></span> 
     </span>
     <span class='ocr_line' id='line_1_40' title="bbox 296 3757 2271 3840; baseline -0.005 -10"><span class='ocrx_word' id='word_1_282' title='bbox 296 3763 625 3830; x_wconf 84' lang='lat' dir='ltr'><strong>maluisse</strong></span> <span class='ocrx_word' id='word_1_283' title='bbox 688 3760 986 3826; x_wconf 86' lang='lat' dir='ltr'><strong>habitare</strong></span> <span class='ocrx_word' id='word_1_284' title='bbox 1044 3759 1112 3824; x_wconf 91' lang='lat' dir='ltr'><strong>in</strong></span> <span class='ocrx_word' id='word_1_285' title='bbox 1187 3759 1354 3824; x_wconf 87' lang='lat' dir='ltr'><strong>atrio</strong></span> <span class='ocrx_word' id='word_1_286' title='bbox 1418 3758 1650 3823; x_wconf 88' lang='lat' dir='ltr'><strong>domus</strong></span> <span class='ocrx_word' id='word_1_287' title='bbox 1716 3757 2004 3834; x_wconf 87' lang='lat' dir='ltr'><strong>Domini,</strong></span> <span class='ocrx_word' id='word_1_288' title='bbox 2072 3777 2271 3840; x_wconf 87' lang='lat' dir='ltr'><strong>quam</strong></span> 
     </span>
     <span class='ocr_line' id='line_1_41' title="bbox 296 3842 2266 3926; baseline -0.005 -10"><span class='ocrx_word' id='word_1_289' title='bbox 296 3851 381 3916; x_wconf 82' lang='lat' dir='ltr'><strong>iu</strong></span> <span class='ocrx_word' id='word_1_290' title='bbox 432 3846 647 3915; x_wconf 89' lang='lat' dir='ltr'><strong>medio</strong></span> <span class='ocrx_word' id='word_1_291' title='bbox 692 3844 1205 3926; x_wconf 88' lang='lat' dir='ltr'><strong>incredulorum,</strong></span> <span class='ocrx_word' id='word_1_292' title='bbox 1253 3855 1321 3909; x_wconf 88' lang='lat' dir='ltr'><strong>et</strong></span> <span class='ocrx_word' id='word_1_293' title='bbox 1363 3843 1673 3909; x_wconf 89' lang='lat' dir='ltr'><strong>maluisse</strong></span> <span class='ocrx_word' id='word_1_294' title='bbox 1714 3842 2066 3909; x_wconf 87' lang='lat' dir='ltr'><strong>ianitorem</strong></span> <span class='ocrx_word' id='word_1_295' title='bbox 2105 3861 2266 3920; x_wconf 88' lang='lat' dir='ltr'><strong>esse,</strong></span> 
     </span>
     <span class='ocr_line' id='line_1_42' title="bbox 298 3927 2267 4017; baseline -0.005 -15"><span class='ocrx_word' id='word_1_296' title='bbox 298 3936 552 4002; x_wconf 85' lang='lat' dir='ltr'><strong>domus</strong></span> <span class='ocrx_word' id='word_1_297' title='bbox 594 3932 746 4017; x_wconf 87' lang='lat' dir='ltr'><strong>Dei,</strong></span> <span class='ocrx_word' id='word_1_298' title='bbox 805 3952 949 3997; x_wconf 90' lang='lat' dir='ltr'><strong>cum</strong></span> <span class='ocrx_word' id='word_1_299' title='bbox 997 3938 1187 3997; x_wconf 88' lang='lat' dir='ltr'><strong>coetu</strong></span> <span class='ocrx_word' id='word_1_300' title='bbox 1233 3928 1527 3995; x_wconf 90' lang='lat' dir='ltr'><strong>fidelium</strong></span> <span class='ocrx_word' id='word_1_301' title='bbox 1571 3927 2020 4009; x_wconf 87' lang='lat' dir='ltr'><strong>coniunctum,</strong></span> <span class='ocrx_word' id='word_1_302' title='bbox 2071 3947 2267 4011; x_wconf 89' lang='lat' dir='ltr'><strong>quam</strong></span> 
     </span>
     <span class='ocr_line' id='line_1_43' title="bbox 295 4013 2270 4101; baseline -0.005 -14"><span class='ocrx_word' id='word_1_303' title='bbox 295 4022 381 4087; x_wconf 88' lang='lat' dir='ltr'><strong>in</strong></span> <span class='ocrx_word' id='word_1_304' title='bbox 449 4041 485 4085; x_wconf 93' lang='lat' dir='ltr'><strong>r</strong></span> <span class='ocrx_word' id='word_1_305' title='bbox 571 4020 702 4082; x_wconf 86' lang='lat' dir='ltr'><strong>&#39;am</strong></span> <span class='ocrx_word' id='word_1_306' title='bbox 747 4018 1140 4101; x_wconf 83' lang='lat' dir='ltr'><strong>dignitatem</strong></span> <span class='ocrx_word' id='word_1_307' title='bbox 1185 4024 1491 4081; x_wconf 82' lang='lat' dir='ltr'><strong>evectum</strong></span> <span class='ocrx_word' id='word_1_308' title='bbox 1534 4032 1574 4078; x_wconf 79' lang='lat' dir='ltr'><strong>a</strong></span> <span class='ocrx_word' id='word_1_309' title='bbox 1615 4013 1860 4097; x_wconf 91' lang='lat' dir='ltr'><strong>populo</strong></span> <span class='ocrx_word' id='word_1_310' title='bbox 1908 4013 2037 4080; x_wconf 93' lang='lat' dir='ltr'><strong>Dei</strong></span> <span class='ocrx_word' id='word_1_311' title='bbox 2082 4032 2270 4097; x_wconf 89' lang='lat' dir='ltr'><strong>sepa·-</strong></span> 
     </span>
     <span class='ocr_line' id='line_1_44' title="bbox 298 4099 2268 4198; baseline -0.005 -26"><span class='ocrx_word' id='word_1_312' title='bbox 298 4106 473 4173; x_wconf 85' lang='lat' dir='ltr'><strong>rari.</strong></span> <span class='ocrx_word' id='word_1_313' title='bbox 586 4124 670 4169; x_wconf 94' lang='lat' dir='ltr'><strong>on</strong></span> <span class='ocrx_word' id='word_1_314' title='bbox 717 4103 992 4169; x_wconf 90' lang='lat' dir='ltr'><strong>dubium</strong></span> <span class='ocrx_word' id='word_1_315' title='bbox 1037 4109 1140 4167; x_wconf 90' lang='lat' dir='ltr'><strong>est</strong></span> <span class='ocrx_word' id='word_1_316' title='bbox 1180 4102 1388 4185; x_wconf 84' lang='lat' dir='ltr'><strong>igitur</strong></span> <span class='ocrx_word' id='word_1_317' title='bbox 1431 4100 1593 4198; x_wconf 83' lang='lat' dir='ltr'><strong>quin</strong></span> <span class='ocrx_word' id='word_1_318' title='bbox 1639 4099 2026 4182; x_wconf 83' lang='lat' dir='ltr'><strong>gravissima</strong></span> <span class='ocrx_word' id='word_1_319' title='bbox 2069 4100 2268 4165; x_wconf 83' lang='lat' dir='ltr'><strong>fuerit</strong></span> 
     </span>
     <span class='ocr_line' id='line_1_45' title="bbox 298 4186 2270 4271; baseline -0.005 -13"><span class='ocrx_word' id='word_1_320' title='bbox 298 4194 447 4259; x_wconf 86' lang='lat' dir='ltr'><strong>ista</strong></span> <span class='ocrx_word' id='word_1_321' title='bbox 484 4190 760 4256; x_wconf 87' lang='lat' dir='ltr'><strong>tentatio</strong></span> <span class='ocrx_word' id='word_1_322' title='bbox 802 4198 868 4254; x_wconf 87' lang='lat' dir='ltr'><strong>et</strong></span> <span class='ocrx_word' id='word_1_323' title='bbox 910 4208 1170 4254; x_wconf 90' lang='lat' dir='ltr'><strong>summa</strong></span> <span class='ocrx_word' id='word_1_324' title='bbox 1214 4195 1542 4271; x_wconf 76' lang='lat' dir='ltr'><strong>angustia,</strong></span> <span class='ocrx_word' id='word_1_325' title='bbox 1585 4206 1722 4249; x_wconf 88' lang='lat' dir='ltr'><strong>non</strong></span> <span class='ocrx_word' id='word_1_326' title='bbox 1767 4204 1956 4267; x_wconf 87' lang='lat' dir='ltr'><strong>posse</strong></span> <span class='ocrx_word' id='word_1_327' title='bbox 1999 4186 2070 4251; x_wconf 88' lang='lat' dir='ltr'><strong>in</strong></span> <span class='ocrx_word' id='word_1_328' title='bbox 2114 4204 2270 4268; x_wconf 91' lang='lat' dir='ltr'><strong>quo-</strong></span> 
     </span>
     <span class='ocr_line' id='line_1_46' title="bbox 299 4269 2268 4359; baseline -0.005 -15"><span class='ocrx_word' id='word_1_329' title='bbox 299 4279 469 4344; x_wconf 80' lang='lat' dir='ltr'><strong>dam</strong></span> <span class='ocrx_word' id='word_1_330' title='bbox 496 4274 737 4359; x_wconf 85' lang='lat' dir='ltr'><strong>angulo</strong></span> <span class='ocrx_word' id='word_1_331' title='bbox 759 4275 827 4341; x_wconf 92' lang='lat' dir='ltr'><strong>in</strong></span> <span class='ocrx_word' id='word_1_332' title='bbox 872 4274 1205 4339; x_wconf 89' lang='lat' dir='ltr'><strong>montibus</strong></span> <span class='ocrx_word' id='word_1_333' title='bbox 1249 4283 1315 4336; x_wconf 89' lang='lat' dir='ltr'><strong>et</strong></span> <span class='ocrx_word' id='word_1_334' title='bbox 1357 4270 1687 4354; x_wconf 74' lang='lat' dir='ltr'><strong>speluncis</strong></span> <span class='ocrx_word' id='word_1_335' title='bbox 1728 4269 2014 4337; x_wconf 86' lang='lat' dir='ltr'><strong>Iudaeae</strong></span> <span class='ocrx_word' id='word_1_336' title='bbox 2064 4271 2268 4337; x_wconf 88' lang='lat' dir='ltr'><strong>vitam</strong></span> 
     </span>
     <span class='ocr_line' id='line_1_47' title="bbox 298 4356 2268 4443; baseline -0.005 -12"><span class='ocrx_word' id='word_1_337' title='bbox 298 4372 708 4431; x_wconf 78' lang='lat' dir='ltr'><strong>sustentare.</strong></span> <span class='ocrx_word' id='word_1_338' title='bbox 768 4361 987 4443; x_wconf 81' lang='lat' dir='ltr'><strong>Atque</strong></span> <span class='ocrx_word' id='word_1_339' title='bbox 1024 4358 1149 4424; x_wconf 90' lang='lat' dir='ltr'><strong>hoc</strong></span> <span class='ocrx_word' id='word_1_340' title='bbox 1191 4356 1568 4442; x_wconf 88' lang='lat' dir='ltr'><strong>exemplum</strong></span> <span class='ocrx_word' id='word_1_341' title='bbox 1610 4356 1833 4440; x_wconf 84' lang='lat' dir='ltr'><strong>magni</strong></span> <span class='ocrx_word' id='word_1_342' title='bbox 1875 4356 2023 4422; x_wconf 88' lang='lat' dir='ltr'><strong>fieri</strong></span> <span class='ocrx_word' id='word_1_343' title='bbox 2066 4378 2107 4421; x_wconf 92' lang='lat' dir='ltr'><strong>a</strong></span> <span class='ocrx_word' id='word_1_344' title='bbox 2150 4376 2268 4421; x_wconf 90' lang='lat' dir='ltr'><strong>no-</strong></span> 
     </span>
     <span class='ocr_line' id='line_1_48' title="bbox 299 4441 2269 4528; baseline -0.004 -12"><span class='ocrx_word' id='word_1_345' title='bbox 299 4450 423 4516; x_wconf 79' lang='lat' dir='ltr'><strong>bis</strong></span> <span class='ocrx_word' id='word_1_346' title='bbox 446 4447 663 4513; x_wconf 90' lang='lat' dir='ltr'><strong>debet.</strong></span> <span class='ocrx_word' id='word_1_347' title='bbox 717 4445 963 4528; x_wconf 83' lang='lat' dir='ltr'><strong>Ecquis</strong></span> <span class='ocrx_word' id='word_1_348' title='bbox 977 4445 1155 4509; x_wconf 90' lang='lat' dir='ltr'><strong>enim</strong></span> <span class='ocrx_word' id='word_1_349' title='bbox 1174 4443 1384 4509; x_wconf 88' lang='lat' dir='ltr'><strong>nescit</strong></span> <span class='ocrx_word' id='word_1_350' title='bbox 1404 4441 1815 4526; x_wconf 84' lang='lat' dir='ltr'><strong>experientia</strong></span> <span class='ocrx_word' id='word_1_351' title='bbox 1838 4442 1982 4525; x_wconf 87' lang='lat' dir='ltr'><strong>ipsa</strong></span> <span class='ocrx_word' id='word_1_352' title='bbox 2017 4441 2269 4521; x_wconf 91' lang='lat' dir='ltr'><strong>doctus,</strong></span> 
     </span>
     <span class='ocr_line' id='line_1_49' title="bbox 299 4526 2270 4611; baseline -0.003 -11"><span class='ocrx_word' id='word_1_353' title='bbox 299 4534 627 4601; x_wconf 82' lang='lat' dir='ltr'><strong>homines</strong></span> <span class='ocrx_word' id='word_1_354' title='bbox 670 4533 948 4596; x_wconf 89' lang='lat' dir='ltr'><strong>nimium</strong></span> <span class='ocrx_word' id='word_1_355' title='bbox 994 4550 1139 4596; x_wconf 88' lang='lat' dir='ltr'><strong>esse</strong></span> <span class='ocrx_word' id='word_1_356' title='bbox 1181 4528 1411 4595; x_wconf 88' lang='lat' dir='ltr'><strong>molles</strong></span> <span class='ocrx_word' id='word_1_357' title='bbox 1455 4538 1524 4593; x_wconf 91' lang='lat' dir='ltr'><strong>et</strong></span> <span class='ocrx_word' id='word_1_358' title='bbox 1565 4526 1875 4592; x_wconf 85' lang='lat' dir='ltr'><strong>delicatos</strong></span> <span class='ocrx_word' id='word_1_359' title='bbox 1910 4526 2059 4592; x_wconf 91' lang='lat' dir='ltr'><strong>Deo</strong></span> <span class='ocrx_word' id='word_1_360' title='bbox 2091 4529 2270 4611; x_wconf 91' lang='lat' dir='ltr'><strong>ipsos</strong></span> 
     </span>
     <span class='ocr_line' id='line_1_50' title="bbox 294 4612 2272 4703; baseline -0.004 -15"><span class='ocrx_word' id='word_1_361' title='bbox 294 4618 708 4703; x_wconf 79' lang='lat' dir='ltr'><strong>explorante</strong></span> <span class='ocrx_word' id='word_1_362' title='bbox 730 4616 936 4685; x_wconf 89' lang='lat' dir='ltr'><strong>variis</strong></span> <span class='ocrx_word' id='word_1_363' title='bbox 971 4612 1495 4682; x_wconf 74' lang='lat' dir='ltr'><strong>calamitatibus?</strong></span> <span class='ocrx_word' id='word_1_364' title='bbox 1542 4613 1798 4696; x_wconf 88' lang='lat' dir='ltr'><strong>Nempe</strong></span> <span class='ocrx_word' id='word_1_365' title='bbox 1831 4613 1957 4678; x_wconf 89' lang='lat' dir='ltr'><strong>sibi</strong></span> <span class='ocrx_word' id='word_1_366' title='bbox 1993 4614 2272 4698; x_wconf 86' lang='lat' dir='ltr'><strong>quisque</strong></span> 
     </span>
     <span class='ocr_line' id='line_1_51' title="bbox 298 4698 2270 4784; baseline -0.003 -13"><span class='ocrx_word' id='word_1_367' title='bbox 298 4706 586 4772; x_wconf 87' lang='lat' dir='ltr'><strong>delitias</strong></span> <span class='ocrx_word' id='word_1_368' title='bbox 629 4704 801 4780; x_wconf 85' lang='lat' dir='ltr'><strong>facit,</strong></span> <span class='ocrx_word' id='word_1_369' title='bbox 864 4711 930 4767; x_wconf 94' lang='lat' dir='ltr'><strong>et</strong></span> <span class='ocrx_word' id='word_1_370' title='bbox 980 4723 1051 4768; x_wconf 88' lang='lat' dir='ltr'><strong>se</strong></span> <span class='ocrx_word' id='word_1_371' title='bbox 1106 4720 1309 4784; x_wconf 87' lang='lat' dir='ltr'><strong>aequo</strong></span> <span class='ocrx_word' id='word_1_372' title='bbox 1359 4699 1590 4765; x_wconf 86' lang='lat' dir='ltr'><strong>durius</strong></span> <span class='ocrx_word' id='word_1_373' title='bbox 1633 4698 1907 4764; x_wconf 81' lang='lat' dir='ltr'><strong>tractari</strong></span> <span class='ocrx_word' id='word_1_374' title='bbox 1953 4701 2270 4782; x_wconf 90' lang='lat' dir='ltr'><strong>queritur.</strong></span> 
     </span>
     <span class='ocr_line' id='line_1_52' title="bbox 297 4782 2268 4874; baseline -0.005 -15"><span class='ocrx_word' id='word_1_375' title='bbox 297 4793 561 4874; x_wconf 79' lang='lat' dir='ltr'><strong>Itaque</strong></span> <span class='ocrx_word' id='word_1_376' title='bbox 606 4809 682 4855; x_wconf 88' lang='lat' dir='ltr'><strong>eo</strong></span> <span class='ocrx_word' id='word_1_377' title='bbox 725 4787 1111 4873; x_wconf 87' lang='lat' dir='ltr'><strong>diligentius</strong></span> <span class='ocrx_word' id='word_1_378' title='bbox 1146 4784 1424 4852; x_wconf 87' lang='lat' dir='ltr'><strong>Davidis</strong></span> <span class='ocrx_word' id='word_1_379' title='bbox 1469 4782 1847 4866; x_wconf 86' lang='lat' dir='ltr'><strong>exemplum</strong></span> <span class='ocrx_word' id='word_1_380' title='bbox 1893 4785 2268 4867; x_wconf 87' lang='lat' dir='ltr'><strong>expenden-</strong></span> 
     </span>
     <span class='ocr_line' id='line_1_53' title="bbox 299 4869 2273 4954; baseline -0.004 -10"><span class='ocrx_word' id='word_1_381' title='bbox 299 4878 480 4944; x_wconf 86' lang='lat' dir='ltr'><strong>dum</strong></span> <span class='ocrx_word' id='word_1_382' title='bbox 557 4885 626 4940; x_wconf 88' lang='lat' dir='ltr'><strong>et</strong></span> <span class='ocrx_word' id='word_1_383' title='bbox 694 4895 843 4942; x_wconf 88' lang='lat' dir='ltr'><strong>cum</strong></span> <span class='ocrx_word' id='word_1_384' title='bbox 910 4870 1216 4940; x_wconf 88' lang='lat' dir='ltr'><strong>omnibus</strong></span> <span class='ocrx_word' id='word_1_385' title='bbox 1272 4871 1354 4937; x_wconf 85' lang='lat' dir='ltr'><strong>iis</strong></span> <span class='ocrx_word' id='word_1_386' title='bbox 1409 4870 1803 4954; x_wconf 85' lang='lat' dir='ltr'><strong>quibuscum</strong></span> <span class='ocrx_word' id='word_1_387' title='bbox 1856 4869 2092 4937; x_wconf 88' lang='lat' dir='ltr'><strong>luctari</strong></span> <span class='ocrx_word' id='word_1_388' title='bbox 2149 4890 2273 4936; x_wconf 88' lang='lat' dir='ltr'><strong>nos</strong></span> 
     </span>
     <span class='ocr_line' id='line_1_54' title="bbox 298 4953 2270 5046; baseline -0.005 -17"><span class='ocrx_word' id='word_1_389' title='bbox 298 4962 677 5046; x_wconf 75' lang='lat' dir='ltr'><strong>contigerit</strong></span> <span class='ocrx_word' id='word_1_390' title='bbox 763 4957 1244 5024; x_wconf 83' lang='lat' dir='ltr'><strong>calamitatibus</strong></span> <span class='ocrx_word' id='word_1_391' title='bbox 1310 4953 1844 5039; x_wconf 86' lang='lat' dir='ltr'><strong>comparandum.</strong></span> <span class='ocrx_word' id='word_1_392' title='bbox 1955 4955 2127 5021; x_wconf 89' lang='lat' dir='ltr'><strong>Nam</strong></span> <span class='ocrx_word' id='word_1_393' title='bbox 2194 4957 2270 5036; x_wconf 90' lang='lat' dir='ltr'><strong>si,</strong></span> 
     </span>
     <span class='ocr_line' id='line_1_55' title="bbox 296 5040 2275 5131; baseline -0.004 -17"><span class='ocrx_word' id='word_1_394' title='bbox 296 5046 613 5131; x_wconf 78' lang='lat' dir='ltr'><strong>exempli</strong></span> <span class='ocrx_word' id='word_1_395' title='bbox 635 5046 867 5130; x_wconf 83' lang='lat' dir='ltr'><strong>gratia,</strong></span> <span class='ocrx_word' id='word_1_396' title='bbox 912 5044 1098 5110; x_wconf 90' lang='lat' dir='ltr'><strong>Deus</strong></span> <span class='ocrx_word' id='word_1_397' title='bbox 1143 5041 1340 5110; x_wconf 88' lang='lat' dir='ltr'><strong>hodie</strong></span> <span class='ocrx_word' id='word_1_398' title='bbox 1380 5062 1504 5107; x_wconf 88' lang='lat' dir='ltr'><strong>nos</strong></span> <span class='ocrx_word' id='word_1_399' title='bbox 1547 5040 1836 5105; x_wconf 86' lang='lat' dir='ltr'><strong>examini</strong></span> <span class='ocrx_word' id='word_1_400' title='bbox 1881 5040 2165 5123; x_wconf 90' lang='lat' dir='ltr'><strong>subiicit,</strong></span> <span class='ocrx_word' id='word_1_401' title='bbox 2206 5051 2275 5106; x_wconf 91' lang='lat' dir='ltr'><strong>et</strong></span> 
     </span>
     <span class='ocr_line' id='line_1_56' title="bbox 284 5124 2274 5220; baseline -0.004 -20"><span class='ocrx_word' id='word_1_402' title='bbox 284 5131 900 5220; x_wconf 74' lang='lat' dir='ltr'><strong>persequutionem</strong></span> <span class='ocrx_word' id='word_1_403' title='bbox 968 5130 1258 5214; x_wconf 88' lang='lat' dir='ltr'><strong>patimur</strong></span> <span class='ocrx_word' id='word_1_404' title='bbox 1312 5136 1583 5212; x_wconf 88' lang='lat' dir='ltr'><strong>propter</strong></span> <span class='ocrx_word' id='word_1_405' title='bbox 1638 5124 1963 5211; x_wconf 88' lang='lat' dir='ltr'><strong>evangelii</strong></span> <span class='ocrx_word' id='word_1_406' title='bbox 2021 5127 2274 5210; x_wconf 83' lang='lat' dir='ltr'><strong>profes·</strong></span> 
     </span>
     <span class='ocr_line' id='line_1_57' title="bbox 288 5210 2270 5298; baseline -0.006 -11"><span class='ocrx_word' id='word_1_407' title='bbox 288 5220 601 5298; x_wconf 69' lang='lat' dir='ltr'><strong>sionem,</strong></span> <span class='ocrx_word' id='word_1_408' title='bbox 648 5238 732 5283; x_wconf 84' lang='lat' dir='ltr'><strong>an</strong></span> <span class='ocrx_word' id='word_1_409' title='bbox 770 5226 991 5283; x_wconf 88' lang='lat' dir='ltr'><strong>tamen</strong></span> <span class='ocrx_word' id='word_1_410' title='bbox 1030 5235 1109 5280; x_wconf 85' lang='lat' dir='ltr'><strong>eo</strong></span> <span class='ocrx_word' id='word_1_411' title='bbox 1149 5212 1345 5279; x_wconf 91' lang='lat' dir='ltr'><strong>modo</strong></span> <span class='ocrx_word' id='word_1_412' title='bbox 1387 5235 1515 5297; x_wconf 91' lang='lat' dir='ltr'><strong>quo</strong></span> <span class='ocrx_word' id='word_1_413' title='bbox 1538 5210 1759 5277; x_wconf 91' lang='lat' dir='ltr'><strong>David</strong></span> <span class='ocrx_word' id='word_1_414' title='bbox 1804 5211 2270 5296; x_wconf 85' lang='lat' dir='ltr'><strong>exploramur?</strong></span> 
     </span>
     <span class='ocr_line' id='line_1_58' title="bbox 284 5297 2272 5384; baseline -0.005 -11"><span class='ocrx_word' id='word_1_415' title='bbox 284 5325 402 5373; x_wconf 70' lang='lat' dir='ltr'><strong>aa</strong></span> <span class='ocrx_word' id='word_1_416' title='bbox 462 5302 847 5371; x_wconf 80' lang='lat' dir='ltr'><strong>exsulamus</strong></span> <span class='ocrx_word' id='word_1_417' title='bbox 905 5310 1217 5384; x_wconf 90' lang='lat' dir='ltr'><strong>tanquam</strong></span> <span class='ocrx_word' id='word_1_418' title='bbox 1283 5300 1365 5365; x_wconf 87' lang='lat' dir='ltr'><strong>ab</strong></span> <span class='ocrx_word' id='word_1_419' title='bbox 1420 5299 1504 5364; x_wconf 91' lang='lat' dir='ltr'><strong>iis</strong></span> <span class='ocrx_word' id='word_1_420' title='bbox 1553 5298 1666 5380; x_wconf 89' lang='lat' dir='ltr'><strong>qui</strong></span> <span class='ocrx_word' id='word_1_421' title='bbox 1712 5318 1951 5364; x_wconf 86' lang='lat' dir='ltr'><strong>nomen</strong></span> <span class='ocrx_word' id='word_1_422' title='bbox 1996 5297 2125 5364; x_wconf 90' lang='lat' dir='ltr'><strong>Dei</strong></span> <span class='ocrx_word' id='word_1_423' title='bbox 2168 5300 2272 5363; x_wconf 90' lang='lat' dir='ltr'><strong>in-</strong></span> 
     </span>
    </p>
   </div>
   <div class='ocr_carea' id='block_1_4' title="bbox 1607 404 3068 474">
    <p class='ocr_par' dir='ltr' id='par_1_4' title="bbox 1607 404 3068 474">
     <span class='ocr_line' id='line_1_59' title="bbox 1607 404 3068 474; baseline 0.001 -3"><span class='ocrx_word' id='word_1_424' title='bbox 1607 406 1710 472; x_wconf 89' lang='lat' dir='ltr'><strong>IN</strong></span> <span class='ocrx_word' id='word_1_425' title='bbox 1745 405 1800 472; x_wconf 90' lang='grc' dir='ltr'><strong>Ι.</strong></span> <span class='ocrx_word' id='word_1_426' title='bbox 1846 405 2031 473; x_wconf 87' lang='lat' dir='ltr'><strong>LIB.</strong></span> <span class='ocrx_word' id='word_1_427' title='bbox 2077 405 2481 472; x_wconf 75' lang='lat' dir='ltr'><strong>SAMUEL.</strong></span> <span class='ocrx_word' id='word_1_428' title='bbox 2526 404 2722 474; x_wconf 84' lang='lat' dir='ltr'><strong>OAP.</strong></span> <span class='ocrx_word' id='word_1_429' title='bbox 2766 405 3068 474; x_wconf 85' lang='lat' dir='ltr'>XXVII.</span> 
     </span>
    </p>
   </div>
   <div class='ocr_carea' id='block_1_5' title="bbox 4199 408 4326 474">
    <p class='ocr_par' dir='ltr' id='par_1_5' title="bbox 4199 408 4326 474">
     <span class='ocr_line' id='line_1_60' title="bbox 4199 408 4326 474; baseline 0.008 -2"><span class='ocrx_word' id='word_1_430' title='bbox 4199 408 4326 474; x_wconf 84' lang='lat'><strong>618</strong></span> 
     </span>
    </p>
   </div>
   <div class='ocr_carea' id='block_1_6' title="bbox 2370 591 4344 5375">
    <p class='ocr_par' dir='ltr' id='par_1_6' title="bbox 2372 591 4330 1363">
     <span class='ocr_line' id='line_1_61' title="bbox 2377 591 4330 676; baseline 0.001 -15"><span class='ocrx_word' id='word_1_431' title='bbox 2377 602 2620 661; x_wconf 86' lang='lat' dir='ltr'><strong>vocant</strong></span> <span class='ocrx_word' id='word_1_432' title='bbox 2678 594 2947 660; x_wconf 89' lang='lat' dir='ltr'><strong>omnino</strong></span> <span class='ocrx_word' id='word_1_433' title='bbox 3004 593 3261 673; x_wconf 87' lang='lat' dir='ltr'><strong>resecti,</strong></span> <span class='ocrx_word' id='word_1_434' title='bbox 3319 592 3415 659; x_wconf 88' lang='lat' dir='ltr'><strong>sic</strong></span> <span class='ocrx_word' id='word_1_435' title='bbox 3473 599 3551 657; x_wconf 86' lang='lat' dir='ltr'><strong>ut</strong></span> <span class='ocrx_word' id='word_1_436' title='bbox 3591 591 3828 658; x_wconf 88' lang='lat' dir='ltr'><strong>nullibi</strong></span> <span class='ocrx_word' id='word_1_437' title='bbox 3871 600 4098 676; x_wconf 85' lang='lat' dir='ltr'><strong>pateat</strong></span> <span class='ocrx_word' id='word_1_438' title='bbox 4141 594 4330 664; x_wconf 88' lang='lat' dir='ltr'><strong>nobis</strong></span> 
     </span>
     <span class='ocr_line' id='line_1_62' title="bbox 2376 676 4329 756; baseline 0.002 -13"><span class='ocrx_word' id='word_1_439' title='bbox 2376 678 2560 746; x_wconf 91' lang='lat' dir='ltr'><strong>locus</strong></span> <span class='ocrx_word' id='word_1_440' title='bbox 2620 681 2747 747; x_wconf 87' lang='lat' dir='ltr'><strong>nisi</strong></span> <span class='ocrx_word' id='word_1_441' title='bbox 2803 680 2871 745; x_wconf 92' lang='lat' dir='ltr'><strong>in</strong></span> <span class='ocrx_word' id='word_1_442' title='bbox 2932 678 3145 745; x_wconf 89' lang='lat' dir='ltr'><strong>medio</strong></span> <span class='ocrx_word' id='word_1_443' title='bbox 3189 678 3498 756; x_wconf 87' lang='lat' dir='ltr'><strong>hostium,</strong></span> <span class='ocrx_word' id='word_1_444' title='bbox 3559 687 3627 742; x_wconf 91' lang='lat' dir='ltr'><strong>et</strong></span> <span class='ocrx_word' id='word_1_445' title='bbox 3668 676 3857 743; x_wconf 86' lang='lat' dir='ltr'><strong>nulla</strong></span> <span class='ocrx_word' id='word_1_446' title='bbox 3898 678 4029 745; x_wconf 88' lang='lat' dir='ltr'><strong>alia</strong></span> <span class='ocrx_word' id='word_1_447' title='bbox 4071 682 4329 748; x_wconf 87' lang='lat' dir='ltr'><strong>ratione</strong></span> 
     </span>
     <span class='ocr_line' id='line_1_63' title="bbox 2378 762 4327 850; baseline 0.003 -20"><span class='ocrx_word' id='word_1_448' title='bbox 2378 766 2582 830; x_wconf 84' lang='lat' dir='ltr'><strong>vitam</strong></span> <span class='ocrx_word' id='word_1_449' title='bbox 2642 765 2843 832; x_wconf 89' lang='lat' dir='ltr'><strong>tutari</strong></span> <span class='ocrx_word' id='word_1_450' title='bbox 2899 766 3228 849; x_wconf 88' lang='lat' dir='ltr'><strong>possimus</strong></span> <span class='ocrx_word' id='word_1_451' title='bbox 3285 784 3481 846; x_wconf 88' lang='lat' dir='ltr'><strong>quam</strong></span> <span class='ocrx_word' id='word_1_452' title='bbox 3524 762 3597 827; x_wconf 90' lang='lat' dir='ltr'><strong>in</strong></span> <span class='ocrx_word' id='word_1_453' title='bbox 3639 762 3784 847; x_wconf 91' lang='lat' dir='ltr'><strong>ipsa</strong></span> <span class='ocrx_word' id='word_1_454' title='bbox 3826 773 4058 845; x_wconf 90' lang='lat' dir='ltr'><strong>morte,</strong></span> <span class='ocrx_word' id='word_1_455' title='bbox 4113 787 4327 850; x_wconf 87' lang='lat' dir='ltr'><strong>neque</strong></span> 
     </span>
     <span class='ocr_line' id='line_1_64' title="bbox 2378 847 4330 919; baseline 0.003 -5"><span class='ocrx_word' id='word_1_456' title='bbox 2378 860 2639 916; x_wconf 89' lang='lat' dir='ltr'><strong>tantum</strong></span> <span class='ocrx_word' id='word_1_457' title='bbox 2683 851 2765 917; x_wconf 86' lang='lat' dir='ltr'><strong>ad</strong></span> <span class='ocrx_word' id='word_1_458' title='bbox 2834 850 3000 917; x_wconf 89' lang='lat' dir='ltr'><strong>diem</strong></span> <span class='ocrx_word' id='word_1_459' title='bbox 3049 869 3256 916; x_wconf 89' lang='lat' dir='ltr'><strong>unum</strong></span> <span class='ocrx_word' id='word_1_460' title='bbox 3302 862 3418 915; x_wconf 85' lang='lat' dir='ltr'><strong>aut</strong></span> <span class='ocrx_word' id='word_1_461' title='bbox 3461 847 3743 914; x_wconf 87' lang='lat' dir='ltr'><strong>alterum</strong></span> <span class='ocrx_word' id='word_1_462' title='bbox 3787 847 3905 915; x_wconf 90' lang='lat' dir='ltr'><strong>sed</strong></span> <span class='ocrx_word' id='word_1_463' title='bbox 3948 849 4030 916; x_wconf 89' lang='lat' dir='ltr'><strong>ad</strong></span> <span class='ocrx_word' id='word_1_464' title='bbox 4077 853 4330 919; x_wconf 84' lang='lat' dir='ltr'><strong>multos</strong></span> 
     </span>
     <span class='ocr_line' id='line_1_65' title="bbox 2378 932 4330 1021; baseline 0.001 -20"><span class='ocrx_word' id='word_1_465' title='bbox 2378 936 2633 1003; x_wconf 75' lang='lat' dir='ltr'><strong>annos?</strong></span> <span class='ocrx_word' id='word_1_466' title='bbox 2681 936 2905 1018; x_wconf 78' lang='lat' dir='ltr'><strong>Quare</strong></span> <span class='ocrx_word' id='word_1_467' title='bbox 2945 934 3400 1021; x_wconf 81' lang='lat' dir='ltr'><strong>agnoscendus</strong></span> <span class='ocrx_word' id='word_1_468' title='bbox 3430 932 3562 1000; x_wconf 90' lang='lat' dir='ltr'><strong>Dei</strong></span> <span class='ocrx_word' id='word_1_469' title='bbox 3606 955 3768 1019; x_wconf 82' lang='lat' dir='ltr'><strong>erg-a</strong></span> <span class='ocrx_word' id='word_1_470' title='bbox 3808 955 3933 1001; x_wconf 89' lang='lat' dir='ltr'><strong>nos</strong></span> <span class='ocrx_word' id='word_1_471' title='bbox 3977 936 4166 1002; x_wconf 84' lang='lat' dir='ltr'><strong>favor</strong></span> <span class='ocrx_word' id='word_1_472' title='bbox 4209 959 4330 1003; x_wconf 79' lang='lat' dir='ltr'><strong>no·</strong></span> 
     </span>
     <span class='ocr_line' id='line_1_66' title="bbox 2376 1020 4323 1098; baseline 0.001 -10"><span class='ocrx_word' id='word_1_473' title='bbox 2376 1033 2583 1088; x_wconf 86' lang='lat' dir='ltr'><strong>stram</strong></span> <span class='ocrx_word' id='word_1_474' title='bbox 2621 1022 3131 1087; x_wconf 85' lang='lat' dir='ltr'><strong>imbecillitatem</strong></span> <span class='ocrx_word' id='word_1_475' title='bbox 3157 1020 3521 1098; x_wconf 88' lang='lat' dir='ltr'><strong>tolerantis,</strong></span> <span class='ocrx_word' id='word_1_476' title='bbox 3567 1028 3635 1085; x_wconf 89' lang='lat' dir='ltr'><strong>et</strong></span> <span class='ocrx_word' id='word_1_477' title='bbox 3678 1020 3887 1086; x_wconf 90' lang='lat' dir='ltr'><strong>nostri</strong></span> <span class='ocrx_word' id='word_1_478' title='bbox 3932 1021 4323 1089; x_wconf 84' lang='lat' dir='ltr'><strong>miserentis.</strong></span> 
     </span>
     <span class='ocr_line' id='line_1_67' title="bbox 2376 1106 4328 1193; baseline 0.002 -21"><span class='ocrx_word' id='word_1_479' title='bbox 2376 1107 2517 1173; x_wconf 88' lang='lat' dir='ltr'><strong>Nae</strong></span> <span class='ocrx_word' id='word_1_480' title='bbox 2589 1109 2833 1193; x_wconf 85' lang='lat' dir='ltr'><strong>ingrati</strong></span> <span class='ocrx_word' id='word_1_481' title='bbox 2899 1107 3220 1173; x_wconf 77' lang='lat' dir='ltr'><strong>fuerimus</strong></span> <span class='ocrx_word' id='word_1_482' title='bbox 3279 1106 3406 1171; x_wconf 91' lang='lat' dir='ltr'><strong>nisi</strong></span> <span class='ocrx_word' id='word_1_483' title='bbox 3518 1106 3809 1171; x_wconf 89' lang='lat' dir='ltr'><strong>atienter</strong></span> <span class='ocrx_word' id='word_1_484' title='bbox 3872 1118 4328 1190; x_wconf 81' lang='lat' dir='ltr'><strong>exspectemus</strong></span> 
     </span>
     <span class='ocr_line' id='line_1_68' title="bbox 2376 1124 4329 1277; baseline 0.003 -21"><span class='ocrx_word' id='word_1_485' title='bbox 2376 1192 2582 1259; x_wconf 89' lang='lat' dir='ltr'><strong>donec</strong></span> <span class='ocrx_word' id='word_1_486' title='bbox 2641 1193 2919 1277; x_wconf 87' lang='lat' dir='ltr'><strong>ipsemet</strong></span> <span class='ocrx_word' id='word_1_487' title='bbox 2963 1192 3137 1258; x_wconf 88' lang='lat' dir='ltr'><strong>vires</strong></span> <span class='ocrx_word' id='word_1_488' title='bbox 3182 1189 3370 1257; x_wconf 90' lang='lat' dir='ltr'><strong>nobis</strong></span> <span class='ocrx_word' id='word_1_489' title='bbox 3412 1124 3518 1256; x_wconf 49' lang='lat' dir='ltr'><strong>mi)</strong></span> <span class='ocrx_word' id='word_1_490' title='bbox 3540 1189 3762 1257; x_wconf 86' lang='lat' dir='ltr'><strong>hostes</strong></span> <span class='ocrx_word' id='word_1_491' title='bbox 3806 1200 4063 1261; x_wconf 87' lang='lat' dir='ltr'><strong>nostros</strong></span> <span class='ocrx_word' id='word_1_492' title='bbox 4105 1194 4329 1277; x_wconf 86' lang='lat' dir='ltr'><strong>profli-</strong></span> 
     </span>
     <span class='ocr_line' id='line_1_69' title="bbox 2372 1277 3061 1363; baseline 0 -20"><span class='ocrx_word' id='word_1_493' title='bbox 2372 1278 2630 1363; x_wconf 80' lang='lat' dir='ltr'><strong>gandos</strong></span> <span class='ocrx_word' id='word_1_494' title='bbox 2670 1277 3061 1362; x_wconf 86' lang='lat' dir='ltr'><strong>suppeditet.</strong></span> 
     </span>
    </p>

    <p class='ocr_par' dir='ltr' id='par_1_7' title="bbox 2373 1360 4344 1690">
     <span class='ocr_line' id='line_1_70' title="bbox 2549 1360 4326 1449; baseline 0.002 -19"><span class='ocrx_word' id='word_1_495' title='bbox 2549 1361 2623 1431; x_wconf 86' lang='lat' dir='ltr'><strong>Si</strong></span> <span class='ocrx_word' id='word_1_496' title='bbox 2648 1365 2799 1448; x_wconf 90' lang='lat' dir='ltr'><strong>quis</strong></span> <span class='ocrx_word' id='word_1_497' title='bbox 2833 1365 3120 1449; x_wconf 89' lang='lat' dir='ltr'><strong>excipiat</strong></span> <span class='ocrx_word' id='word_1_498' title='bbox 3143 1361 3472 1430; x_wconf 85' lang='lat' dir='ltr'><strong>Davidem</strong></span> <span class='ocrx_word' id='word_1_499' title='bbox 3509 1362 3700 1427; x_wconf 86' lang='lat' dir='ltr'><strong>nobis</strong></span> <span class='ocrx_word' id='word_1_500' title='bbox 3744 1360 3940 1447; x_wconf 84' lang='lat' dir='ltr'><strong>longe</strong></span> <span class='ocrx_word' id='word_1_501' title='bbox 3986 1363 4326 1433; x_wconf 83' lang='lat' dir='ltr'><strong>fortiorem</strong></span> 
     </span>
     <span class='ocr_line' id='line_1_71' title="bbox 2373 1445 4344 1527; baseline 0.001 -12"><span class='ocrx_word' id='word_1_502' title='bbox 2373 1448 2595 1527; x_wconf 78' lang='lat' dir='ltr'><strong>fuisse,</strong></span> <span class='ocrx_word' id='word_1_503' title='bbox 2637 1449 2978 1517; x_wconf 89' lang='lat' dir='ltr'><strong>sciendum</strong></span> <span class='ocrx_word' id='word_1_504' title='bbox 3024 1459 3124 1515; x_wconf 91' lang='lat' dir='ltr'><strong>est</strong></span> <span class='ocrx_word' id='word_1_505' title='bbox 3170 1469 3302 1513; x_wconf 89' lang='lat' dir='ltr'><strong>non</strong></span> <span class='ocrx_word' id='word_1_506' title='bbox 3347 1446 3617 1513; x_wconf 88' lang='lat' dir='ltr'><strong>aliunde</strong></span> <span class='ocrx_word' id='word_1_507' title='bbox 3659 1445 3832 1512; x_wconf 88' lang='lat' dir='ltr'><strong>hanc</strong></span> <span class='ocrx_word' id='word_1_508' title='bbox 3873 1447 4344 1517; x_wconf 77' lang='lat' dir='ltr'><strong>fortitudinem‘</strong></span> 
     </span>
     <span class='ocr_line' id='line_1_72' title="bbox 2375 1531 4331 1619; baseline 0.002 -20"><span class='ocrx_word' id='word_1_509' title='bbox 2375 1555 2682 1601; x_wconf 88' lang='lat' dir='ltr'><strong>manasse</strong></span> <span class='ocrx_word' id='word_1_510' title='bbox 2740 1556 2937 1619; x_wconf 88' lang='lat' dir='ltr'><strong>quam</strong></span> <span class='ocrx_word' id='word_1_511' title='bbox 2997 1554 3036 1599; x_wconf 90' lang='lat' dir='ltr'><strong>a</strong></span> <span class='ocrx_word' id='word_1_512' title='bbox 3080 1533 3210 1599; x_wconf 85' lang='lat' dir='ltr'><strong>fide</strong></span> <span class='ocrx_word' id='word_1_513' title='bbox 3254 1554 3386 1617; x_wconf 90' lang='lat' dir='ltr'><strong>qua</strong></span> <span class='ocrx_word' id='word_1_514' title='bbox 3427 1534 3497 1598; x_wconf 89' lang='lat' dir='ltr'><strong>in</strong></span> <span class='ocrx_word' id='word_1_515' title='bbox 3543 1531 3689 1598; x_wconf 86' lang='lat' dir='ltr'><strong>Deo</strong></span> <span class='ocrx_word' id='word_1_516' title='bbox 3731 1535 4083 1616; x_wconf 81' lang='lat' dir='ltr'><strong>acquievit,</strong></span> <span class='ocrx_word' id='word_1_517' title='bbox 4139 1538 4331 1603; x_wconf 89' lang='lat' dir='ltr'><strong>cuius</strong></span> 
     </span>
     <span class='ocr_line' id='line_1_73' title="bbox 2374 1617 4327 1690; baseline 0.002 -4"><span class='ocrx_word' id='word_1_518' title='bbox 2374 1642 2407 1686; x_wconf 89' lang='lat' dir='ltr'><strong>s</strong></span> <span class='ocrx_word' id='word_1_519' title='bbox 2456 1621 2611 1685; x_wconf 89' lang='lat' dir='ltr'><strong>iritu</strong></span> <span class='ocrx_word' id='word_1_520' title='bbox 2679 1622 2751 1689; x_wconf 89' lang='lat' dir='ltr'><strong>in</strong></span> <span class='ocrx_word' id='word_1_521' title='bbox 2813 1620 3090 1686; x_wconf 88' lang='lat' dir='ltr'><strong>summis</strong></span> <span class='ocrx_word' id='word_1_522' title='bbox 3157 1617 3665 1685; x_wconf 82' lang='lat' dir='ltr'><strong>difficultatibus</strong></span> <span class='ocrx_word' id='word_1_523' title='bbox 3731 1627 4142 1688; x_wconf 85' lang='lat' dir='ltr'><strong>sustentatus</strong></span> <span class='ocrx_word' id='word_1_524' title='bbox 4208 1631 4327 1690; x_wconf 86' lang='lat' dir='ltr'><strong>est.</strong></span> 
     </span>
    </p>

    <p class='ocr_par' dir='ltr' id='par_1_8' title="bbox 2370 1705 4333 5375">
     <span class='ocr_line' id='line_1_74' title="bbox 2440 1705 4330 1790; baseline 0.003 -20"><span class='ocrx_word' id='word_1_525' title='bbox 2440 1726 2511 1771; x_wconf 90' lang='lat' dir='ltr'><strong>os</strong></span> <span class='ocrx_word' id='word_1_526' title='bbox 2572 1708 2789 1790; x_wconf 86' lang='lat' dir='ltr'><strong>itaque</strong></span> <span class='ocrx_word' id='word_1_527' title='bbox 2835 1706 3162 1772; x_wconf 87' lang='lat' dir='ltr'><strong>Davidem</strong></span> <span class='ocrx_word' id='word_1_528' title='bbox 3215 1705 3567 1780; x_wconf 80' lang='lat' dir='ltr'><strong>imitemur,</strong></span> <span class='ocrx_word' id='word_1_529' title='bbox 3624 1715 3690 1769; x_wconf 91' lang='lat' dir='ltr'><strong>et</strong></span> <span class='ocrx_word' id='word_1_530' title='bbox 3734 1714 3994 1772; x_wconf 87' lang='lat' dir='ltr'><strong>nostrae</strong></span> <span class='ocrx_word' id='word_1_531' title='bbox 4036 1728 4330 1775; x_wconf 91' lang='lat' dir='ltr'><strong>commu-</strong></span> 
     </span>
     <span class='ocr_line' id='line_1_75' title="bbox 2377 1788 4329 1877; baseline 0.002 -21"><span class='ocrx_word' id='word_1_532' title='bbox 2377 1791 2482 1856; x_wconf 90' lang='lat' dir='ltr'><strong>nis</strong></span> <span class='ocrx_word' id='word_1_533' title='bbox 2505 1792 2883 1876; x_wconf 84' lang='lat' dir='ltr'><strong>fragilitatis</strong></span> <span class='ocrx_word' id='word_1_534' title='bbox 2905 1791 3164 1871; x_wconf 87' lang='lat' dir='ltr'><strong>conscii,</strong></span> <span class='ocrx_word' id='word_1_535' title='bbox 3210 1788 3571 1855; x_wconf 89' lang='lat' dir='ltr'><strong>remedium</strong></span> <span class='ocrx_word' id='word_1_536' title='bbox 3597 1789 3915 1857; x_wconf 87' lang='lat' dir='ltr'><strong>adversus</strong></span> <span class='ocrx_word' id='word_1_537' title='bbox 3938 1812 4084 1858; x_wconf 91' lang='lat' dir='ltr'><strong>eam</strong></span> <span class='ocrx_word' id='word_1_538' title='bbox 4130 1814 4329 1877; x_wconf 84' lang='lat' dir='ltr'><strong>quae·-</strong></span> 
     </span>
     <span class='ocr_line' id='line_1_76' title="bbox 2376 1875 4327 1963; baseline 0.002 -22"><span class='ocrx_word' id='word_1_539' title='bbox 2376 1896 2619 1958; x_wconf 88' lang='lat' dir='ltr'><strong>ramus,</strong></span> <span class='ocrx_word' id='word_1_540' title='bbox 2664 1877 3014 1961; x_wconf 90' lang='lat' dir='ltr'><strong>Deumque</strong></span> <span class='ocrx_word' id='word_1_541' title='bbox 3071 1895 3417 1961; x_wconf 82' lang='lat' dir='ltr'><strong>precemur</strong></span> <span class='ocrx_word' id='word_1_542' title='bbox 3469 1884 3549 1940; x_wconf 91' lang='lat' dir='ltr'><strong>ut</strong></span> <span class='ocrx_word' id='word_1_543' title='bbox 3589 1896 3713 1941; x_wconf 92' lang='lat' dir='ltr'><strong>nos</strong></span> <span class='ocrx_word' id='word_1_544' title='bbox 3757 1875 4040 1944; x_wconf 88' lang='lat' dir='ltr'><strong>deiectos</strong></span> <span class='ocrx_word' id='word_1_545' title='bbox 4097 1879 4327 1963; x_wconf 84' lang='lat' dir='ltr'><strong>erigat,</strong></span> 
     </span>
     <span class='ocr_line' id='line_1_77' title="bbox 2379 1960 4330 2047; baseline 0.002 -20"><span class='ocrx_word' id='word_1_546' title='bbox 2379 1972 2446 2027; x_wconf 92' lang='lat' dir='ltr'><strong>et</strong></span> <span class='ocrx_word' id='word_1_547' title='bbox 2525 1962 2984 2029; x_wconf 89' lang='lat' dir='ltr'><strong>vehementius</strong></span> <span class='ocrx_word' id='word_1_548' title='bbox 3050 1962 3330 2047; x_wconf 86' lang='lat' dir='ltr'><strong>agitatos</strong></span> <span class='ocrx_word' id='word_1_549' title='bbox 3396 1983 3472 2027; x_wconf 90' lang='lat' dir='ltr'><strong>ac</strong></span> <span class='ocrx_word' id='word_1_550' title='bbox 3537 1960 3921 2029; x_wconf 82' lang='lat' dir='ltr'><strong>vacillantes</strong></span> <span class='ocrx_word' id='word_1_551' title='bbox 3985 1966 4330 2043; x_wconf 88' lang='lat' dir='ltr'><strong>sustineat,</strong></span> 
     </span>
     <span class='ocr_line' id='line_1_78' title="bbox 2379 2047 4331 2134; baseline 0.002 -21"><span class='ocrx_word' id='word_1_552' title='bbox 2379 2050 2680 2132; x_wconf 88' lang='lat' dir='ltr'><strong>viresque</strong></span> <span class='ocrx_word' id='word_1_553' title='bbox 2752 2049 3033 2114; x_wconf 79' lang='lat' dir='ltr'><strong>sufficiat</strong></span> <span class='ocrx_word' id='word_1_554' title='bbox 3103 2068 3263 2130; x_wconf 85' lang='lat' dir='ltr'><strong>quas</strong></span> <span class='ocrx_word' id='word_1_555' title='bbox 3336 2047 3553 2131; x_wconf 89' lang='lat' dir='ltr'><strong>ipsum</strong></span> <span class='ocrx_word' id='word_1_556' title='bbox 3611 2056 3975 2129; x_wconf 87' lang='lat' dir='ltr'><strong>opportuno</strong></span> <span class='ocrx_word' id='word_1_557' title='bbox 4031 2062 4331 2134; x_wconf 87' lang='lat' dir='ltr'><strong>tempore</strong></span> 
     </span>
     <span class='ocr_line' id='line_1_79' title="bbox 2374 2131 4330 2217; baseline 0.002 -20"><span class='ocrx_word' id='word_1_558' title='bbox 2374 2134 2850 2217; x_wconf 87' lang='lat' dir='ltr'><strong>praestiturum</strong></span> <span class='ocrx_word' id='word_1_559' title='bbox 2873 2133 3309 2199; x_wconf 89' lang='lat' dir='ltr'><strong>certissimum</strong></span> <span class='ocrx_word' id='word_1_560' title='bbox 3334 2141 3470 2198; x_wconf 89' lang='lat' dir='ltr'><strong>est:</strong></span> <span class='ocrx_word' id='word_1_561' title='bbox 3515 2131 3831 2216; x_wconf 87' lang='lat' dir='ltr'><strong>quidquid</strong></span> <span class='ocrx_word' id='word_1_562' title='bbox 3864 2134 4038 2200; x_wconf 89' lang='lat' dir='ltr'><strong>enim</strong></span> <span class='ocrx_word' id='word_1_563' title='bbox 4076 2135 4330 2202; x_wconf 88' lang='lat' dir='ltr'><strong>accidat</strong></span> 
     </span>
     <span class='ocr_line' id='line_1_80' title="bbox 2377 2217 4325 2303; baseline 0.003 -20"><span class='ocrx_word' id='word_1_564' title='bbox 2377 2219 2800 2285; x_wconf 89' lang='lat' dir='ltr'><strong>verissimum</strong></span> <span class='ocrx_word' id='word_1_565' title='bbox 2857 2230 2960 2285; x_wconf 89' lang='lat' dir='ltr'><strong>est</strong></span> <span class='ocrx_word' id='word_1_566' title='bbox 3015 2218 3189 2301; x_wconf 91' lang='lat' dir='ltr'><strong>quod</strong></span> <span class='ocrx_word' id='word_1_567' title='bbox 3248 2218 3447 2284; x_wconf 89' lang='lat' dir='ltr'><strong>huius</strong></span> <span class='ocrx_word' id='word_1_568' title='bbox 3503 2217 3657 2282; x_wconf 88' lang='lat' dir='ltr'><strong>libri</strong></span> <span class='ocrx_word' id='word_1_569' title='bbox 3711 2217 3774 2284; x_wconf 81' lang='lat'><strong>2.</strong></span> <span class='ocrx_word' id='word_1_570' title='bbox 3821 2239 3960 2303; x_wconf 90' lang='lat' dir='ltr'><strong>cap.</strong></span> <span class='ocrx_word' id='word_1_571' title='bbox 4021 2218 4325 2299; x_wconf 77' lang='lat' dir='ltr'><strong>vidimus,</strong></span> 
     </span>
     <span class='ocr_line' id='line_1_81' title="bbox 2374 2303 4328 2389; baseline 0.002 -20"><span class='ocrx_word' id='word_1_572' title='bbox 2374 2303 2595 2370; x_wconf 89' lang='lat' dir='ltr'><strong>Deum</strong></span> <span class='ocrx_word' id='word_1_573' title='bbox 2654 2306 2841 2389; x_wconf 89' lang='lat' dir='ltr'><strong>prius</strong></span> <span class='ocrx_word' id='word_1_574' title='bbox 2901 2305 3097 2371; x_wconf 91' lang='lat' dir='ltr'><strong>morti</strong></span> <span class='ocrx_word' id='word_1_575' title='bbox 3156 2305 3418 2368; x_wconf 89' lang='lat' dir='ltr'><strong>tradere</strong></span> <span class='ocrx_word' id='word_1_576' title='bbox 3463 2325 3620 2370; x_wconf 88' lang='lat' dir='ltr'><strong>suos</strong></span> <span class='ocrx_word' id='word_1_577' title='bbox 3664 2323 3826 2386; x_wconf 89' lang='lat' dir='ltr'><strong>quos</strong></span> <span class='ocrx_word' id='word_1_578' title='bbox 3871 2306 4046 2371; x_wconf 86' lang='lat' dir='ltr'><strong>vitae</strong></span> <span class='ocrx_word' id='word_1_579' title='bbox 4091 2305 4328 2372; x_wconf 87' lang='lat' dir='ltr'><strong>deinde</strong></span> 
     </span>
     <span class='ocr_line' id='line_1_82' title="bbox 2373 2387 4328 2474; baseline 0.002 -20"><span class='ocrx_word' id='word_1_580' title='bbox 2373 2392 2700 2471; x_wconf 85' lang='lat' dir='ltr'><strong>restituat,</strong></span> <span class='ocrx_word' id='word_1_581' title='bbox 2761 2400 2829 2455; x_wconf 89' lang='lat' dir='ltr'><strong>et</strong></span> <span class='ocrx_word' id='word_1_582' title='bbox 2871 2390 2943 2455; x_wconf 87' lang='lat' dir='ltr'><strong>in</strong></span> <span class='ocrx_word' id='word_1_583' title='bbox 2987 2389 3408 2473; x_wconf 89' lang='lat' dir='ltr'><strong>sepulchrum</strong></span> <span class='ocrx_word' id='word_1_584' title='bbox 3453 2387 3731 2455; x_wconf 90' lang='lat' dir='ltr'><strong>deiicere</strong></span> <span class='ocrx_word' id='word_1_585' title='bbox 3776 2390 4133 2474; x_wconf 85' lang='lat' dir='ltr'><strong>antequam</strong></span> <span class='ocrx_word' id='word_1_586' title='bbox 4173 2391 4328 2458; x_wconf 90' lang='lat' dir='ltr'><strong>inde</strong></span> 
     </span>
     <span class='ocr_line' id='line_1_83' title="bbox 2374 2474 4330 2559; baseline -0.001 -17"><span class='ocrx_word' id='word_1_587' title='bbox 2374 2474 2641 2542; x_wconf 88' lang='lat' dir='ltr'><strong>eximat.</strong></span> <span class='ocrx_word' id='word_1_588' title='bbox 2721 2475 2964 2542; x_wconf 90' lang='lat' dir='ltr'><strong>Procul</strong></span> <span class='ocrx_word' id='word_1_589' title='bbox 3025 2475 3219 2540; x_wconf 92' lang='lat' dir='ltr'><strong>dubio</strong></span> <span class='ocrx_word' id='word_1_590' title='bbox 3262 2474 3581 2559; x_wconf 85' lang='lat' dir='ltr'><strong>potuisset</strong></span> <span class='ocrx_word' id='word_1_591' title='bbox 3625 2474 3830 2554; x_wconf 87' lang='lat' dir='ltr'><strong>Deus,</strong></span> <span class='ocrx_word' id='word_1_592' title='bbox 3891 2476 3948 2540; x_wconf 89' lang='lat' dir='ltr'><strong>si</strong></span> <span class='ocrx_word' id='word_1_593' title='bbox 3996 2476 4330 2558; x_wconf 88' lang='lat' dir='ltr'><strong>voluisset,</strong></span> 
     </span>
     <span class='ocr_line' id='line_1_84' title="bbox 2378 2558 4330 2639; baseline 0.001 -12"><span class='ocrx_word' id='word_1_594' title='bbox 2378 2561 2708 2627; x_wconf 81' lang='lat' dir='ltr'><strong>Davidem</strong></span> <span class='ocrx_word' id='word_1_595' title='bbox 2751 2563 2823 2626; x_wconf 87' lang='lat' dir='ltr'><strong>in</strong></span> <span class='ocrx_word' id='word_1_596' title='bbox 2867 2559 3115 2627; x_wconf 89' lang='lat' dir='ltr'><strong>Iudaea</strong></span> <span class='ocrx_word' id='word_1_597' title='bbox 3159 2559 3384 2639; x_wconf 86' lang='lat' dir='ltr'><strong>tutari,</strong></span> <span class='ocrx_word' id='word_1_598' title='bbox 3429 2569 3499 2625; x_wconf 88' lang='lat' dir='ltr'><strong>et</strong></span> <span class='ocrx_word' id='word_1_599' title='bbox 3541 2558 3855 2626; x_wconf 89' lang='lat' dir='ltr'><strong>adversus</strong></span> <span class='ocrx_word' id='word_1_600' title='bbox 3898 2559 4125 2627; x_wconf 81' lang='lat' dir='ltr'><strong>Saulis</strong></span> <span class='ocrx_word' id='word_1_601' title='bbox 4169 2564 4330 2628; x_wconf 87' lang='lat' dir='ltr'><strong>insi·</strong></span> 
     </span>
     <span class='ocr_line' id='line_1_85' title="bbox 2375 2644 4333 2732; baseline 0.001 -21"><span class='ocrx_word' id='word_1_602' title='bbox 2375 2645 2515 2713; x_wconf 90' lang='lat' dir='ltr'><strong>dias</strong></span> <span class='ocrx_word' id='word_1_603' title='bbox 2561 2656 2803 2732; x_wconf 86' lang='lat' dir='ltr'><strong>tegere,</strong></span> <span class='ocrx_word' id='word_1_604' title='bbox 2863 2645 2979 2713; x_wconf 89' lang='lat' dir='ltr'><strong>sed</strong></span> <span class='ocrx_word' id='word_1_605' title='bbox 3023 2654 3245 2710; x_wconf 90' lang='lat' dir='ltr'><strong>tamen</strong></span> <span class='ocrx_word' id='word_1_606' title='bbox 3293 2647 3482 2712; x_wconf 88' lang='lat' dir='ltr'><strong>toties</strong></span> <span class='ocrx_word' id='word_1_607' title='bbox 3528 2644 3720 2710; x_wconf 85' lang='lat' dir='ltr'><strong>morti</strong></span> <span class='ocrx_word' id='word_1_608' title='bbox 3777 2658 4075 2730; x_wconf 87' lang='lat' dir='ltr'><strong>ereptum</strong></span> <span class='ocrx_word' id='word_1_609' title='bbox 4125 2647 4333 2713; x_wconf 90' lang='lat' dir='ltr'><strong>voluit</strong></span> 
     </span>
     <span class='ocr_line' id='line_1_86' title="bbox 2374 2730 4331 2816; baseline 0.001 -19"><span class='ocrx_word' id='word_1_610' title='bbox 2374 2732 2641 2797; x_wconf 87' lang='lat' dir='ltr'><strong>tandem</strong></span> <span class='ocrx_word' id='word_1_611' title='bbox 2713 2733 2892 2797; x_wconf 90' lang='lat' dir='ltr'><strong>omni</strong></span> <span class='ocrx_word' id='word_1_612' title='bbox 2964 2753 3079 2816; x_wconf 93' lang='lat' dir='ltr'><strong>spe</strong></span> <span class='ocrx_word' id='word_1_613' title='bbox 3142 2731 3316 2798; x_wconf 87' lang='lat' dir='ltr'><strong>vitae</strong></span> <span class='ocrx_word' id='word_1_614' title='bbox 3373 2730 3709 2810; x_wconf 80' lang='lat' dir='ltr'><strong>excidere,</strong></span> <span class='ocrx_word' id='word_1_615' title='bbox 3769 2731 3902 2797; x_wconf 89' lang='lat' dir='ltr'><strong>nisi</strong></span> <span class='ocrx_word' id='word_1_616' title='bbox 3958 2731 4030 2796; x_wconf 89' lang='lat' dir='ltr'><strong>in</strong></span> <span class='ocrx_word' id='word_1_617' title='bbox 4089 2753 4331 2799; x_wconf 89' lang='lat' dir='ltr'><strong>manus</strong></span> 
     </span>
     <span class='ocr_line' id='line_1_87' title="bbox 2374 2815 4329 2898; baseline 0 -15"><span class='ocrx_word' id='word_1_618' title='bbox 2374 2817 2665 2885; x_wconf 90' lang='lat' dir='ltr'><strong>hostium</strong></span> <span class='ocrx_word' id='word_1_619' title='bbox 2689 2818 2817 2884; x_wconf 92' lang='lat' dir='ltr'><strong>Dei</strong></span> <span class='ocrx_word' id='word_1_620' title='bbox 2862 2838 3003 2883; x_wconf 91' lang='lat' dir='ltr'><strong>sese</strong></span> <span class='ocrx_word' id='word_1_621' title='bbox 3047 2816 3415 2883; x_wconf 91' lang='lat' dir='ltr'><strong>coniiceret.</strong></span> <span class='ocrx_word' id='word_1_622' title='bbox 3474 2815 3711 2898; x_wconf 85' lang='lat' dir='ltr'><strong>Itaque</strong></span> <span class='ocrx_word' id='word_1_623' title='bbox 3730 2815 4063 2883; x_wconf 89' lang='lat' dir='ltr'><strong>Davidem</strong></span> <span class='ocrx_word' id='word_1_624' title='bbox 4109 2817 4329 2884; x_wconf 86' lang='lat' dir='ltr'><strong>hacte-</strong></span> 
     </span>
     <span class='ocr_line' id='line_1_88' title="bbox 2372 2900 4323 2970; baseline -0.001 -1"><span class='ocrx_word' id='word_1_625' title='bbox 2372 2924 2498 2969; x_wconf 89' lang='lat' dir='ltr'><strong>nus</strong></span> <span class='ocrx_word' id='word_1_626' title='bbox 2549 2902 2938 2970; x_wconf 87' lang='lat' dir='ltr'><strong>miraculose</strong></span> <span class='ocrx_word' id='word_1_627' title='bbox 2986 2901 3335 2968; x_wconf 88' lang='lat' dir='ltr'><strong>liberatum</strong></span> <span class='ocrx_word' id='word_1_628' title='bbox 3394 2900 3606 2968; x_wconf 86' lang='lat' dir='ltr'><strong>voluit</strong></span> <span class='ocrx_word' id='word_1_629' title='bbox 3663 2902 3735 2966; x_wconf 90' lang='lat' dir='ltr'><strong>in</strong></span> <span class='ocrx_word' id='word_1_630' title='bbox 3794 2901 3915 2967; x_wconf 88' lang='lat' dir='ltr'><strong>hoc</strong></span> <span class='ocrx_word' id='word_1_631' title='bbox 3972 2902 4323 2968; x_wconf 88' lang='lat' dir='ltr'><strong>discrimen</strong></span> 
     </span>
     <span class='ocr_line' id='line_1_89' title="bbox 2378 2987 4326 3073; baseline -0.001 -18"><span class='ocrx_word' id='word_1_632' title='bbox 2378 2990 2601 3055; x_wconf 87' lang='lat' dir='ltr'><strong>venire</strong></span> <span class='ocrx_word' id='word_1_633' title='bbox 2643 2987 2816 3073; x_wconf 90' lang='lat' dir='ltr'><strong>apud</strong></span> <span class='ocrx_word' id='word_1_634' title='bbox 2861 2987 3327 3069; x_wconf 88' lang='lat' dir='ltr'><strong>Philisthaeos,</strong></span> <span class='ocrx_word' id='word_1_635' title='bbox 3384 2995 3458 3052; x_wconf 88' lang='lat' dir='ltr'><strong>ut</strong></span> <span class='ocrx_word' id='word_1_636' title='bbox 3499 2987 3567 3050; x_wconf 94' lang='lat' dir='ltr'><strong>in</strong></span> <span class='ocrx_word' id='word_1_637' title='bbox 3614 3005 3691 3051; x_wconf 88' lang='lat' dir='ltr'><strong>eo</strong></span> <span class='ocrx_word' id='word_1_638' title='bbox 3733 2987 3950 3070; x_wconf 78' lang='lat' dir='ltr'><strong>magis</strong></span> <span class='ocrx_word' id='word_1_639' title='bbox 3993 3006 4069 3052; x_wconf 91' lang='lat' dir='ltr'><strong>ac</strong></span> <span class='ocrx_word' id='word_1_640' title='bbox 4113 2990 4326 3072; x_wconf 85' lang='lat' dir='ltr'><strong>magis</strong></span> 
     </span>
     <span class='ocr_line' id='line_1_90' title="bbox 2372 3071 4324 3159; baseline 0.001 -21"><span class='ocrx_word' id='word_1_641' title='bbox 2372 3074 2670 3142; x_wconf 89' lang='lat' dir='ltr'><strong>divinum</strong></span> <span class='ocrx_word' id='word_1_642' title='bbox 2735 3093 2900 3157; x_wconf 90' lang='lat' dir='ltr'><strong>opus</strong></span> <span class='ocrx_word' id='word_1_643' title='bbox 2960 3080 3303 3158; x_wconf 87' lang='lat' dir='ltr'><strong>appareret</strong></span> <span class='ocrx_word' id='word_1_644' title='bbox 3356 3082 3422 3137; x_wconf 90' lang='lat' dir='ltr'><strong>et</strong></span> <span class='ocrx_word' id='word_1_645' title='bbox 3481 3071 3923 3159; x_wconf 90' lang='lat' dir='ltr'><strong>perficeretur.</strong></span> <span class='ocrx_word' id='word_1_646' title='bbox 4029 3072 4137 3137; x_wconf 90' lang='lat' dir='ltr'><strong>Ex</strong></span> <span class='ocrx_word' id='word_1_647' title='bbox 4195 3095 4324 3157; x_wconf 90' lang='lat' dir='ltr'><strong>quo</strong></span> 
     </span>
     <span class='ocr_line' id='line_1_91' title="bbox 2373 3154 4326 3243; baseline 0 -18"><span class='ocrx_word' id='word_1_648' title='bbox 2373 3168 2647 3243; x_wconf 86' lang='lat' dir='ltr'><strong>apparet</strong></span> <span class='ocrx_word' id='word_1_649' title='bbox 2675 3180 2809 3226; x_wconf 88' lang='lat' dir='ltr'><strong>non</strong></span> <span class='ocrx_word' id='word_1_650' title='bbox 2846 3158 2990 3226; x_wconf 90' lang='lat' dir='ltr'><strong>sine</strong></span> <span class='ocrx_word' id='word_1_651' title='bbox 3024 3179 3226 3225; x_wconf 86' lang='lat' dir='ltr'><strong>causa</strong></span> <span class='ocrx_word' id='word_1_652' title='bbox 3246 3158 3460 3224; x_wconf 89' lang='lat' dir='ltr'><strong>Deum</strong></span> <span class='ocrx_word' id='word_1_653' title='bbox 3506 3154 3732 3222; x_wconf 87' lang='lat' dir='ltr'><strong>fideles</strong></span> <span class='ocrx_word' id='word_1_654' title='bbox 3775 3177 3928 3222; x_wconf 88' lang='lat' dir='ltr'><strong>suos</strong></span> <span class='ocrx_word' id='word_1_655' title='bbox 3967 3157 4050 3222; x_wconf 90' lang='lat' dir='ltr'><strong>ad</strong></span> <span class='ocrx_word' id='word_1_656' title='bbox 4095 3158 4326 3225; x_wconf 90' lang='lat' dir='ltr'><strong>vivum</strong></span> 
     </span>
     <span class='ocr_line' id='line_1_92' title="bbox 2374 3241 4326 3329; baseline 0 -18"><span class='ocrx_word' id='word_1_657' title='bbox 2374 3266 2583 3328; x_wconf 86' lang='lat' dir='ltr'><strong>usque</strong></span> <span class='ocrx_word' id='word_1_658' title='bbox 2642 3243 2990 3329; x_wconf 86' lang='lat' dir='ltr'><strong>explorare</strong></span> <span class='ocrx_word' id='word_1_659' title='bbox 3048 3241 3576 3328; x_wconf 86' lang='lat' dir='ltr'><strong>quandoquidem</strong></span> <span class='ocrx_word' id='word_1_660' title='bbox 3637 3243 3842 3327; x_wconf 90' lang='lat' dir='ltr'><strong>ipsius</strong></span> <span class='ocrx_word' id='word_1_661' title='bbox 3885 3244 4097 3326; x_wconf 84' lang='lat' dir='ltr'><strong>gratia</strong></span> <span class='ocrx_word' id='word_1_662' title='bbox 4141 3254 4326 3311; x_wconf 89' lang='lat' dir='ltr'><strong>tanto</strong></span> 
     </span>
     <span class='ocr_line' id='line_1_93' title="bbox 2371 3327 4325 3413; baseline 0 -17"><span class='ocrx_word' id='word_1_663' title='bbox 2371 3332 2496 3396; x_wconf 85' lang='lat' dir='ltr'><strong>fuit</strong></span> <span class='ocrx_word' id='word_1_664' title='bbox 2552 3329 2892 3411; x_wconf 87' lang='lat' dir='ltr'><strong>illustrior,</strong></span> <span class='ocrx_word' id='word_1_665' title='bbox 2951 3340 3196 3413; x_wconf 89' lang='lat' dir='ltr'><strong>quanto</strong></span> <span class='ocrx_word' id='word_1_666' title='bbox 3324 3328 3512 3395; x_wconf 89' lang='lat' dir='ltr'><strong>avior</strong></span> <span class='ocrx_word' id='word_1_667' title='bbox 3555 3327 3936 3411; x_wconf 85' lang='lat' dir='ltr'><strong>exploratio.</strong></span> <span class='ocrx_word' id='word_1_668' title='bbox 4026 3329 4120 3393; x_wconf 86' lang='lat' dir='ltr'><strong>Et</strong></span> <span class='ocrx_word' id='word_1_669' title='bbox 4163 3350 4325 3396; x_wconf 88' lang='lat' dir='ltr'><strong>sane</strong></span> 
     </span>
     <span class='ocr_line' id='line_1_94' title="bbox 2371 3413 4320 3487; baseline -0.001 -5"><span class='ocrx_word' id='word_1_670' title='bbox 2371 3415 2498 3482; x_wconf 83' lang='lat' dir='ltr'><strong>hac</strong></span> <span class='ocrx_word' id='word_1_671' title='bbox 2553 3416 2812 3483; x_wconf 87' lang='lat' dir='ltr'><strong>ratione</strong></span> <span class='ocrx_word' id='word_1_672' title='bbox 2856 3413 3101 3483; x_wconf 89' lang='lat' dir='ltr'><strong>Davidi</strong></span> <span class='ocrx_word' id='word_1_673' title='bbox 3158 3415 3227 3481; x_wconf 92' lang='lat' dir='ltr'><strong>vi</strong></span> <span class='ocrx_word' id='word_1_674' title='bbox 3276 3434 3464 3480; x_wconf 89' lang='lat' dir='ltr'><strong>emus</strong></span> <span class='ocrx_word' id='word_1_675' title='bbox 3522 3433 3652 3479; x_wconf 90' lang='lat' dir='ltr'><strong>non</strong></span> <span class='ocrx_word' id='word_1_676' title='bbox 3714 3421 3971 3479; x_wconf 84' lang='lat' dir='ltr'><strong>tantum</strong></span> <span class='ocrx_word' id='word_1_677' title='bbox 4032 3413 4320 3487; x_wconf 87' lang='lat' dir='ltr'><strong>ablatam</strong></span> 
     </span>
     <span class='ocr_line' id='line_1_95' title="bbox 2371 3497 4323 3587; baseline 0 -21"><span class='ocrx_word' id='word_1_678' title='bbox 2371 3505 2777 3569; x_wconf 86' lang='lat' dir='ltr'><strong>occasionem</strong></span> <span class='ocrx_word' id='word_1_679' title='bbox 2814 3510 2883 3568; x_wconf 90' lang='lat' dir='ltr'><strong>et</strong></span> <span class='ocrx_word' id='word_1_680' title='bbox 2925 3508 3391 3587; x_wconf 83' lang='lat' dir='ltr'><strong>argumentum</strong></span> <span class='ocrx_word' id='word_1_681' title='bbox 3436 3497 3750 3565; x_wconf 87' lang='lat' dir='ltr'><strong>laudandi</strong></span> <span class='ocrx_word' id='word_1_682' title='bbox 3771 3497 4011 3579; x_wconf 90' lang='lat' dir='ltr'><strong>Deum,</strong></span> <span class='ocrx_word' id='word_1_683' title='bbox 4056 3510 4122 3565; x_wconf 91' lang='lat' dir='ltr'><strong>et</strong></span> <span class='ocrx_word' id='word_1_684' title='bbox 4165 3521 4323 3566; x_wconf 88' lang='lat' dir='ltr'><strong>eum</strong></span> 
     </span>
     <span class='ocr_line' id='line_1_96' title="bbox 2371 3584 4324 3672; baseline -0.001 -20"><span class='ocrx_word' id='word_1_685' title='bbox 2371 3586 2778 3654; x_wconf 74' lang='lat' dir='ltr'><strong>defensorem</strong></span> <span class='ocrx_word' id='word_1_686' title='bbox 2813 3586 3228 3672; x_wconf 80' lang='lat' dir='ltr'><strong>agnoscendi,</strong></span> <span class='ocrx_word' id='word_1_687' title='bbox 3272 3585 3378 3653; x_wconf 88' lang='lat' dir='ltr'><strong>cui</strong></span> <span class='ocrx_word' id='word_1_688' title='bbox 3424 3585 3537 3650; x_wconf 84' lang='lat' dir='ltr'><strong>uni</strong></span> <span class='ocrx_word' id='word_1_689' title='bbox 3587 3584 3788 3650; x_wconf 90' lang='lat' dir='ltr'><strong>vitam</strong></span> <span class='ocrx_word' id='word_1_690' title='bbox 3832 3592 4164 3669; x_wconf 87' lang='lat' dir='ltr'><strong>acceptam</strong></span> <span class='ocrx_word' id='word_1_691' title='bbox 4213 3587 4324 3651; x_wconf 89' lang='lat' dir='ltr'><strong>de-</strong></span> 
     </span>
     <span class='ocr_line' id='line_1_97' title="bbox 2371 3668 4326 3756; baseline -0.001 -17"><span class='ocrx_word' id='word_1_692' title='bbox 2371 3672 2586 3752; x_wconf 88' lang='lat' dir='ltr'><strong>bebat,</strong></span> <span class='ocrx_word' id='word_1_693' title='bbox 2630 3673 2747 3739; x_wconf 88' lang='lat' dir='ltr'><strong>sed</strong></span> <span class='ocrx_word' id='word_1_694' title='bbox 2790 3674 2989 3739; x_wconf 86' lang='lat' dir='ltr'><strong>etiam</strong></span> <span class='ocrx_word' id='word_1_695' title='bbox 3034 3672 3244 3756; x_wconf 82' lang='lat' dir='ltr'><strong>ipsius</strong></span> <span class='ocrx_word' id='word_1_696' title='bbox 3290 3670 3667 3753; x_wconf 88' lang='lat' dir='ltr'><strong>exemplum</strong></span> <span class='ocrx_word' id='word_1_697' title='bbox 3711 3668 3905 3735; x_wconf 91' lang='lat' dir='ltr'><strong>hodie</strong></span> <span class='ocrx_word' id='word_1_698' title='bbox 3950 3670 4139 3738; x_wconf 90' lang='lat' dir='ltr'><strong>nobis</strong></span> <span class='ocrx_word' id='word_1_699' title='bbox 4180 3691 4326 3737; x_wconf 88' lang='lat' dir='ltr'><strong>esse</strong></span> 
     </span>
     <span class='ocr_line' id='line_1_98' title="bbox 2370 3755 4321 3842; baseline 0 -20"><span class='ocrx_word' id='word_1_700' title='bbox 2370 3758 2510 3825; x_wconf 90' lang='lat' dir='ltr'><strong>loco</strong></span> <span class='ocrx_word' id='word_1_701' title='bbox 2553 3757 2909 3839; x_wconf 85' lang='lat' dir='ltr'><strong>doctrinae,</strong></span> <span class='ocrx_word' id='word_1_702' title='bbox 2954 3778 3082 3842; x_wconf 87' lang='lat' dir='ltr'><strong>qua</strong></span> <span class='ocrx_word' id='word_1_703' title='bbox 3117 3757 3200 3823; x_wconf 90' lang='lat' dir='ltr'><strong>ad</strong></span> <span class='ocrx_word' id='word_1_704' title='bbox 3243 3757 3458 3841; x_wconf 89' lang='lat' dir='ltr'><strong>ipsum</strong></span> <span class='ocrx_word' id='word_1_705' title='bbox 3502 3755 3893 3821; x_wconf 90' lang='lat' dir='ltr'><strong>imitandum</strong></span> <span class='ocrx_word' id='word_1_706' title='bbox 3936 3755 4321 3835; x_wconf 86' lang='lat' dir='ltr'><strong>excitemur,</strong></span> 
     </span>
     <span class='ocr_line' id='line_1_99' title="bbox 2370 3840 4321 3930; baseline -0.001 -21"><span class='ocrx_word' id='word_1_707' title='bbox 2370 3845 2674 3930; x_wconf 87' lang='lat' dir='ltr'><strong>persuasi</strong></span> <span class='ocrx_word' id='word_1_708' title='bbox 2732 3844 3244 3927; x_wconf 88' lang='lat' dir='ltr'><strong>quotiescunque</strong></span> <span class='ocrx_word' id='word_1_709' title='bbox 3290 3841 3476 3908; x_wconf 90' lang='lat' dir='ltr'><strong>Deus</strong></span> <span class='ocrx_word' id='word_1_710' title='bbox 3536 3840 3836 3907; x_wconf 89' lang='lat' dir='ltr'><strong>hostibus</strong></span> <span class='ocrx_word' id='word_1_711' title='bbox 3888 3840 4074 3907; x_wconf 86' lang='lat' dir='ltr'><strong>laxat</strong></span> <span class='ocrx_word' id='word_1_712' title='bbox 4117 3842 4321 3908; x_wconf 91' lang='lat' dir='ltr'><strong>habe-</strong></span> 
     </span>
     <span class='ocr_line' id='line_1_100' title="bbox 2372 3925 4318 4009; baseline -0.002 -13"><span class='ocrx_word' id='word_1_713' title='bbox 2372 3950 2525 4009; x_wconf 87' lang='lat' dir='ltr'><strong>nas,</strong></span> <span class='ocrx_word' id='word_1_714' title='bbox 2595 3938 2671 3996; x_wconf 90' lang='lat' dir='ltr'><strong>ut</strong></span> <span class='ocrx_word' id='word_1_715' title='bbox 2735 3929 2818 3994; x_wconf 90' lang='lat' dir='ltr'><strong>de</strong></span> <span class='ocrx_word' id='word_1_716' title='bbox 2883 3939 3111 3994; x_wconf 90' lang='lat' dir='ltr'><strong>nostra</strong></span> <span class='ocrx_word' id='word_1_717' title='bbox 3176 3928 3386 3994; x_wconf 88' lang='lat' dir='ltr'><strong>salute</strong></span> <span class='ocrx_word' id='word_1_718' title='bbox 3449 3925 3931 3993; x_wconf 89' lang='lat' dir='ltr'><strong>conclamatum</strong></span> <span class='ocrx_word' id='word_1_719' title='bbox 4001 3928 4318 4004; x_wconf 82' lang='lat' dir='ltr'><strong>videatur,</strong></span> 
     </span>
     <span class='ocr_line' id='line_1_101' title="bbox 2372 4012 4318 4097; baseline -0.003 -16"><span class='ocrx_word' id='word_1_720' title='bbox 2372 4016 2591 4081; x_wconf 92' lang='lat' dir='ltr'><strong>Deum</strong></span> <span class='ocrx_word' id='word_1_721' title='bbox 2616 4024 2837 4081; x_wconf 87' lang='lat' dir='ltr'><strong>tamen</strong></span> <span class='ocrx_word' id='word_1_722' title='bbox 2873 4015 3117 4081; x_wconf 88' lang='lat' dir='ltr'><strong>habere</strong></span> <span class='ocrx_word' id='word_1_723' title='bbox 3153 4014 3384 4078; x_wconf 88' lang='lat' dir='ltr'><strong>mortis</strong></span> <span class='ocrx_word' id='word_1_724' title='bbox 3420 4012 3638 4078; x_wconf 88' lang='lat' dir='ltr'><strong>exitus</strong></span> <span class='ocrx_word' id='word_1_725' title='bbox 3683 4013 3752 4076; x_wconf 91' lang='lat' dir='ltr'><strong>in</strong></span> <span class='ocrx_word' id='word_1_726' title='bbox 3795 4033 3917 4078; x_wconf 87' lang='lat' dir='ltr'><strong>sua</strong></span> <span class='ocrx_word' id='word_1_727' title='bbox 3960 4022 4318 4097; x_wconf 85' lang='lat' dir='ltr'><strong>potestate:</strong></span> 
     </span>
     <span class='ocr_line' id='line_1_102' title="bbox 2371 4096 4318 4201; baseline -0.003 -34"><span class='ocrx_word' id='word_1_728' title='bbox 2371 4122 2446 4168; x_wconf 89' lang='lat' dir='ltr'><strong>ac</strong></span> <span class='ocrx_word' id='word_1_729' title='bbox 2469 4099 2747 4184; x_wconf 90' lang='lat' dir='ltr'><strong>proinde</strong></span> <span class='ocrx_word' id='word_1_730' title='bbox 2765 4100 2981 4201; x_wconf 82' lang='lat' dir='ltr'><strong>ipsum</strong></span> <span class='ocrx_word' id='word_1_731' title='bbox 3005 4100 3211 4166; x_wconf 87' lang='lat' dir='ltr'><strong>nostri</strong></span> <span class='ocrx_word' id='word_1_732' title='bbox 3233 4096 3519 4177; x_wconf 86' lang='lat' dir='ltr'><strong>tandem,</strong></span> <span class='ocrx_word' id='word_1_733' title='bbox 3566 4096 4116 4181; x_wconf 86' lang='lat' dir='ltr'><strong>quemadmodum</strong></span> <span class='ocrx_word' id='word_1_734' title='bbox 4160 4096 4318 4162; x_wconf 91' lang='lat' dir='ltr'><strong>olim</strong></span> 
     </span>
     <span class='ocr_line' id='line_1_103' title="bbox 2373 4181 4321 4264; baseline -0.002 -13"><span class='ocrx_word' id='word_1_735' title='bbox 2373 4186 2672 4264; x_wconf 88' lang='lat' dir='ltr'><strong>Davidis,</strong></span> <span class='ocrx_word' id='word_1_736' title='bbox 2719 4198 3162 4252; x_wconf 83' lang='lat' dir='ltr'><strong>miserturum.</strong></span> <span class='ocrx_word' id='word_1_737' title='bbox 3209 4182 3344 4250; x_wconf 81' lang='lat' dir='ltr'><strong>Sed</strong></span> <span class='ocrx_word' id='word_1_738' title='bbox 3368 4202 3445 4249; x_wconf 86' lang='lat' dir='ltr'><strong>ea</strong></span> <span class='ocrx_word' id='word_1_739' title='bbox 3487 4195 3586 4249; x_wconf 87' lang='lat' dir='ltr'><strong>est</strong></span> <span class='ocrx_word' id='word_1_740' title='bbox 3630 4182 3974 4249; x_wconf 88' lang='lat' dir='ltr'><strong>hominum</strong></span> <span class='ocrx_word' id='word_1_741' title='bbox 4019 4181 4321 4249; x_wconf 88' lang='lat' dir='ltr'><strong>incredu-</strong></span> 
     </span>
     <span class='ocr_line' id='line_1_104' title="bbox 2372 4266 4320 4356; baseline -0.004 -18"><span class='ocrx_word' id='word_1_742' title='bbox 2372 4272 2554 4350; x_wconf 85' lang='lat' dir='ltr'><strong>litas,</strong></span> <span class='ocrx_word' id='word_1_743' title='bbox 2623 4283 2702 4338; x_wconf 91' lang='lat' dir='ltr'><strong>ut</strong></span> <span class='ocrx_word' id='word_1_744' title='bbox 2759 4292 3017 4356; x_wconf 87' lang='lat' dir='ltr'><strong>semper</strong></span> <span class='ocrx_word' id='word_1_745' title='bbox 3071 4270 3313 4336; x_wconf 88' lang='lat' dir='ltr'><strong>incerti</strong></span> <span class='ocrx_word' id='word_1_746' title='bbox 3355 4270 3677 4335; x_wconf 89' lang='lat' dir='ltr'><strong>fluctuent</strong></span> <span class='ocrx_word' id='word_1_747' title='bbox 3721 4277 3788 4333; x_wconf 89' lang='lat' dir='ltr'><strong>et</strong></span> <span class='ocrx_word' id='word_1_748' title='bbox 3831 4266 4145 4334; x_wconf 85' lang='lat' dir='ltr'><strong>adversus</strong></span> <span class='ocrx_word' id='word_1_749' title='bbox 4191 4266 4320 4331; x_wconf 90' lang='lat' dir='ltr'><strong>Dei</strong></span> 
     </span>
     <span class='ocr_line' id='line_1_105' title="bbox 2374 4352 4321 4442; baseline -0.003 -18"><span class='ocrx_word' id='word_1_750' title='bbox 2374 4357 2842 4442; x_wconf 88' lang='lat' dir='ltr'><strong>promissiones</strong></span> <span class='ocrx_word' id='word_1_751' title='bbox 2863 4357 3264 4423; x_wconf 88' lang='lat' dir='ltr'><strong>certissimas</strong></span> <span class='ocrx_word' id='word_1_752' title='bbox 3298 4354 3670 4440; x_wconf 81' lang='lat' dir='ltr'><strong>disputent:</strong></span> <span class='ocrx_word' id='word_1_753' title='bbox 3718 4353 3897 4418; x_wconf 90' lang='lat' dir='ltr'><strong>iubet</strong></span> <span class='ocrx_word' id='word_1_754' title='bbox 3929 4353 4108 4418; x_wconf 90' lang='lat' dir='ltr'><strong>enim</strong></span> <span class='ocrx_word' id='word_1_755' title='bbox 4131 4352 4321 4418; x_wconf 88' lang='lat' dir='ltr'><strong>Deus</strong></span> 
     </span>
     <span class='ocr_line' id='line_1_106' title="bbox 2372 4439 4322 4524; baseline -0.003 -15"><span class='ocrx_word' id='word_1_756' title='bbox 2372 4464 2493 4509; x_wconf 88' lang='lat' dir='ltr'><strong>nos</strong></span> <span class='ocrx_word' id='word_1_757' title='bbox 2515 4465 2778 4510; x_wconf 89' lang='lat' dir='ltr'><strong>securos</strong></span> <span class='ocrx_word' id='word_1_758' title='bbox 2800 4464 2962 4522; x_wconf 89' lang='lat' dir='ltr'><strong>esse,</strong></span> <span class='ocrx_word' id='word_1_759' title='bbox 3006 4449 3076 4508; x_wconf 91' lang='lat' dir='ltr'><strong>et</strong></span> <span class='ocrx_word' id='word_1_760' title='bbox 3110 4440 3195 4507; x_wconf 91' lang='lat' dir='ltr'><strong>ab</strong></span> <span class='ocrx_word' id='word_1_761' title='bbox 3236 4441 3378 4524; x_wconf 89' lang='lat' dir='ltr'><strong>ipso</strong></span> <span class='ocrx_word' id='word_1_762' title='bbox 3421 4439 3708 4524; x_wconf 89' lang='lat' dir='ltr'><strong>pendere</strong></span> <span class='ocrx_word' id='word_1_763' title='bbox 3751 4446 3929 4504; x_wconf 88' lang='lat' dir='ltr'><strong>certo</strong></span> <span class='ocrx_word' id='word_1_764' title='bbox 3971 4459 4322 4522; x_wconf 88' lang='lat' dir='ltr'><strong>persuasos</strong></span> 
     </span>
     <span class='ocr_line' id='line_1_107' title="bbox 2373 4523 4319 4613; baseline -0.004 -18"><span class='ocrx_word' id='word_1_765' title='bbox 2373 4531 2589 4613; x_wconf 89' lang='lat' dir='ltr'><strong>ipsum</strong></span> <span class='ocrx_word' id='word_1_766' title='bbox 2627 4549 2745 4613; x_wconf 92' lang='lat' dir='ltr'><strong>pro</strong></span> <span class='ocrx_word' id='word_1_767' title='bbox 2789 4528 3001 4595; x_wconf 88' lang='lat' dir='ltr'><strong>salute</strong></span> <span class='ocrx_word' id='word_1_768' title='bbox 3045 4537 3275 4593; x_wconf 87' lang='lat' dir='ltr'><strong>nostra</strong></span> <span class='ocrx_word' id='word_1_769' title='bbox 3319 4525 3626 4611; x_wconf 83' lang='lat' dir='ltr'><strong>vigilare:</strong></span> <span class='ocrx_word' id='word_1_770' title='bbox 3670 4524 3783 4590; x_wconf 90' lang='lat' dir='ltr'><strong>sed</strong></span> <span class='ocrx_word' id='word_1_771' title='bbox 3830 4523 4128 4589; x_wconf 89' lang='lat' dir='ltr'><strong>homines</strong></span> <span class='ocrx_word' id='word_1_772' title='bbox 4257 4545 4319 4588; x_wconf 92' lang='lat' dir='ltr'><strong>r-</strong></span> 
     </span>
     <span class='ocr_line' id='line_1_108' title="bbox 2372 4609 4320 4700; baseline -0.003 -21"><span class='ocrx_word' id='word_1_773' title='bbox 2372 4624 2574 4700; x_wconf 89' lang='lat' dir='ltr'><strong>petuo</strong></span> <span class='ocrx_word' id='word_1_774' title='bbox 2609 4614 2843 4681; x_wconf 88' lang='lat' dir='ltr'><strong>incerti</strong></span> <span class='ocrx_word' id='word_1_775' title='bbox 2888 4620 3237 4698; x_wconf 85' lang='lat' dir='ltr'><strong>vagantur,</strong></span> <span class='ocrx_word' id='word_1_776' title='bbox 3283 4622 3350 4677; x_wconf 87' lang='lat' dir='ltr'><strong>et</strong></span> <span class='ocrx_word' id='word_1_777' title='bbox 3389 4610 3660 4695; x_wconf 88' lang='lat' dir='ltr'><strong>quaevis</strong></span> <span class='ocrx_word' id='word_1_778' title='bbox 3705 4609 3997 4693; x_wconf 88' lang='lat' dir='ltr'><strong>pericula</strong></span> <span class='ocrx_word' id='word_1_779' title='bbox 4039 4611 4133 4677; x_wconf 89' lang='lat' dir='ltr'><strong>sic</strong></span> <span class='ocrx_word' id='word_1_780' title='bbox 4215 4630 4320 4674; x_wconf 90' lang='lat' dir='ltr'><strong>or·</strong></span> 
     </span>
     <span class='ocr_line' id='line_1_109' title="bbox 2375 4694 4321 4783; baseline -0.004 -17"><span class='ocrx_word' id='word_1_781' title='bbox 2375 4707 2542 4780; x_wconf 87' lang='lat' dir='ltr'><strong>rent,</strong></span> <span class='ocrx_word' id='word_1_782' title='bbox 2585 4700 2767 4783; x_wconf 89' lang='lat' dir='ltr'><strong>quasi</strong></span> <span class='ocrx_word' id='word_1_783' title='bbox 2793 4698 3018 4765; x_wconf 90' lang='lat' dir='ltr'><strong>nullus</strong></span> <span class='ocrx_word' id='word_1_784' title='bbox 3041 4718 3327 4782; x_wconf 90' lang='lat' dir='ltr'><strong>unquam</strong></span> <span class='ocrx_word' id='word_1_785' title='bbox 3364 4719 3445 4762; x_wconf 88' lang='lat' dir='ltr'><strong>ex</strong></span> <span class='ocrx_word' id='word_1_786' title='bbox 3490 4695 3620 4761; x_wconf 90' lang='lat' dir='ltr'><strong>illis</strong></span> <span class='ocrx_word' id='word_1_787' title='bbox 3663 4694 3929 4761; x_wconf 79' lang='lat' dir='ltr'><strong>futurus</strong></span> <span class='ocrx_word' id='word_1_788' title='bbox 3952 4696 4040 4760; x_wconf 90' lang='lat' dir='ltr'><strong>sit</strong></span> <span class='ocrx_word' id='word_1_789' title='bbox 4082 4695 4321 4773; x_wconf 85' lang='lat' dir='ltr'><strong>exitus,</strong></span> 
     </span>
     <span class='ocr_line' id='line_1_110' title="bbox 2374 4779 4321 4869; baseline -0.004 -17"><span class='ocrx_word' id='word_1_790' title='bbox 2374 4794 2441 4852; x_wconf 89' lang='lat' dir='ltr'><strong>et</strong></span> <span class='ocrx_word' id='word_1_791' title='bbox 2484 4785 2581 4850; x_wconf 88' lang='lat' dir='ltr'><strong>ita</strong></span> <span class='ocrx_word' id='word_1_792' title='bbox 2622 4793 2858 4869; x_wconf 87' lang='lat' dir='ltr'><strong>sponte</strong></span> <span class='ocrx_word' id='word_1_793' title='bbox 2900 4785 3031 4849; x_wconf 90' lang='lat' dir='ltr'><strong>Dei</strong></span> <span class='ocrx_word' id='word_1_794' title='bbox 3073 4779 3614 4868; x_wconf 87' lang='lat' dir='ltr'><strong>promissionibus</strong></span> <span class='ocrx_word' id='word_1_795' title='bbox 3655 4781 4089 4858; x_wconf 87' lang='lat' dir='ltr'><strong>reluctantur,</strong></span> <span class='ocrx_word' id='word_1_796' title='bbox 4131 4780 4321 4863; x_wconf 88' lang='lat' dir='ltr'><strong>quasi</strong></span> 
     </span>
     <span class='ocr_line' id='line_1_111' title="bbox 2373 4865 4321 4954; baseline -0.003 -18"><span class='ocrx_word' id='word_1_797' title='bbox 2373 4871 2546 4937; x_wconf 90' lang='lat' dir='ltr'><strong>ultro</strong></span> <span class='ocrx_word' id='word_1_798' title='bbox 2598 4871 2671 4936; x_wconf 87' lang='lat' dir='ltr'><strong>in</strong></span> <span class='ocrx_word' id='word_1_799' title='bbox 2717 4869 2999 4935; x_wconf 85' lang='lat' dir='ltr'><strong>nihilum</strong></span> <span class='ocrx_word' id='word_1_800' title='bbox 3044 4871 3222 4954; x_wconf 86' lang='lat' dir='ltr'><strong>ipsas</strong></span> <span class='ocrx_word' id='word_1_801' title='bbox 3265 4865 3607 4933; x_wconf 87' lang='lat' dir='ltr'><strong>redacturi.</strong></span> <span class='ocrx_word' id='word_1_802' title='bbox 3698 4865 4143 4948; x_wconf 82' lang='lat' dir='ltr'><strong>Quamobrem</strong></span> <span class='ocrx_word' id='word_1_803' title='bbox 4189 4884 4321 4948; x_wconf 89' lang='lat' dir='ltr'><strong>quo</strong></span> 
     </span>
     <span class='ocr_line' id='line_1_112' title="bbox 2374 4950 4320 5035; baseline -0.003 -14"><span class='ocrx_word' id='word_1_804' title='bbox 2374 4956 2585 5022; x_wconf 88' lang='lat' dir='ltr'><strong>maior</strong></span> <span class='ocrx_word' id='word_1_805' title='bbox 2628 4965 2729 5022; x_wconf 86' lang='lat' dir='ltr'><strong>est</strong></span> <span class='ocrx_word' id='word_1_806' title='bbox 2769 4955 3114 5021; x_wconf 88' lang='lat' dir='ltr'><strong>hominum</strong></span> <span class='ocrx_word' id='word_1_807' title='bbox 3159 4952 3600 5029; x_wconf 88' lang='lat' dir='ltr'><strong>incredulitas,</strong></span> <span class='ocrx_word' id='word_1_808' title='bbox 3658 4971 3736 5018; x_wconf 90' lang='lat' dir='ltr'><strong>eo</strong></span> <span class='ocrx_word' id='word_1_809' title='bbox 3778 4950 4157 5035; x_wconf 84' lang='lat' dir='ltr'><strong>diligentius</strong></span> <span class='ocrx_word' id='word_1_810' title='bbox 4201 4969 4320 5015; x_wconf 90' lang='lat' dir='ltr'><strong>no-</strong></span> 
     </span>
     <span class='ocr_line' id='line_1_113' title="bbox 2375 5033 4322 5126; baseline -0.004 -19"><span class='ocrx_word' id='word_1_811' title='bbox 2375 5040 2577 5107; x_wconf 87' lang='lat' dir='ltr'><strong>tanda</strong></span> <span class='ocrx_word' id='word_1_812' title='bbox 2634 5041 2934 5126; x_wconf 88' lang='lat' dir='ltr'><strong>exempla</strong></span> <span class='ocrx_word' id='word_1_813' title='bbox 2988 5040 3226 5125; x_wconf 89' lang='lat' dir='ltr'><strong>quibus</strong></span> <span class='ocrx_word' id='word_1_814' title='bbox 3279 5058 3629 5123; x_wconf 87' lang='lat' dir='ltr'><strong>possumus</strong></span> <span class='ocrx_word' id='word_1_815' title='bbox 3687 5036 3970 5103; x_wconf 88' lang='lat' dir='ltr'><strong>erudiri:</strong></span> <span class='ocrx_word' id='word_1_816' title='bbox 4024 5033 4322 5120; x_wconf 88' lang='lat' dir='ltr'><strong>quando—</strong></span> 
     </span>
     <span class='ocr_line' id='line_1_114' title="bbox 2373 5121 4322 5211; baseline -0.003 -18"><span class='ocrx_word' id='word_1_817' title='bbox 2373 5127 2636 5211; x_wconf 90' lang='lat' dir='ltr'><strong>quidem</strong></span> <span class='ocrx_word' id='word_1_818' title='bbox 2675 5147 2806 5193; x_wconf 87' lang='lat' dir='ltr'><strong>non</strong></span> <span class='ocrx_word' id='word_1_819' title='bbox 2836 5135 3097 5193; x_wconf 89' lang='lat' dir='ltr'><strong>tantum</strong></span> <span class='ocrx_word' id='word_1_820' title='bbox 3144 5124 3484 5191; x_wconf 87' lang='lat' dir='ltr'><strong>docentem</strong></span> <span class='ocrx_word' id='word_1_821' title='bbox 3508 5123 3746 5200; x_wconf 91' lang='lat' dir='ltr'><strong>Deum,</strong></span> <span class='ocrx_word' id='word_1_822' title='bbox 3794 5121 3910 5187; x_wconf 87' lang='lat' dir='ltr'><strong>sed</strong></span> <span class='ocrx_word' id='word_1_823' title='bbox 3956 5122 4153 5188; x_wconf 86' lang='lat' dir='ltr'><strong>etiam</strong></span> <span class='ocrx_word' id='word_1_824' title='bbox 4199 5140 4322 5187; x_wconf 88' lang='lat' dir='ltr'><strong>nos</strong></span> 
     </span>
     <span class='ocr_line' id='line_1_115' title="bbox 2375 5205 4323 5297; baseline -0.004 -18"><span class='ocrx_word' id='word_1_825' title='bbox 2375 5212 2458 5279; x_wconf 87' lang='lat' dir='ltr'><strong>ad</strong></span> <span class='ocrx_word' id='word_1_826' title='bbox 2483 5213 2683 5279; x_wconf 86' lang='lat' dir='ltr'><strong>fidem</strong></span> <span class='ocrx_word' id='word_1_827' title='bbox 2707 5209 3247 5297; x_wconf 89' lang='lat' dir='ltr'><strong>promissionibus</strong></span> <span class='ocrx_word' id='word_1_828' title='bbox 3281 5208 3491 5292; x_wconf 91' lang='lat' dir='ltr'><strong>ipsius</strong></span> <span class='ocrx_word' id='word_1_829' title='bbox 3526 5205 3966 5273; x_wconf 88' lang='lat' dir='ltr'><strong>adhibendam</strong></span> <span class='ocrx_word' id='word_1_830' title='bbox 4003 5205 4323 5291; x_wconf 85' lang='lat' dir='ltr'><strong>exemplis</strong></span> 
     </span>
     <span class='ocr_line' id='line_1_116' title="bbox 2376 5290 4322 5375; baseline -0.004 -11"><span class='ocrx_word' id='word_1_831' title='bbox 2376 5318 2723 5364; x_wconf 87' lang='lat' dir='ltr'><strong>servorum</strong></span> <span class='ocrx_word' id='word_1_832' title='bbox 2794 5318 3062 5365; x_wconf 87' lang='lat' dir='ltr'><strong>suorum</strong></span> <span class='ocrx_word' id='word_1_833' title='bbox 3136 5296 3531 5361; x_wconf 86' lang='lat' dir='ltr'><strong>excitantem</strong></span> <span class='ocrx_word' id='word_1_834' title='bbox 3590 5293 3913 5360; x_wconf 87' lang='lat' dir='ltr'><strong>audimus.</strong></span> <span class='ocrx_word' id='word_1_835' title='bbox 4012 5290 4322 5375; x_wconf 82' lang='lat' dir='ltr'><strong>Exempli</strong></span> 
     </span>
    </p>
   </div>
  </div>
 </body>
</html>
