5059 6059
289 335 405 405 253

287 526 371 593 sic
427 524 493 589 in
555 523 692 590 eius
754 524 1004 590 cultum
1070 524 1545 603 incumbamus,
1612 530 1689 589 ut
1750 543 1884 589 non
1939 531 2202 590 tantum

287 609 685 678 caeremoniis
720 611 1014 675 externis
1053 610 1438 695 religionem
1462 630 1594 676 non
1638 609 2046 688 simulemus,
2088 609 2204 675 sed

286 705 406 763 toto
445 694 631 761 corde
669 696 765 762 sic
803 695 993 760 illum
1031 713 1423 762 veneremur
1465 716 1542 762 ac
1582 695 1893 772 colamus,
1938 707 2015 761 ut
2059 704 2205 761 tan-

289 782 420 848 dem
464 781 597 848 eius
641 782 961 847 auxilium
1005 784 1447 866 experiamur,
1504 791 1821 864 tanquam
1882 802 2013 846 non
2069 781 2206 847 ficti

285 877 345 934 et
381 866 658 933 simulati
702 865 817 932 sed
858 867 1101 934 sinceri
1156 866 1555 934 adoratores.
1642 867 1929 933 Nosti-as
1985 879 2204 933 autem

283 953 677 1019 infirmitates
732 952 826 1019 sic
877 952 1204 1040 benignus
1260 955 1512 1035 toleret,
1566 963 1644 1018 ut
1698 953 1854 1018 licet
1907 952 2074 1017 nihil
2134 957 2204 1017 in

282 1039 449 1106 nobis
504 1036 654 1103 boni
708 1050 1051 1124 appareat,
1109 1048 1327 1106 tamen
1387 1061 1506 1107 suo
1563 1039 1791 1106 favore
1849 1059 1966 1106 nos
2025 1057 2203 1105 com·

282 1124 455 1208 plecti
497 1143 629 1189 non
673 1123 950 1204 desinat,
996 1135 1118 1191 etc.

701 1468 1196 1552 HOMILIA
1242 1469 1775 1552 SECUNDA.

432 1641 490 1705 6.
549 1640 643 1705 Εἰ
701 1641 914 1720 ipsam
984 1658 1223 1722 qaoque
1289 1639 1470 1705 valde
1517 1638 1895 1722 provocabat
1950 1641 2204 1706 amula

283 1728 422 1811 tias,
460 1731 529 1790 ut
569 1730 972 1792 commoveret
1002 1746 1178 1791 eam:
1218 1726 1372 1808 quia
1419 1725 1757 1792 occluserat
1799 1724 2032 1791 Iehova
2064 1727 2201 1792 vul-

281 1813 599 1878 metus.
700 1811 758 1877 7.
808 1810 1457 1895 Sicmaeevnfaciente
1497 1831 1566 1876 eo
1599 1813 1953 1894 quotannis,
2007 1832 2203 1893 quum

283 1897 938 1965 moadscenderdia
993 1896 2005 1968 domumleaovaeitaaemula
2054 1918 2201 1980 pro-

286 1983 1695 2063 vocabateam,utfloretetnonoomedoret.
1784 1983 1843 2048 8.
1901 1982 2203 2064 Quam-s

280 2069 481 2136 diona
511 2068 968 2134 eiElcanavv‘r
999 2069 1155 2149 eius,
1198 2067 1461 2135 Oltam
1492 2068 1879 2151 quarefles?
1918 2073 1976 2136 et
2007 2090 2202 2152 queo-e

279 2174 389 2222 non
423 2155 732 2223 comedis?
793 2160 850 2220 et
891 2175 1089 2237 quare
1138 2156 1303 2221 male
1347 2175 1415 2220 se
1454 2154 1636 2222 habet
1688 2156 1951 2222 animus
2003 2155 2202 2224 taus?

275 2240 1747 2325 annonmeliorstmtibiquamdecemfilii?

420 2413 757 2480 Hesterna
780 2416 1089 2480 concione
1110 2410 1475 2492 didicimus,
1518 2432 1856 2495 nunqnam
1895 2413 2025 2480 Dei
2068 2413 2200 2481 cul-

270 2508 392 2565 tum
433 2499 617 2567 nobis
656 2498 1114 2578 deserendum,
1161 2498 1313 2565 licet
1356 2497 1535 2564 mille
1554 2499 1856 2581 pessimis
1877 2500 2197 2583 exemplis

269 2585 337 2651 ad
375 2586 617 2652 malum
666 2585 1082 2669 provocatis:
1140 2605 1263 2649 nec
1303 2584 1458 2668 quid
1519 2583 1626 2650 hic
1669 2584 1773 2649 vel
1831 2583 1942 2652 ille
1997 2585 2197 2651 faciat

268 2670 671 2751 intuendum,
709 2670 823 2737 sed
866 2669 949 2736 ad
996 2670 1343 2737 hominum
1395 2670 1837 2753 cuiuscunque
1879 2671 2193 2737 conditio-

270 2758 356 2824 nis
396 2758 495 2824 vel
538 2757 797 2823 ordinis
818 2755 1212 2822 offendicula
1245 2756 1465 2838 potius
1484 2756 1914 2822 occludendos
1937 2757 2191 2823 oculos:

267 2851 332 2908 ut
366 2846 418 2910 si
459 2853 720 2912 rectum
763 2843 1028 2908 virtutis
1087 2863 1163 2908 ac
1203 2841 1467 2926 pietatis
1525 2843 1855 2907 tramitem
1909 2843 2192 2927 ingressi

265 2947 878 3101 iffisffiqffl
900 2927 1730 3080 simmaa..
1742 2927 2194 3097 ww.-

267 3101 567 3169 summus.
654 3103 760 3168 Ac
801 3122 889 3168 ne
930 3102 988 3166 si
1032 3100 1295 3184 quidem
1343 3099 1681 3184 depravati
1726 3100 1992 3186 fuerint,
2033 3121 2195 3184 quos

265 3189 606 3254 sanctitatis
651 3206 734 3254 ac
787 3186 1049 3270 pietatis
1091 3185 1428 3269 exemplar
1469 3206 1612 3252 esse
1655 3185 1979 3268 decuerat,
2033 3188 2192 3253 resi-

264 3269 368 3339 lire
404 3273 737 3349 debemus,
777 3292 982 3357 quum
1035 3272 1158 3339 sibi
1203 3272 1364 3357 ipsis
1405 3271 1652 3337 malum
1696 3279 2052 3357 accersant,
2094 3281 2192 3338 et-

266 3361 315 3423 si
349 3359 515 3426 lento
558 3359 922 3427 adversum
966 3358 1145 3442 ipsos
1183 3377 1382 3442 passu
1441 3356 1667 3424 divina
1707 3357 2003 3425 vindicta
2044 3376 2193 3442 pro·

265 3444 597 3528 grediatur.
694 3445 927 3529 Neque
970 3446 1144 3510 enim
1204 3463 1325 3528 par
1382 3453 1485 3509 est
1538 3452 1807 3528 propter
1850 3445 2192 3510 hominum

262 3531 549 3598 malitiam
592 3552 679 3599 ac
720 3531 1142 3615 proterviam,
1186 3529 1541 3614 quidquam
1578 3530 1722 3596 Deo
1765 3528 2040 3608 detrahi,
2077 3540 2195 3596 ant

265 3614 334 3683 de
369 3617 528 3702 legis
566 3617 785 3702 ipsius
821 3616 1143 3701 dignitate
1184 3617 1416 3682 minui.
1462 3615 1664 3682 Nobis
1705 3616 1778 3681 in
1822 3616 2193 3701 praeseutia

264 3699 333 3767 de
382 3704 537 3771 rixis
595 3713 671 3771 et
728 3700 1256 3769 contentionibus
1309 3701 1544 3768 Annae
1602 3722 1753 3767 cum
1813 3702 2019 3768 altera
2070 3702 2190 3767 El-

262 3806 441 3856 canae
479 3809 692 3858 uxore
734 3789 1039 3855 Peninna
1081 3787 1425 3856 dicendum
1464 3796 1582 3855 est.
1671 3787 1802 3855 Ubi
1834 3789 2189 3856 observan-

265 3873 407 3941 dum
443 3896 640 3960 quam
702 3895 821 3959 pro
952 3876 1007 3941 si
1053 3875 1359 3941 mortales
1407 3873 1490 3940 ad
1548 3873 1766 3941 cultus
1811 3875 1938 3941 Dei
1980 3873 2189 3943 viola·

265 3959 502 4028 tionem.
590 3962 771 4029 Nam
806 3895 1221 4028 ggltiiluutem
1264 3959 1698 4027 adscendente
1743 3960 1995 4028 Elcana
2035 3980 2189 4027 cum

265 4044 487 4113 familia
541 4046 628 4114 ad
685 4046 1184 4115 sacrificandum
1244 4048 1315 4112 in
1387 4047 1789 4128 sanctuario,
1854 4067 2074 4113 nonne
2131 4047 2186 4111 si

264 4151 413 4214 quae
452 4133 628 4200 domi
674 4133 1150 4200 exercebantur
1205 4132 1355 4198 odia
1397 4141 1515 4197 aut
1554 4133 1760 4212 rixae,
1818 4141 1961 4197 tum
2021 4131 2187 4198 obli-

264 4218 423 4284 vioni
462 4218 827 4286 tradendae
886 4218 1196 4285 fuerunt?
1258 4216 1335 4286 Si
1391 4218 1653 4303 quidem
1714 4238 1855 4285 sese
1899 4218 2186 4284 Domino

262 4303 478 4386 stituri,
534 4315 603 4373 et
647 4307 719 4371 in
764 4305 906 4372 eius
956 4303 1319 4371 maiestatis
1374 4311 1814 4388 conspectum,
1866 4314 1942 4368 ut
1992 4311 2188 4388 saep'e

263 4385 430 4457 Deus
471 4393 539 4457 in
582 4392 735 4477 lege
777 4392 1087 4476 loquitur,
1135 4392 1398 4456 venturi
1440 4389 1853 4457 accedebant.
1925 4389 2192 4456 Deinde

263 4475 430 4544 nobis
470 4477 670 4544 huius
714 4476 1134 4560 profectionis
1181 4485 1249 4542 et
1292 4476 1689 4542 adorationis
1742 4475 1831 4541 ad
1883 4485 2188 4543 sanctua-

262 4561 417 4627 rium
458 4583 499 4630 a
542 4565 832 4631 Domino
876 4564 1217 4630 institutae
1258 4563 1410 4628 finis
1452 4561 1978 4629 considerandus.
2053 4563 2185 4628 Ne·

262 4668 371 4730 qne
431 4671 586 4716 vero
648 4649 1069 4734 cogitandum
1136 4648 1353 4714 Deum
1418 4649 1640 4732 aliqua
1704 4649 1994 4714 virorum
2069 4657 2189 4713 aut

262 4734 594 4801 mulierum
640 4737 1069 4802 cursitatione
1113 4735 1523 4815 delectatum,
1583 4732 1804 4817 qualia
1851 4734 1972 4800 sibi
2021 4755 2188 4800 som·

262 4819 363 4884 nia
400 4822 734 4887 fluxerunt
787 4842 827 4887 a
871 4820 1105 4905 quibus
1150 4820 1555 4904 excogitatae
1607 4820 2186 4903 peregrinationes,

299 4908 429 4972 nasi
466 4907 684 4974 labore
727 4907 1069 4973 hominum
1115 4906 1242 4972 huc
1300 4906 1403 4974 vel
1461 4905 1621 4972 illuc
1676 4905 2185 4971 discurrentium

263 4924 432 5059 (bem
471 4993 825 5061 coleretur:
871 4992 985 5060 sed
1028 4994 1242 5076 potius
1266 4991 1548 5058 voluisse
1588 4999 1668 5057 ut
1710 5012 1861 5057 arca
1902 4994 2005 5057 sui
2048 4992 2187 5057 foe-

266 5073 439 5158 deris,
480 5099 597 5145 ara
639 5080 922 5160 suffitus,
956 5100 1032 5146 ac
1056 5078 1339 5161 denique
1362 5079 1681 5144 sacrificia
1714 5091 1934 5143 essent
1978 5078 2190 5143 instar

266 5161 523 5245 vinculi,
580 5186 709 5249 quo
769 5166 1048 5250 populus
1103 5164 1173 5229 in
1232 5173 1460 5230 mutua
1515 5162 1859 5232 concordia
1913 5173 1979 5228 et
2028 5185 2189 5248 pace

268 5247 595 5317 foveretur.
686 5250 911 5333 Quare
969 5252 1026 5317 si
1082 5270 1245 5334 quos
1303 5249 1485 5316 nulla
1537 5250 1825 5317 strictior
1879 5248 2189 5335 iungebat

1615 334 1719 401 IN
1762 334 1816 401 1.
1861 334 2041 402 LIB.
2089 333 2493 404 SAMUEL.
2543 335 2745 402 CAP.
2791 335 2846 401 1.

4101 339 4236 408 254

2307 523 2718 591 necessitudo
2768 545 2988 592 coram
3032 525 3178 591 Deo
3236 534 3628 611 apparentes
3683 531 3971 611 oportuit
4025 550 4253 614 pacem

2306 611 2540 692 colere,
2584 620 2829 694 quanto
2871 613 3083 695 magis
3125 633 3234 678 eos
3291 612 3404 695 qui
3463 633 3599 678 una
3655 613 3905 679 familia
3957 617 4252 687 contine-

2310 697 2553 762 bantur
2593 696 2662 761 id
2707 696 2972 762 decuit?
3032 695 3209 779 Quid
3265 698 3469 782 igitur
3523 699 3669 764 istis
3721 701 4105 768 mulieribus
4161 706 4252 770 fa-

2309 782 2614 848 ciendum
2673 783 3086 862 arbitramur,
3151 803 3432 866 quarum
3492 806 3664 850 unus
3722 800 3865 851 erat
3923 790 4249 858 maritus?

2312 869 2552 934 Nonne
2595 868 2903 951 depositis
2930 868 3095 935 odiis
3139 882 3207 934 et
3248 870 3693 935 simultatibus
3735 872 3815 937 ad
3844 873 4057 940 Deum
4104 877 4251 945 illas

2312 954 2697 1037 opportebat
2738 953 3063 1035 accedere,
3111 963 3420 1038 tanquam
3465 957 3665 1021 unius
3707 961 3998 1041 corporis
4041 983 4245 1029 mem-

2314 1040 2473 1107 bra?
2574 1041 2824 1105 Verum
2891 1039 3118 1124 procul
3182 1042 3423 1107 absunt
3487 1043 3570 1110 ab
3637 1042 3760 1108 hac
3816 1047 4243 1129 cogitatione:

2314 1145 2462 1191 nam
2513 1144 2725 1207 neque
2769 1125 2850 1191 de
2877 1127 3004 1191 Dei
3061 1126 3270 1209 gloria
3327 1129 3635 1211 cogitant,
3695 1148 3910 1211 neque
3943 1131 4027 1197 de
4070 1134 4244 1200 eius·

2313 1211 2487 1276 modi
2512 1213 3012 1295 protestatione:
3048 1211 3162 1277 sed
3187 1213 3404 1296 potius
3439 1215 3508 1277 in
3544 1213 3912 1281 simultates
3945 1217 4248 1287 intentae

2311 1317 2460 1363 cum
2508 1309 2885 1380 contemptu
2915 1317 2958 1361 a
2989 1296 3135 1363 Deo
3171 1299 3547 1364 institutum
3586 1301 3881 1366 ordinem
3920 1316 4243 1371 evertunt.

2312 1384 2481 1448 Nam
2535 1383 2802 1448 interim
2846 1384 3153 1449 Peninna
3194 1386 3612 1468 prosequitur
3654 1386 3920 1454 Annam
3966 1389 4132 1466 odio,
4177 1401 4245 1457 et

2309 1468 2753 1535 simultatibus
2791 1470 3072 1553 superbe
3113 1469 3435 1554 indulget.
3524 1471 3700 1537 Hinc
3745 1493 3966 1538 eorum
4013 1475 4244 1560 impie-

2310 1567 2415 1621 tas
2459 1567 2755 1638 apparet‚
2801 1555 2915 1637 qui
2965 1554 3094 1620 Dei
3139 1555 3387 1621 cultum
3447 1558 3668 1623 verbis
3709 1559 3863 1623 dum
3908 1561 4240 1640 simulant,

2308 1662 2390 1706 ex
2458 1661 2538 1705 eo
2602 1641 2774 1706 male
2849 1640 3132 1707 faciendi
3206 1642 3607 1708 occasionem
3675 1645 4018 1727 arripiunt.
4109 1648 4245 1728 Qui

2309 1725 2454 1792 Deo
2514 1725 2969 1792 sacrificabant
3021 1727 3254 1793 testari
3310 1728 3524 1810 palam
3585 1748 3660 1793 ac
3724 1733 4011 1812 profiteri
4076 1733 4250 1799 vide-

2309 1812 2551 1878 bantur
2609 1811 2775 1877 velle
2830 1833 2900 1877 se
2975 1833 3259 1896 suosque
3320 1833 3547 1878 omnes
3602 1813 3822 1880 Deum
3878 1838 3961 1881 ex
4021 1820 4243 1886 animo

2306 1900 2537 1965 colere.
2584 1898 2691 1962 En
2740 1907 2958 1963 tamen
3004 1899 3391 1978 Penninam,
3426 1900 3696 1964 alteram
3745 1901 4032 1967 Elcanae
4079 1925 4238 1970 uxo·

2306 2005 2473 2062 rum,
2519 1983 2602 2049 de
2646 1985 3108 2050 sacrificiorum
3165 1985 3461 2068 portione
3505 1985 4001 2067 gloriabundam
4047 2000 4112 2054 et
4155 1990 4238 2055 ad

2303 2071 2672 2155 iurgiorum
2752 2071 3155 2136 occasionem
3221 2067 3628 2148 abutentem,
3701 2072 3968 2156 Deoque
4031 2074 4240 2141 veluti

2304 2166 2526 2241 aperte
2561 2155 2973 2221 illudentem.
3032 2156 3162 2221 Hic
3205 2177 3398 2239 porro
3441 2156 3820 2236 notandum,
3870 2171 4028 2225 tunc
4074 2171 4240 2228 tem-

2300 2244 2482 2325 poris
2527 2239 2657 2305 Dei
2723 2241 3032 2324 populum
3090 2240 3171 2307 ad
3229 2243 3671 2308 sanctuarium
3728 2253 3796 2308 et
3847 2258 4104 2312 oratum
4174 2253 4240 2313 et

2302 2329 2740 2394 sacrificatum
2787 2327 3064 2406 venisse,
3109 2337 3185 2392 nt
3225 2329 3465 2393 certior
3506 2328 3587 2392 de
3631 2329 4047 2397 exauditione
4093 2353 4240 2415 pre·

2298 2434 2446 2480 cum
2508 2415 2714 2478 fieret.
2802 2413 2974 2478 Nam
3027 2413 3150 2478 etsi
3207 2414 3430 2479 fideles
3495 2414 3788 2498 singulos
3853 2416 4028 2481 domi
4089 2419 4233 2484 fieri

2303 2500 2444 2565 Deo
2490 2499 2822 2583 supplices
2863 2518 3012 2565 cnm
3056 2510 3235 2565 certa
3277 2498 3515 2565 fiducia
3568 2500 4003 2567 exauditionis
4046 2523 4237 2587 opor-

2301 2586 2445 2666 tuit,
2502 2594 2725 2650 tamen
2771 2585 3098 2668 peculiare
3140 2585 3587 2651 testimoninm
3632 2606 3789 2652 suae
3829 2590 4239 2671 praesentiae

2299 2669 2485 2737 Deus
2527 2673 2597 2737 in
2643 2671 3017 2737 sanctuario
3060 2672 3372 2754 praebere
3417 2672 3646 2751 voluit,
3706 2683 3779 2737 ut
3822 2674 3893 2737 in
3938 2674 4078 2740 eius
4122 2695 4236 2741 ve-
4340 2703 4343 2706 “

2298 2757 2421 2821 luti
2471 2766 2892 2840 conspectum
2950 2755 3308 2834 venientes,
3362 2757 3574 2840 magis
3619 2776 3695 2822 ac
3749 2759 3966 2844 magis
4010 2759 4091 2825 de
4134 2760 4234 2825 di-

2299 2845 2451 2908 vino
2493 2862 2653 2927 erga
2693 2863 2765 2908 se
2808 2844 3031 2908 favore
3068 2853 3135 2908 et
3176 2842 3634 2908 benevolentia
3669 2845 4232 2912 confirmarentur.

2298 2927 2615 2994 Precibus
2660 2948 2815 2995 vero
2849 2928 3013 2993 nihil
3060 2928 3272 3012 magis
3329 2948 3705 3013 repugnans
3748 2949 3942 3012 quam
3987 2930 4235 2997 discor-

2298 3015 2461 3093 diae,
2527 3014 2677 3080 odia
2731 3023 2802 3080 et
2854 3013 3239 3079 simultates.
3329 3013 3499 3079 Nam
3567 3014 3849 3091 obsecro,
3912 3015 4234 3098 quomodo

2297 3119 2530 3166 manus
2588 3100 2911 3186 supplices
2974 3100 3057 3165 ad
3123 3099 3340 3166 Deum
3407 3099 3657 3179 tendas,
3715 3099 3950 3182 quibus
4016 3111 4233 3166 tecum

2297 3187 2688 3270 supplicanti
2737 3185 2899 3252 velis
2942 3186 3163 3252 oculos
3206 3184 3534 3251 effodere?
3581 3184 3815 3266 Qualis
3905 3198 4233 3270 uantaque

2296 3272 2673 3339 mortalium
2738 3270 3178 3356 perversitas?
3267 3271 3374 3336 Ad
3434 3271 3650 3335 Deum
3718 3290 3866 3338 acce
3949 3293 4024 3338 re
4080 3291 4234 3339 con-

2296 3357 2588 3426 cordiam
2634 3357 3016 3424 simulantes
3057 3377 3133 3424 ae
3176 3378 3335 3441 prae
3377 3376 3450 3422 se
3495 3357 3795 3441 ferentes,
3851 3358 3967 3441 qui
4010 3369 4230 3423 tamen

2295 3443 2491 3512 corde
2547 3443 2917 3510 simultates
2972 3452 3039 3508 et
3091 3443 3242 3509 odia
3298 3441 3649 3526 premunt?
3737 3444 3982 3509 Annon
4047 3443 4230 3511 istud

2295 3537 2396 3597 est
2437 3529 2636 3596 nimis
2692 3528 3112 3612 impudenter
3155 3530 3298 3595 Deo
3341 3528 3656 3593 mentiri?
3746 3528 3969 3610 Quare
4009 3530 4232 3596 Deum

2293 3615 2545 3700 precari
2589 3625 2656 3680 et
2696 3614 2846 3681 odia
2874 3635 3026 3682 cum
3070 3614 3380 3680 fratribus
3419 3631 3724 3679 exercere
3767 3615 4034 3680 omnino
4075 3634 4230 3679 con-

2293 3702 2495 3767 traria
2516 3709 2692 3767 sunt.
2750 3700 2937 3768 Deus
2977 3701 3153 3766 enim
3199 3719 3424 3783 preces
3480 3700 3684 3766 veluti
3729 3710 4042 3766 tesseram
4085 3721 4235 3765 mu·

2293 3796 2444 3854 tuae
2502 3801 2764 3853 nost-rae
2805 3807 2956 3854 cum
3014 3786 3323 3853 fratribus
3364 3786 3832 3852 coniunctionis
3875 3806 4019 3851 esse
4070 3786 4236 3853 vult.

2291 3874 2431 3940 Nec
2473 3884 2814 3957 precantes
2855 3871 3187 3956 propriam
3236 3881 3498 3937 tautum
3542 3891 3808 3938 causam
3851 3891 4064 3955 agere,
4115 3870 4232 3937 sed

2291 3960 2491 4025 etiam
2548 3958 2993 4042 proximorum
3043 3956 3381 4023 commoda
3429 3965 3496 4023 et
3551 3957 3827 4023 salutem
3876 3976 4230 4041 procurare

2292 4045 2492 4122 iubet,
2558 4065 2639 4110 ac
2692 4044 3013 4128 singulari
3079 4064 3242 4110 cura
3297 4053 3364 4108 et
3424 4041 3862 4109 sollicitudine
3922 4043 4230 4110 ecclesiae

2292 4130 2497 4197 totius
2562 4130 2843 4196 salutem
2911 4149 3278 4213 exposcere.
3371 4126 3483 4194 Sic
3546 4128 3910 4207 Christum,
3977 4127 4228 4210 precari

2292 4237 2444 4283 suos
2500 4216 2862 4296 docentem,
2921 4216 3122 4283 verba
3173 4216 3301 4281 ista
3357 4215 3852 4298 praescripsisse
3912 4215 4228 4282 videmus.

2293 4303 2461 4368 Nam
2521 4321 2717 4367 nemo
2759 4301 3066 4385 privatim
3101 4321 3337 4384 panem
3384 4320 3574 4365 suum
3620 4298 4067 4384 quotidianum
4113 4297 4229 4363 sed

2295 4390 2415 4454 toti
2463 4389 2775 4455 ecclesiae
2807 4397 3034 4471 petere
3074 4386 3362 4467 docetur,
3406 4407 3605 4469 quum
3654 4385 3760 4451 his
3801 4385 4023 4451 verbis
4063 4382 4228 4449 dioi-

2293 4495 2477 4542 mus:
2517 4473 2624 4538 Da
2666 4473 2855 4540 nobis
2899 4473 3094 4539 hodie
3135 4491 3370 4556 panem
3420 4483 3711 4537 nostrum
3758 4468 4224 4555 quotidianum,

2291 4561 2587 4625 Remitte
2644 4559 2835 4625 nobis
2890 4557 3110 4624 debita
3160 4568 3401 4624 nostra.
3493 4558 3779 4640 Magnae
3822 4576 3975 4639 ergo
4019 4554 4228 4619 divini

2291 4647 2581 4712 nominis
2658 4645 3131 4730 profanationis
3215 4664 3329 4708 rea
3419 4652 3520 4707 est
3584 4643 3886 4709 Peninna
3960 4640 4225 4705 Annam

2289 4752 2655 4817 provocans
2698 4739 2766 4796 et
2809 4731 3093 4808 irritans,
3134 4749 3338 4813 eoque
3381 4729 3588 4792 maior
3622 4739 3688 4793 et
3728 4725 4062 4808 indignior
4085 4725 4224 4790 eius

2291 4817 2673 4902 petulantia,
2732 4816 2901 4901 quod
2946 4816 3184 4882 sociam
3231 4816 3398 4894 lecti,
3442 4832 3569 4897 quo
3613 4813 3889 4894 quietior
3931 4819 3998 4874 et
4038 4829 4224 4892 paca-

2292 4906 2421 4969 tior
2462 4913 2580 4981 est,
2625 4923 2703 4968 eo
2749 4903 2957 4987 magis
3002 4911 3222 4968 tamen
3268 4901 3528 4966 lacessit
3571 4919 3647 4965 ac
3690 4906 4016 4980 provocat.
4083 4895 4225 4961 Nae

2290 4990 2654 5056 inhumana
2711 4988 3013 5054 Peninna
3071 4988 3229 5066 fuit,
3284 5005 3452 5069 quae
3512 4984 3854 5068 superbiae
3914 5001 4070 5047 suae
4129 4980 4226 5045 la-

2291 5096 2459 5142 xans
2518 5075 2808 5140 habenas
2848 5075 2920 5139 in
2976 5093 3120 5139 eam
3165 5091 3204 5136 a
3247 5091 3374 5154 qua
3411 5071 3583 5134 laesa
3617 5090 3746 5133 non
3807 5068 4025 5132 fuerat
4063 5065 4226 5132 adeo

2293 5181 2532 5246 procax
2577 5161 2717 5226 fnit.
2807 5163 2898 5225 At
2939 5178 3107 5242 quae
3149 5177 3344 5222 causa
3390 5166 3717 5219 tantarum
3764 5150 4222 5218 simultatum?

2290 5248 2544 5331 Nempe
2588 5244 2904 5331 quaedam
2952 5247 3159 5309 maior
3203 5240 3664 5307 beneficentiae
3689 5240 3812 5304 Dei
3859 5259 4016 5324 erga
4050 5238 4225 5303 Phe-
