5059 6059
811 233 941 304 503

808 435 888 491 ut
929 422 1244 490 nimirum
1288 421 1475 490 daret
1514 442 1801 507 operam,
1842 443 1927 489 ne
1973 423 2155 490 Deus
2189 421 2325 489 ad
2308 442 2473 489 iram
2510 422 2753 490 iterum

812 518 1297 595 provocaretur,
1358 517 1424 574 et
1476 529 1559 575 ne
1614 527 1738 575 sua
1789 508 2192 594 negligentia
2246 508 2318 574 in
2368 509 2756 576 universum

815 595 1129 681 populum
1170 595 1333 661 ultio
1375 594 1604 661 divina
1636 605 2099 695 accerseretur,
2141 603 2409 679 propter
2441 615 2573 660 non
2608 594 2756 661 dili·

814 692 1047 766 genter
1101 679 1498 747 custoditum
1552 680 1682 748 sibi
1723 681 2145 748 commissum
2191 689 2448 747 tantum
2491 680 2758 747 thesau-

814 788 982 833 rum.
1069 766 1291 850 Atque
1347 766 1582 832 horum
1625 765 1974 833 verborum
2017 787 2249 833 sensus
2291 766 2419 833 iste
2458 775 2562 833 est
2593 766 2760 865 ‚sim-

811 852 1223 938 plicissimus
1317 852 1487 917 Nam
1542 859 1612 919 et
1652 849 2106 920 sanctificandi
2152 853 2424 920 verbum
2470 852 2652 918 varie
2695 859 2762 918 et

812 938 1264 1023 multipliciter
1299 946 1672 1022 usurpatur.
1752 937 1865 1005 Sic
1901 958 2057 1023 ergo
2082 938 2464 1022 praeficitur
2482 937 2760 1004 Eleazar

812 1043 1002 1093 arcae
1067 1023 1418 1104 custodiae,
1486 1032 1559 1089 ut
1622 1045 1756 1091 non
1821 1034 2047 1091 tamen
2107 1023 2207 1093 illi
2268 1024 2392 1090 sibi
2451 1030 2760 1109 arrogent

812 1111 1231 1178 autoritatem
1295 1111 1510 1192 ipsum
1564 1110 1634 1175 in
1692 1130 1845 1176 eum
1902 1109 2242 1194 dignitatis
2285 1108 2565 1194 gradum
2609 1131 2759 1175 eve-

809 1195 1033 1273 hendi,
1078 1217 1271 1280 quem
1292 1195 1476 1262 Deus
1499 1195 1697 1262 tribui
1718 1196 1891 1262 Levi
1913 1195 2035 1263 soli
2059 1195 2469 1262 attribuerat.
2553 1194 2757 1263 Sanc-

813 1284 1095 1350 tificasse
1139 1302 1292 1348 vero
1337 1281 1666 1360 dicuntur,
1711 1281 1887 1365 quod
1930 1281 2011 1348 de
2055 1282 2184 1347 Dei
2225 1282 2407 1347 cultu
2452 1281 2562 1349 hic
2604 1301 2757 1366 age-

814 1379 1016 1449 retur,
1074 1377 1149 1433 ut
1202 1368 1325 1434 rite
1369 1368 1707 1446 coleretur,
1767 1376 1962 1450 atque
2005 1375 2399 1452 perpetuum
2442 1366 2759 1434 haberent

816 1455 1254 1521 testimonium
1300 1453 1707 1554 praesentiae
1748 1453 1881 1518 Dei
1923 1453 2006 1519 ad
2040 1452 2265 1536 populi
2299 1453 2401 1520 sui
2436 1452 2757 1520 defensio·

812 1561 964 1607 nem
1009 1549 1077 1605 et
1117 1541 1701 1607 conservationem.

985 1624 1300 1708 Sequitur
1372 1624 1694 1709 deinceps,
1761 1625 1895 1690 iam
1958 1624 2193 1706 elapsis

814 1711 1149 1778 Israelita-3
1210 1711 1614 1777 lamentantes
1672 1710 2047 1777 inclamasse
2111 1710 2435 1778 Iekovam:
2512 1715 2570 1777 et
2635 1710 2759 1776 Sa-

811 1798 1072 1864 muelem
1124 1796 1397 1864 edixisse
1438 1797 1549 1863 toti
1577 1796 1817 1879 populo
1859 1801 1929 1862 ut
1969 1800 2458 1863 converterentur
2499 1797 2587 1862 ad
2627 1795 2761 1895 Dc-

809 1885 1071 1963 minum,
1135 1884 1396 1965 deosque
1458 1882 1844 1966 alieniqms
1906 1883 2222 1965 auferrent
2284 1904 2317 1950 e
2378 1883 2580 1949 medio
2634 1881 2758 1965 sui,

812 1991 895 2036 ne
954 1976 1029 2034 ut
1084 1980 1280 2036 antea
1336 1969 1608 2034 deorum
1659 1967 1845 2034 illam
1888 1969 2335 2035 confusionem
2378 1969 2758 2036 retinerent.

812 2055 985 2122 Nam
1020 2055 1144 2120 etsi
1182 2056 1397 2120 Deum
1439 2052 1795 2120 Abrahami
1830 2054 2040 2121 colere
2064 2075 2132 2120 se
2154 2053 2253 2120 illi
2275 2055 2758 2138 profiterentur,

813 2155 1036 2207 tamen
1075 2141 1148 2206 in
1170 2138 1666 2223 superstitiones
1686 2149 1753 2205 et
1775 2139 2174 2206 idololatrias
2194 2139 2514 2223 proclives
2537 2149 2758 2206 erant.

812 2239 1009 2310 atque
1051 2226 1147 2292 ita
1194 2225 1317 2291 Dei
1357 2224 1614 2290 cultum
1658 2226 2101 2309 profanabant.
2145 2226 2320 2309 quod
2363 2248 2514 2293 cum
2559 2246 2759 2309 paga·

813 2334 1047 2379 norum
1102 2310 1691 2378 abominationibus
1745 2311 2030 2379 eundem
2074 2312 2443 2379 miscerent.
2534 2311 2759 2393 Quare

811 2399 979 2465 benc
1037 2395 1307 2465 Samuel
1363 2416 1473 2462 eos
1531 2396 1854 2478 hortatur,
1909 2420 1995 2464 ne
2054 2398 2134 2465 ad
2180 2397 2398 2465 Deum
2444 2419 2528 2464 ex
2571 2406 2759 2481 parte

813 2490 1251 2561 revertantur,
1327 2502 1539 2565 neque
1602 2483 1782 2548 enim
1845 2482 2029 2551 Deus
2094 2483 2300 2550 ullam
2365 2483 2755 2550 divisionem

812 2570 987 2634 ferre
1029 2576 1261 2652 potest,
1326 2568 1439 2651 qui
1483 2567 1605 2634 coli
1647 2570 1792 2634 vult
1832 2568 2087 2637 sincere
2132 2577 2199 2635 et
2239 2571 2382 2636 sine
2424 2569 2596 2648 fuco,
2655 2577 2755 2634 at-

814 2676 939 2737 que
995 2663 1207 2720 totum
1264 2653 1595 2721 hominem
1648 2654 1952 2738 postulat.
2040 2656 2329 2738 Tempus
2370 2662 2594 2721 autem
2635 2675 2756 2719 no-

814 2748 1010 2815 tatur,
1075 2749 1148 2805 ut
1212 2761 1295 2805 ex
1362 2760 1437 2807 eo
1499 2749 1813 2823 appareat
1877 2748 2036 2808 tunc
2098 2739 2485 2808 Samuelem
2538 2741 2756 2806 valere

811 2826 1160 2892 autoritate
1218 2825 1527 2909 potuisse,
1581 2826 1836 2893 iuvenis
1894 2827 2071 2893 enim
2128 2826 2344 2893 adhuc
2401 2825 2753 2892 admodum

816 2915 962 2978 erat
1005 2930 1207 2995 quum
1254 2932 1408 2978 arca
1449 2919 1812 2995 caperetur.
1880 2915 1983 2979 Ac
2027 2912 2178 2979 licet
2221 2912 2355 2977 iam
2398 2920 2542 2978 tum
2583 2919 2757 2978 esset

814 2997 1152 3097 propheta,
1218 3007 1284 3063 et
1348 2996 1501 3062 talis
1563 2997 1935 3082 haberetur,
2012 2997 2181 3081 quod
2246 2996 2758 3064 revelationibus

815 3091 988 3152 esset
1030 3083 1327 3168 insignis,
1376 3082 1664 3148 nondum
1708 3091 1929 3149 tamen
1975 3092 2235 3150 tantum
2282 3083 2542 3151 valebat
2576 3090 2758 3149 auto-

815 3170 1032 3247 ritate,
1088 3179 1165 3235 ut
1220 3169 1606 3253 praesertim
1663 3175 1799 3234 tam
1858 3167 2099 3235 durum
2156 3177 2221 3236 et
2278 3169 2757 3237 intractabilem

814 3255 1147 3340 populum,
1199 3254 1412 3340 qualis
1453 3251 1765 3333 iudaicus,
1810 3264 2030 3338 posset
2071 3255 2155 3322 ad
2197 3256 2485 3323 officium
2528 3275 2761 3339 cogere

813 3351 882 3409 et
923 3342 997 3407 in
1038 3361 1116 3406 eo
1159 3341 1459 3408 retinere.
1549 3339 1720 3405 Nam
1765 3348 1962 3407 antea
2004 3339 2309 3423 vidimus,
2352 3351 2421 3408 et
2462 3341 2759 3425 pluribus

816 3427 1123 3510 deinceps
1162 3427 1369 3494 visuri
1408 3446 1658 3510 sumus,
1708 3425 1900 3495 valde
1942 3427 2146 3494 fuisse
2188 3435 2607 3494 contumaces
2647 3425 2759 3492 Iu-

821 3512 1014 3580 daeos
1055 3521 1122 3580 et
1165 3511 1481 3587 difficiles,
1525 3520 1604 3576 ut
1646 3531 1781 3578 non
1822 3512 2014 3579 facile
2058 3512 2259 3580 ullius
2301 3513 2575 3597 imperio
2617 3533 2761 3579 sese

820 3598 1248 3665 subiecerint:
1305 3618 1509 3682 quare
1550 3617 1682 3664 non
1726 3597 2042 3701 potuisset
2084 3596 2355 3666 Samuel
2399 3596 2617 3666 adhuc
2656 3599 2761 3664 iu-

820 3682 1011 3750 venis
1083 3703 1195 3750 eos
1258 3682 1329 3747 in
1394 3682 1607 3750 officio
1670 3684 1975 3751 retinere.
2063 3684 2297 3785 Itaque
2360 3683 2547 3752 Deus
2608 3705 2759 3752 eum

823 3768 1029 3836 voluit
1091 3768 1176 3835 ad
1237 3768 1519 3852 aliquam
1586 3776 1864 3836 aetatem
1927 3770 2178 3851 venire,
2241 3778 2319 3837 ut
2374 3770 2678 3855 deinceps
2722 3790 2766 3836 a

816 3854 1065 3939 ,populo
1142 3854 1413 3931 facilius,
1499 3854 1688 3920 nullo
1766 3865 2194 3956 repugnante,
2281 3856 2759 3923 admitteretur.

822 3941 1175 4008 Caeterum
1249 3960 1333 4004 ex
1396 3940 1541 4007 istis
1603 3941 2027 4026 conspicuum
2091 3949 2192 4008 est
2252 3962 2451 4027 quam
2514 3940 2762 4026 stupidi

818 4026 1071 4093 fuerint
1104 4025 1326 4092 miseri
1369 4026 1478 4091 isti
1511 4025 1759 4094 Iudaei.
1818 4027 1990 4094 Nam
2023 4027 2136 4094 vel
2170 4028 2396 4095 asinus
2430 4027 2516 4093 ad
2559 4029 2760 4095 ictum

820 4112 1040 4181 baculi
1102 4131 1309 4177 unum
1373 4121 1488 4176 aut
1551 4111 1832 4179 alterum
1894 4112 2172 4197 gradum
2232 4113 2584 4181 accelerat.
2648 4112 2766 4180 sed

821 4199 953 4276 isti,
1017 4198 1173 4265 licet
1214 4198 1416 4263 variis
1460 4204 1528 4263 et
1570 4197 1898 4265 diuturnis
1942 4220 1982 4264 a
2024 4199 2171 4265 Deo
2217 4199 2429 4300 plagis
2471 4200 2763 4279 excitati,

819 4303 953 4351 non
1012 4290 1238 4350 tamen
1295 4283 1604 4350 commoti
1644 4293 1821 4364 sunt,
1877 4284 1993 4351 sed
2034 4286 2573 4369 superstitionum
2616 4305 2759 4352 sua—

816 4389 969 4438 rum
1033 4369 1326 4436 immersi
1390 4367 1548 4449 luto,
1617 4368 1700 4435 de
1765 4370 2154 4437 revertendo
2219 4370 2303 4436 ad
2364 4369 2587 4438 Deum
2633 4392 2764 4439 non

816 4457 1129 4541 comtant.
1219 4452 1443 4536 Quare
1514 4454 1828 4521 videntur
1907 4454 2116 4522 brutis
2181 4457 2401 4541 potius
2464 4458 2766 4523 animan·

816 4543 995 4609 tibus
1049 4561 1249 4626 quam
1304 4541 1430 4625 piis
1472 4540 1634 4609 viris
1674 4540 1875 4608 fuisse
1917 4539 2250 4609 simillimi.
2335 4543 2512 4610 Nam
2556 4544 2615 4610 si
2661 4544 2764 4610 vel

819 4629 1055 4695 micam
1114 4646 1316 4693 sanae
1369 4627 1611 4694 mentis
1667 4625 2067 4708 habuissent,
2119 4636 2370 4696 certum
2429 4636 2529 4696 est
2585 4628 2765 4713 ipsos

820 4714 905 4780 ad
960 4712 1365 4798 agnitionem
1422 4719 1832 4796 peccatorum
1873 4734 2146 4780 suorum
2186 4714 2388 4780 fuisse
2430 4723 2761 4783 venturos.

818 4800 1062 4883 Lapsis
1119 4808 1341 4864 tamen
1416 4797 1652 4884 viginti
1710 4799 1903 4865 annis
1958 4800 2117 4866 flere
2158 4807 2514 4884 coeperunt
2556 4807 2623 4867 et
2679 4802 2762 4868 ad

821 4884 1184 4952 Dominum
1242 4884 1609 4951 lamentari.
1696 4884 1807 4951 Ex
1870 4905 1998 4969 quo
2053 4883 2379 4953 discamus
2436 4887 2764 4970 patienter

820 4970 996 5037 ferre
1061 4968 1247 5038 nobis
1311 4971 1643 5037 immissas
1705 4990 1745 5035 a
1784 4971 1936 5037 Deo
1999 4971 2490 5057 castigationes:
2566 4993 2644 5040 ac
2704 4975 2763 5041 si

822 5057 1038 5156 minas
1080 5056 1457 5140 ingeminet,
1501 5064 1575 5123 ut
1616 5077 1689 5122 re
1730 5056 1876 5141 ipsa
1919 5077 2038 5124 nos
2068 5056 2309 5125 doceat
2348 5078 2620 5125 manum
2662 5058 2763 5144 ip-

825 5139 962 5208 sius
1017 5150 1349 5226 potentem
1406 5152 1718 5221 metuere,
1786 5152 2051 5210 nostrae
2108 5141 2369 5210 duritiei
2432 5142 2502 5209 id
2543 5143 2762 5229 impu-

2246 1625 2478 1709 viqinti
2532 1625 2758 1705 annis,

2446 233 2863 302 HOMILIA
2903 232 3170 302 XXIV.

4630 234 4726 301 504

2857 430 3106 490 umus:
3163 443 3371 522 quam
3419 441 3556 488 non
3615 418 3807 488 aliter
3847 418 4181 490 emendari
4223 439 4411 505 posse
4451 420 4614 488 Deus
4640 447 4726 491 no-

2857 509 2989 576 vit:
3046 515 3115 576 et
3170 508 3295 575 boc
3352 507 3567 592 ipsum
3609 506 4013 590 propesitum
4056 507 4428 590 exemplum
4465 528 4574 574 nos
4608 514 4728 578 satis

2855 615 3018 677 supe
3096 616 3179 662 ue
3236 591 3864 662 docet.1sraelitas
3922 592 4100 658 enim
4152 591 4340 660 facile
4394 603 4601 661 nostro
4631 598 4729 662 cal·

2857 681 3003 748 culo
3091 700 3453 779 amnamns,
3501 677 3679 764 quod
3721 685 3822 744 tot
3862 698 4071 744 annos
4115 678 4183 742 in
4228 679 4731 778 superstitionibus

2857 766 3204 834 haerentes
3245 764 3517 832 minime
3558 765 3695 832 sint
3736 764 3820 830 ad
3861 763 4083 830 Deum
4125 764 4389 842 reversi,
4439 764 4545 830 scd
4581 786 4733 850 quare

2860 852 2941 919 de
2985 852 3174 920 nobis
3215 851 3376 936 ipsis
3415 870 3554 918 non
3596 849 4012 932 cogitamus?
4079 848 4276 932 Quid,
4317 870 4567 934 quaeso,
4600 853 4733 934 quis-

2858 959 3134 1091 3323?
3162 944 3499 1107 ξέἱῗέἓζῖι
3506 935 4254 1106 ’ἓῗὲῗηὲοὲιὲοῗὲιῗηι
4262 935 4735 1092 &zizimi

2859 1110 3127 1179 ceritate
3183 1117 3252 1175 et
3309 1108 3598 1193 puritate
3653 1106 3833 1173 illius
3888 1128 4225 1191 nunquam
4282 1106 4456 1174 velle
4496 1107 4736 1175 recedere

2859 1197 3260 1280 profitemur,
3302 1193 3416 1262 sed
3460 1202 3682 1260 tamen
3718 1192 3862 1277 quis
3899 1194 3980 1259 ab
4014 1194 4317 1259 instituto
4349 1192 4524 1260 vitae
4553 1194 4737 1262 vitioso

2857 1282 3149 1366 recedit?
3208 1281 3433 1363 Quare
3477 1300 3644 1364 quae
3686 1279 3770 1347 de
3812 1290 4030 1345 vetere
4074 1279 4311 1363 populo
4356 1279 4607 1346 Iudaico
4641 1302 4738 1346 me-

2858 1375 3223 1448 morantur,
3296 1367 3568 1450 quisque
3629 1365 3704 1430 in
3767 1386 3839 1432 se
3903 1365 4092 1432 facile
4155 1365 4452 1448 reperiet.
4537 1365 4657 1431 Nae
4701 1369 4742 1432 si

2854 1455 3044 1521 Deus
3099 1453 3368 1538 flagitiis
3409 1452 3656 1520 nostris
3697 1460 4088 1535 provocatus
4126 1451 4356 1518 durius
4398 1459 4470 1517 et
4507 1453 4743 1517 severius

2858 1541 2930 1605 in
2972 1560 3092 1606 nos
3133 1536 3659 1605 animadvertere
3701 1545 4062 1637 cogeretur,
4125 1536 4469 1603 fatendum
4508 1547 4601 1602 est
4635 1547 4744 1604 ten·

2860 1634 2999 1692 tam
3064 1626 3135 1691 in
3201 1623 3390 1690 nobis
3452 1624 3931 1692 contumaciam
3987 1623 4179 1689 illum
4224 1634 4644 1707 reperturum,
4691 1637 4748 1687 ιιι

2859 1711 3154 1796 repetitis
3219 1708 3512 1794 pluribus
3571 1709 3783 1793 plagis
3836 1730 3956 1775 nos
3996 1710 4083 1776 sit
4124 1709 4574 1809 castigaturus.
4649 1708 4745 1774 Ve-

2859 1818 3006 1863 rum
3050 1797 3109 1864 si
3150 1796 3491 1862 meliorem
3533 1804 3819 1861 mentem
3853 1794 4148 1895 dederit,
4169 1816 4300 1896 qua
4336 1794 4744 1878 poenitentiam

2861 1903 3151 1967 agamus,
3212 1892 3279 1948 et
3335 1880 3420 1947 ad
3476 1902 3630 1948 eum
3674 1881 3923 1948 reversi
3970 1902 4089 1948 nos
4128 1882 4199 1946 in
4239 1882 4383 1947 eins
4427 1880 4745 1979 obsequium

2859 1988 3347 2053 componamus,
3391 1976 3740 2052 postquam
3777 1965 4019 2032 leniter
4051 1967 4495 2052 castigaverit,
4536 1965 4747 2065 speciali

2859 2054 3128 2139 spiritus
3172 2054 3379 2137 ipsius
3414 2054 3668 2138 gratiae
3704 2052 3993 2118 feramus
4028 2063 4387 2137 acceptum.
4459 2052 4619 2118 Nam
4647 2052 4747 2118 sine

2861 2160 3040 2292 gipille
3063 2139 3330 2310 ὥῶἰέἔιε
3348 2139 3565 2291 haggi
3605 2137 4643 2326 ᾶὲοῢῖιῗὲτῗηιιςοτοιῦάωιιῗιιιθωξΐὲιι
4690 2155 4748 2288 ιθάῑ

2860 2321 3270 2396 peccatorum
3306 2311 3712 2395 agnitionem
3748 2310 4142 2387 veniremus,
4187 2320 4257 2376 et
4290 2309 4500 2393 ipsius
4529 2311 4746 2393 imperio

2860 2417 2982 2464 nos
3051 2397 3538 2464 subiiceremus.
3629 2395 3853 2477 Quum
3925 2396 4130 2480 igitur
4196 2396 4305 2462 bic
4363 2397 4662 2480 lacrymas
4703 2410 4747 2459 et

2859 2483 3151 2551 lamenta
3191 2480 3586 2549 Iudaeorum
3630 2479 3956 2560 audimus,
4000 2481 4475 2582 poenitentiam
4514 2482 4746 2566 ipsorum

2861 2568 3178 2638 declarari
3242 2569 3544 2635 sciamus.
3630 2566 3858 2651 Neque
3915 2575 4140 2634 tamen
4196 2568 4337 2634 sola
4380 2568 4635 2634 tristitia
4668 2587 4746 2632 ve-

2859 2675 3005 2722 ram
3057 2663 3125 2721 ct
3165 2655 3488 2720 sinceram
3531 2652 3993 2720 contritionem
4040 2662 4111 2718 et
4153 2653 4620 2736 poenitentiam
4653 2660 4745 2717 tes·

2860 2749 3058 2820 tatur,
3151 2760 3360 2823 neque
3439 2738 3781 2806 sufficiunt
3844 2738 4094 2805 bomini
4159 2741 4642 2806 conversionem
4691 2736 4747 2801 ad

2857 2827 3079 2892 Deum
3135 2824 3468 2909 profitenti
3522 2823 3854 2909 lacrymae
3905 2835 3972 2890 et
4013 2824 4321 2910 gemitus,
4384 2824 4500 2892 sed
4541 2823 4749 2891 tristitia

2858 2912 2975 2977 illa
3038 2922 3295 2978 tantum
3356 2919 3455 2977 est
3508 2910 3616 2976 via
3659 2910 3980 2993 quaedam
4025 2919 4091 2976 et
4132 2919 4488 2994 apparatus
4527 2909 4600 2976 ad
4637 2928 4747 2992 poe-

2862 2999 3241 3064 nitentiam·
3295 3007 3364 3062 et
3420 2995 3659 3064 idcirco
3700 3015 4171 3098 nonnunquam
4213 2996 4332 3062 illa
4375 2996 4632 3064 tristitia
4662 3013 4748 3078 ρι·ο

2861 3093 3001 3150 tota
3065 3084 3148 3148 ad
3208 3084 3427 3149 Deum
3481 3082 3906 3150 conversione
3961 3082 4299 3165 accipitur.
4392 3083 4568 3150 Vera
4615 3081 4747 3147 enim

2860 3169 3267 3254 poenitentia
3306 3168 3389 3234 ab
3432 3168 3560 3234 hoc
3602 3175 3917 3252 tanquam
3960 3168 4139 3234 fonte
4172 3180 4534 3251 promanat,
4573 3179 4637 3233 ιιι
4665 3166 4747 3231 ho·

2859 3254 3300 3408 temti
3333 3262 3808 3424 Ἓᾳὶἓᾛὲἓ
3838 3263 3941 3405 ἔέι
3962 3251 4749 3425 ῗὲἓῗῗιῗῇἰάζηῗῗξῇ

2857 3427 3017 3512 agit,
3060 3446 3265 3510 quum
3308 3425 3419 3503 ait,
3461 3445 3592 3493 non
3631 3445 3700 3492 se
3729 3426 4046 3508 poenitere
4085 3426 4253 3508 quod
4297 3363 4638 3494 Corinthios
4661 3441 4749 3505 pet

2860 3513 3191 3596 epistolam
3243 3512 3508 3579 tristitia
3562 3511 3888 3593 affecisset.
3983 3510 4293 3593 &aoniam
4346 3512 4431 3578 ab
4481 3514 4607 3595 ipso
4644 3527 4748 3592 pro-

2857 3600 3020 3683 fecta
3072 3598 3488 3682 reprehende,
3527 3616 3823 3682 magicam
3864 3597 4191 3663 tristitiam
4231 3603 4290 3663 et
4329 3597 4748 3664 sollicitandam

2862 3686 3027 3767 ipsis
3081 3684 3395 3751 iniecisset
3446 3684 3596 3770 (etsi
3655 3691 3897 3749 natura
3939 3694 4095 3749 sunt
4133 3682 4438 3750 homines
4477 3683 4748 3749 molliores

2863 3782 2934 3837 et
2990 3769 3414 3849 delicatiores,
3469 3776 3546 3835 ut
3600 3768 3816 3835 nolint
3871 3769 4151 3836 scabiem
4209 3789 4404 3835 suam
4446 3763 4747 3869 perfricari)

2863 3856 3023 3923 dicit
3076 3876 3149 3923 se
3207 3875 3340 3922 non
3382 3854 3736 3956 poenitere,
3796 3853 3966 3939 quod
4028 3862 4282 3921 tantam
4326 3857 4430 3921 eis
4469 3854 4747 3921 tristitiam

2864 3941 3210 4020 attulisset,
3289 3961 3458 4025 quae
3522 3939 3838 4007 nimirum
3903 3939 4074 4006 bona
4136 3950 4281 4008 erat
4347 3953 4419 4007 et
4480 3937 4745 4007 salutaris

2862 4027 3136 4113 Duplex
3175 4036 3396 4095 antem
3439 4026 3712 4093 tristitia
3754 4033 3884 4093 est.
3927 4046 4065 4092 una
4095 4027 4177 4093 ad
4213 4027 4442 4107 vitam,
4484 4028 4666 4093 alters
4689 4020 4747 4088 ad

2865 4121 3167 4180 mortem.
3254 4111 3481 4195 Quum
3551 4113 3724 4179 enim
3795 4112 3970 4212 pleni
4035 4114 4417 4195 arrogantia
4469 4111 4747 4180 fremimus

2864 4199 3180 4267 adversus
3235 4199 3474 4275 Deum,
3534 4206 3602 4264 et
3651 4197 3735 4264 ad
3792 4199 3963 4265 ictus
4018 4198 4475 4274 vociferamur,
4533 4193 4747 4264 tristitia

2865 4285 2982 4352 illa
3003 4284 3087 4352 ad
3130 4294 3410 4351 mortem
3451 4291 3572 4363 est,
3615 4292 3684 4349 et
3723 4284 4039 4350 maiorem
4086 4293 4372 4352 nostram
4417 4284 4747 4352 condemna·

2866 4372 3113 4438 tionem
3169 4370 3343 4439 facit
3430 4370 3586 4437 Alia
3640 4390 3800 4437 vero
3855 4367 3941 4436 ad
3993 4370 4203 4437 vitam
4245 4381 4347 4438 est
4389 4370 4556 4437 bona
4591 4375 4648 4435 et
4679 4383 4748 4432 st·

2864 4457 3117 4536 lutaris,
3178 4463 3246 4523 et
3302 4477 3645 4558 nunquam
3700 4454 4027 4539 fugienda,
4084 4476 4288 4540 quum
4347 4458 4640 4525 nimirum
4683 4454 4746 4516 itt

2865 4552 3094 4610 sancto
3125 4540 3258 4609 Dei
3290 4543 3527 4625 spiritu
3561 4541 3871 4627 regimur,
3899 4550 3975 4607 ut
4006 4563 4128 4609 nos
4162 4542 4189 4607 i
4306 4565 4339 4609 s
4374 4542 4746 4626 exploremus.

2864 4639 2932 4697 et
2972 4634 3238 4713 peccata
3278 4637 3505 4695 nostra
3547 4627 4015 4729 expendamus,
4056 4635 4122 4695 et
4210 4564 4500 4695 eillisxp
4492 4641 4745 4697 emaum&

2861 4723 3061 4799 atque
3104 4713 3269 4780 adeo
3312 4713 3501 4781 nobis
3541 4714 3566 4780 i
3614 4733 4259 4794 sissuccenseamus,
4305 4735 4393 4799 qu
4511 4724 4631 4779 tam
4658 4707 4745 4774 mi·

2862 4802 2994 4868 seri
3051 4799 3385 4879 fuerimus,
3443 4806 3524 4866 ut
3569 4735 3710 4867 1bei
3752 4798 4106 4868 adversum
4148 4819 4270 4866 nos
4311 4801 4475 4866 iram
4520 4810 4605 4864 tot
4638 4813 4746 4890 pec·

2862 4888 3027 4955 catis
3084 4885 3652 4953 concitaverimus.
3738 4885 3919 4967 Ergo
3961 4885 4293 4988 lacrymae
4333 4887 4497 4952 istae
4535 4877 4744 4949 Israeli·

2864 4983 3082 5040 tarum
3152 4970 3509 5039 ostendunt
3578 4991 3690 5038 eos
3759 4970 3843 5036 ad
3900 4972 4392 5041 conversionem
4446 4971 4527 5039 ad
4577 4970 4745 5035 Deum

2861 5059 3064 5125 fuisse
3098 5058 3464 5142 dispositos,
3507 5055 3662 5142 quia
3701 5067 3967 5142 peccata
4007 5079 4126 5125 sua
4158 5058 4402 5126 sentire
4433 5061 4743 5158 coeperunt·

2864 5143 3058 5213 Unde
3100 5152 3376 5230 apparet
3414 5144 3564 5212 illos
3608 5151 3825 5226 antea,
3867 5145 4212 5212 brutorum
4246 5145 4470 5222 instar,
4511 5143 4574 5209 ιιι
4611 5133 4745 5205 vitiis
