5059 6059
785 300 915 365 587

793 509 1003 571 neque
1066 487 1375 572 speciosis
1433 485 1805 552 istiusmodi
1858 485 2223 559 rationibus
2282 486 2460 553 vinci
2518 487 2755 570 potuit.

792 574 1083 658 Ideoque
1140 569 1533 638 imitandum
1580 591 1658 641 eo
1705 568 2089 657 diligentius
2135 573 2510 657 exemplum
2558 573 2756 651 istud,

793 681 922 745 quo
1000 657 1361 744 insignius,
1447 665 1522 722 ut
1588 655 1670 723 ad
1739 658 1987 726 malum
2046 657 2380 725 sollicitati
2443 659 2756 742 speciosis

791 745 992 813 etiam
1017 742 1397 823 rationibus,
1444 741 1700 809 diabolo
1726 743 2158 826 persuadente
2192 765 2416 810 rerum
2461 746 2754 813 emnium

795 829 1052 896 felicem
1113 830 1367 894 exitum
1425 828 1586 909 fore,
1648 827 1908 894 fortiter
1951 828 2325 895 istiusmodi
2371 831 2755 896 tentationi-

795 918 920 984 bus
943 915 1346 993 resistamus,
1371 923 1438 980 et
1461 912 1787 997 speciosas
1810 916 2098 981 rationes
2118 916 2561 983 confutemus:
2587 917 2756 982 serio

796 1022 918 1069 nos
961 1002 1436 1084 examinantes,
1483 1012 1549 1064 et
1591 997 1874 1065 blandiri
1921 1001 2108 1066 nobis
2155 1001 2544 1079 desinentes,
2592 1002 2752 1067 adeo

794 1101 869 1154 ut
928 1086 1095 1151 nihil
1141 1086 1270 1151 nisi
1308 1084 1484 1168 quod
1532 1086 1879 1156 honestum
1923 1097 1990 1152 et
2032 1086 2175 1153 Deo
2220 1097 2482 1171 gratum
2526 1108 2754 1170 aceep-

798 1182 1073 1256 tumque
1132 1182 1232 1239 est
1289 1171 1784 1256 aggrediamur,
1843 1172 1960 1237 sed
2013 1173 2127 1238 ubi
2180 1174 2432 1239 malum
2488 1173 2755 1257 aliquod

798 1259 1197 1342 apparuerit,
1243 1258 1466 1322 statim
1511 1256 1898 1325 resiliamus.

971 1343 1178 1409 Porro
1237 1341 1567 1408 Davidem
1641 1343 1928 1409 noluisse
2001 1364 2274 1409 manum
2348 1344 2614 1411 mittere
2683 1345 2754 1411 in

799 1426 1068 1496 Saulem
1132 1437 1326 1493 antea
1384 1427 1692 1507 vidimus,
1750 1427 1923 1511 quod
1984 1437 2156 1495 esset
2212 1450 2330 1495 rex
2389 1438 2457 1495 et
2512 1437 2755 1499 unctus

801 1514 1089 1591 Domini,
1117 1535 1283 1597 quae
1306 1515 1473 1580 ratio
1500 1533 1674 1579 nunc
1717 1516 1910 1580 etiam
1957 1515 2138 1579 illum
2186 1516 2430 1580 retinet
2474 1538 2513 1580 a
2557 1516 2755 1581 caede

804 1599 1051 1667 Saulis.
1106 1601 1266 1682 Quis
1308 1600 1494 1683 enim,
1539 1598 1778 1682 inquit,
1823 1600 2110 1666 extendet
2152 1621 2414 1665 manum
2454 1621 2642 1667 suam
2684 1602 2755 1666 ia

792 1685 1125 1757 „Christum
1178 1683 1478 1762 Domini,
1550 1691 1609 1753 et
1662 1686 1955 1752 innocens
2011 1686 2175 1752 erit?
2276 1687 2528 1752 Fuerat
2580 1687 2753 1752 enim

802 1768 968 1839 Saul
992 1793 1113 1836 rex
1151 1790 1188 1834 a
1216 1771 1499 1836 Domino
1543 1771 1773 1838 factus.
1823 1772 1930 1838 Ex
1974 1792 2102 1854 quo
2148 1770 2474 1839 discamus
2509 1772 2753 1841 doctri-

803 1878 959 1922 nam
1014 1857 1195 1921 illam
1248 1876 1413 1940 quae
1459 1855 1547 1921 ibi
1593 1864 1873 1923 tractata
1917 1867 2017 1922 est
2062 1859 2131 1921 in
2179 1878 2372 1923 usum
2410 1877 2754 1927 revocare:

802 1962 1039 2026 nempe
1098 1961 1327 2007 omnes
1386 1942 1690 2007 venerari
1744 1950 1813 2009 et
1873 1942 2194 2008 honorare
2239 1944 2351 2026 qui
2395 1943 2624 2011 sedent
2671 1943 2755 2008 ad

803 2049 1026 2093 rerum
1050 2027 1511 2111 gubernacula,
1600 2026 1747 2106 uod,
1796 2039 1872 2092 ut
1908 2038 2128 2094 monet
2174 2029 2527 2111 apostolus,
2572 2029 2757 2096 nulla

803 2113 1090 2198 dignitas
1145 2114 1234 2179 sit
1292 2114 1418 2180 nisi
1462 2135 1502 2178 a
1619 2135 1722 2178 eo:
1778 2135 1854 2179 ac
1913 2112 2188 2197 proinde
2236 2114 2413 2181 bunc
2456 2114 2753 2181 ordinem

803 2220 843 2263 a
889 2200 1032 2265 Deo
1091 2199 1520 2265 constitutum
1566 2198 1922 2265 violantem
1964 2201 2249 2266 sciamus
2293 2200 2419 2283 ipsi
2464 2201 2609 2267 Deo
2652 2202 2755 2266 in-

802 2284 1049 2350 iurium
1095 2305 1256 2361 esse,
1318 2294 1383 2350 et
1427 2282 1746 2350 adversus
1791 2286 2006 2368 ipsum
2051 2285 2416 2435 insurgere.
2507 2285 2757 2368 Quam·

802 2370 1027 2436 obrem
1088 2389 1435 2437 caveamus
1488 2370 1842 2454 quidquam
1890 2369 2208 2437 adversus
2323 2392 2473 2437 eum
2522 2372 2754 2454 moliri,

803 2454 1146 2541 publicum
1206 2455 1504 2521 ordinem
1561 2456 1925 2524 violantes:
1985 2465 2050 2522 et
2100 2477 2210 2522 eos
2254 2456 2502 2522 honore
2537 2458 2756 2524 debito

805 2561 1298 2625 prosequamur,
1344 2562 1504 2623 quos
1548 2540 1734 2607 Deus
1777 2542 1846 2606 in
1894 2541 2177 2625 aliquem
2223 2543 2567 2627 dignitatis
2612 2566 2758 2629 gra·

806 2625 989 2692 dum·
1024 2627 1262 2705 evexit,
1322 2636 1390 2689 et
1447 2626 1634 2693 nobis
1693 2627 2034 2710 praefecit:
2098 2627 2221 2694 hoc
2271 2650 2401 2694 uno
2445 2632 2756 2711 contenti,

804 2733 1057 2779 sacram
1081 2710 1475 2795 scripturam
1512 2711 1758 2792 docere,
1805 2735 1934 2779 non
1973 2734 2115 2780 esse
2163 2716 2570 2797 privatorum
2614 2737 2756 2783 sese

807 2796 1138 2863 attollere:
1198 2819 1275 2864 ac
1318 2797 1475 2863 licet
1519 2798 1707 2865 multi
1752 2797 2128 2884 ambitione,
2174 2800 2458 2866 avaritia
2499 2810 2568 2867 et
2609 2822 2755 2868 cru-

807 2883 1076 2949 delitate
1120 2882 1492 2948 invaserint
1532 2882 1812 2967 imperia
1857 2895 1921 2949 et
1965 2906 2189 2969 regna,
2230 2894 2449 2952 tamen
2474 2886 2606 2952 Dei
2641 2907 2758 2952 vo-

802 2969 1130 3035 luntatem
1203 2969 1410 3051 pluris
1481 2988 1625 3035 esse
1688 2991 1888 3053 quam
1945 2973 2166 3038 omnia
2223 2971 2339 3037 illa
2397 2972 2760 3039 faciendam

801 3055 1120 3123 sciamus:
1191 3073 1265 3120 ac
1333 3054 1608 3137 proinde
1674 3077 1794 3122 nos
1859 3056 1993 3124 illis
2060 3058 2235 3124 ultro
2294 3057 2758 3125 submittamus

802 3162 966 3224 quos
993 3142 1176 3207 Deus
1220 3160 1411 3223 reges
1456 3149 1572 3206 aut
1617 3139 1916 3208 dominos
1964 3143 2151 3209 nobis
2196 3144 2526 3227 praefecit,
2573 3143 2758 3211 debi-

804 3236 1076 3309 tumque
1134 3225 1452 3290 honorem
1496 3227 1665 3310 ipsis
1707 3227 2154 3313 exhibeamus,
2214 3228 2525 3312 quamdiu
2572 3229 2755 3298 Deus

803 3313 1186 3396 superstites
1211 3311 1359 3377 illos
1403 3333 1546 3378 esse
1584 3313 1887 3379 voluerit.
1935 3313 2117 3381 Hine
2164 3327 2502 3396 praeterea
2548 3314 2756 3384 disca·

804 3420 968 3476 mus,
1011 3399 1155 3465 Deo
1189 3398 1344 3464 licet
1380 3398 1667 3481 aliquam
1713 3398 1785 3464 in
1831 3399 2052 3467 hostes
2096 3408 2490 3483 potestatem
2536 3421 2760 3468 conce-

806 3484 1034 3562 dente,
1117 3492 1334 3549 tamen
1395 3504 1632 3550 manus
1697 3485 2035 3552 continere
2102 3506 2187 3551 ne
2251 3486 2405 3569 quid
2473 3489 2757 3570 amplius

805 3590 1004 3652 quam
1029 3569 1201 3650 quod
1226 3570 1720 3653 praescripserit
1746 3570 1926 3636 Deus
1949 3571 2445 3654 aggrediantur:
2475 3572 2757 3641 Davidis

805 3653 1180 3737 exemplum
1225 3656 1482 3733 imitati,
1519 3656 1631 3738 qui
1679 3656 1831 3721 licet
1867 3656 1995 3722 Dei
2041 3659 2584 3741 promissionibus
2629 3661 2755 3724 fre·

808 3751 914 3807 tus
960 3740 1150 3823 regni
1193 3760 1498 3806 coronam
1544 3741 1669 3808 sibi
1714 3740 1998 3809 debitam
2043 3753 2471 3825 exspectaret,
2534 3755 2758 3811 tamen

805 3826 1119 3892 festinare
1158 3825 1386 3904 noluit,
1446 3847 1658 3910 neque
1708 3828 1994 3893 oblatam
2039 3830 2353 3895 caedendi
2394 3830 2606 3897 hostis
2648 3852 2755 3896 oc-

806 3912 1139 3979 casionem
1182 3910 1490 3995 arripere,
1539 3913 1713 3995 quod
1760 3914 2055 3979 nondum
2103 3914 2448 3982 advenisse
2494 3926 2757 3999 tempus

806 4020 846 4066 a
900 3997 1046 4062 Deo
1123 3998 1552 4062 constitutum
1616 4000 1930 4066 senserit:
2001 3999 2117 4066 sed
2177 4001 2395 4085 potius
2456 4005 2758 4085 privatus

808 4084 1031 4148 vivere
1104 4102 1432 4164 parvoque
1496 4104 1639 4151 esse
1698 4092 2043 4152 contentus
2104 4087 2366 4161 maluit,
2442 4089 2760 4171 tantisper

806 4169 960 4234 dum
1002 4167 1142 4250 ipse
1192 4166 1376 4232 Deus
1421 4188 1586 4250 opus
1629 4192 1816 4235 suum
1865 4183 2298 4254 promoveret.
2372 4172 2512 4238 Nos
2558 4173 2760 4258 igitur

807 4253 970 4319 nihil
1025 4266 1271 4319 temere
1315 4254 1766 4336 suscipiamus,
1825 4256 1939 4323 sed
1983 4258 2205 4323 omnia
2248 4258 2420 4323 facta
2465 4257 2548 4324 ad
2595 4259 2762 4323 divi-

806 4359 963 4405 nam
1021 4339 1337 4404 amussim
1397 4341 1769 4423 exigamus:
1835 4351 1904 4407 et
1951 4365 2035 4408 ne
2076 4343 2284 4408 latum
2331 4343 2593 4426 quidem
2638 4366 2759 4409 un-

807 4445 1001 4510 guem
1049 4446 1563 4507 promoveamus,
1611 4426 1743 4491 nisi
1784 4438 2100 4510 quantum
2129 4430 2310 4496 Deus
2345 4430 2759 4514 concesserit,

807 4511 919 4595 qui
945 4520 1240 4593 tempore
1264 4521 1631 4593 opportuno
1677 4520 1741 4577 et
1785 4514 2121 4579 commode
2170 4536 2287 4579 nos
2331 4514 2413 4578 ad
2458 4523 2759 4598 optatum

807 4600 1011 4663 finem
1065 4594 1413 4678 perducet:
1476 4595 1669 4662 modo
1731 4598 1935 4680 ipsius
1978 4620 2048 4664 os
2091 4620 2352 4681 semper
2395 4601 2758 4685 interroge-

806 4704 972 4763 mus,
1020 4694 1085 4746 et
1108 4680 1461 4766 diligenter
1505 4682 1677 4765 quod
1721 4684 1894 4749 facto
1940 4686 2066 4749 erit
2106 4706 2273 4768 opus
2316 4686 2751 4767 inquiramus:

808 4779 1005 4850 atque
1047 4767 1162 4832 ubi
1207 4768 1462 4849 quietos
1509 4789 1651 4833 esse
1695 4769 1975 4849 iusserit,
2034 4790 2117 4835 ne
2160 4771 2335 4837 ultra
2380 4772 2751 4854 progredia-

806 4874 977 4917 mur.
1026 4852 1312 4933 Quinam
1336 4853 1402 4918 id
1443 4874 1600 4919 vero
1643 4856 2177 4936 praestiterimus,
2225 4857 2348 4923 nisi
2393 4857 2750 4923 affectioni-

807 4936 930 5003 bus
984 4938 1284 5002 omnibus
1348 4942 1585 5004 nostris
1640 4939 2067 5018 dominemur,
2125 4953 2190 5007 et
2246 4964 2326 5008 ea
2382 4944 2756 5009 constantia

805 5034 873 5089 et
896 5021 1284 5088 fortitudine
1329 5025 1708 5091 muniamur
1752 5047 1880 5107 qua
1924 5028 2213 5108 perferre
2236 5028 2498 5112 quidvis
2545 5029 2756 5112 parati

807 5108 1013 5176 simus
1056 5106 1593 5190 quodvDominus
1638 5112 2036 5193 imposuerit,
2081 5135 2293 5196 neque
2337 5116 2757 5196 impatienter

805 5194 1096 5261 feramus
1120 5193 1593 5261 diuturniorem
1636 5199 1840 5281 nostri
1878 5219 1992 5281 per
2041 5199 2254 5265 varios
2299 5221 2489 5267 casus
2531 5202 2755 5285 explo-

2452 297 2867 365 HOMILIA
2911 296 3163 362 XCIV.
4271 238 4286 253 ι
4633 304 4719 373 588

2862 485 3204 551 rationem.
3306 485 3410 553 Ea
3464 486 3638 553 euim
3696 491 3797 549 est
3853 485 4213 568 patientiae
4273 496 4344 552 et
4403 491 4723 559 consuetae

2864 572 2964 638 vis
3026 580 3099 635 ut
3155 591 3493 653 nunquam
3551 571 3900 650 obruatur,
3958 581 4025 639 et
4083 592 4419 654 nunquam
4472 574 4725 645 offerendo

2860 656 3186 725 sacrificia
3226 656 3600 723 obdientiae
3645 654 4059 739 defatigetur.
4105 655 4223 724 Sic
4257 656 4563 726 Davidem
4602 660 4728 727 vide-

2863 763 3011 809 mus
3077 743 3515 809 abstinentem
3575 740 3799 808 Saulis
3863 763 4043 823 nece,
4108 744 4254 811 suis
4319 743 4622 810 affectibus
4664 749 4727 812 sic

2859 826 3294 906 moderatum,
3342 838 3414 891 ut
3450 828 3519 892 in
3567 827 3816 893 ratione
3862 848 3975 897 eos
4017 828 4323 911 coegerit.
4371 828 4568 895 Homo
4604 833 4730 897 enim

2861 921 3032 980 erat:
3078 936 3155 980 ac
3197 911 3468 996 proinde
3512 913 3780 980 minime
3825 912 4098 980 dubium
4141 912 4302 996 quin
4346 914 4482 995 ipsa
4517 937 4620 981 sua
4651 938 4729 982 nt·

2861 1010 3012 1069 tura
3067 1014 3136 1067 et
3192 999 3459 1082 proprie
3504 1008 3708 1074 motu.
3765 998 3917 1065 licet
3961 999 4074 1065 alii
4119 1020 4249 1064 non
4293 999 4621 1066 adfuissent
4651 1002 4733 1069 im-

2862 1086 3157 1170 pulsores
3214 1094 3282 1149 et
3337 1084 3521 1167 quasi
3560 1083 3823 1150 flabella
3865 1083 4106 1169 caedis,
4167 1083 4393 1151 Saulis
4433 1107 4625 1153 necem
4657 1108 4733 1155 ex·

2863 1172 3198 1254 petiverit:
3243 1169 3361 1236 sed
3396 1170 3687 1236 luctatur
3732 1169 4050 1237 adversus
4092 1171 4286 1236 istam
4328 1170 4733 1254 cogitationem,

2859 1267 2928 1323 et
2976 1255 3242 1322 tandem
3302 1255 3635 1325 eluctatur
3692 1277 3735 1321 a
3779 1257 3904 1322 Dei
3964 1255 4306 1322 voluntate
4348 1266 4518 1322 totus
4555 1257 4736 1339 depen-

2862 1343 3040 1413 dens.
3085 1342 3223 1408 Nos
3258 1340 3478 1424 itaque
3514 1342 3809 1409 norimus
3849 1362 4112 1423 semper
4156 1363 4231 1408 eo
4274 1342 4652 1421 deventuros,
4685 1354 4738 1407 ut

2861 1451 2901 1493 a
2924 1430 3168 1493 nostris
3190 1428 3603 1510 passionibus
3640 1428 3932 1510 superati
3968 1426 4218 1510 aliquid
4256 1436 4480 1495 contra
4511 1429 4733 1493 efficium

2860 1514 3194 1592 faciamus,
3252 1513 3384 1578 nisi
3445 1512 3766 1578 violentas
3812 1512 4092 1579 nimium
4135 1513 4476 1596 passiones
4511 1526 4737 1579 coemes·

2860 1622 3026 1667 mus.
3099 1598 3278 1665 Sane
3321 1598 3390 1662 id
3432 1600 3577 1664 sine
3621 1598 3800 1663 lucta
3842 1598 4127 1681 quadam
4172 1608 4236 1663 et
4279 1599 4484 1663 animi
4521 1600 4738 1682 aegritu·

2861 1686 3016 1753 dine
3073 1685 3222 1749 fieri
3280 1706 3409 1749 non
3469 1704 3659 1766 posse
3703 1683 3946 1749 fateor:
4007 1683 4124 1749 sed
4166 1685 4223 1749 si
4256 1684 4506 1751 exitum
4547 1694 4736 1768 specta·

2859 1772 3155 1839 verimus
3211 1790 3364 1837 cum
3399 1789 3683 1864 ‘summa
3729 1769 4038 1839 felicitate
4082 1770 4521 1846 coniunctum,
4575 1768 4738 1852 procul

2860 1858 3178 1925 facessere
3233 1876 3498 1921 omnem
3541 1856 3906 1923 molestiam
3951 1855 4283 1939 animique
4329 1855 4738 1939 aegritudinem

2858 1943 3263 2016 iubebimus,
3323 1941 3592 2023 Deoque
3648 1941 4095 2007 voluntarium
4144 1942 4530 2007 sacrificium
4571 1942 4741 2007 offero·

2861 2050 3043 2111 mus,
3119 2034 3187 2093 et
3240 2047 3632 2110 quocunque
3692 2027 4025 2095 vocaverit
4081 2047 4438 2108 sequamur
4497 2026 4741 2092 volsum.

2861 2112 3324 2196 Quamobrem,
3384 2114 3511 2178 nisi
3549 2121 3739 2181 extra
3785 2112 4146 2178 vocationis
4189 2115 4507 2179 terminos
4545 2110 4744 2179 exsilire

2865 2201 3166 2265 volumus
3210 2199 3535 2280 patienter
3581 2198 3871 2263 feramus
3914 2197 4148 2281 quibus
4192 2219 4234 2263 a
4257 2198 4539 2263 Domino
4576 2198 4744 2279 exple-

2861 2307 3089 2352 ramur
3143 2284 3565 2349 afflictiones:
3626 2304 3842 2367 neque
3883 2304 4046 2348 vero
4090 2281 4264 2348 diem
4312 2304 4516 2349 unum
4555 2292 4650 2348 sut
4679 2281 4744 2345 sl·

2863 2382 3080 2438 terum
3136 2370 3525 2437 toleremus:
3584 2369 3700 2435 sed
3745 2370 3900 2433 licet
3944 2368 4164 2435 exitus
4207 2366 4437 2455 trullus
4480 2377 4742 2452 appareat.

2863 2456 3292 2523 nihilominus
3336 2455 3662 2538 patienter
3708 2454 4069 2521 Dominum
4117 2455 4599 2538 praestolemur.
4645 2452 4743 2517 Da·

2862 2541 3080 2610 videm
3139 2549 3394 2607 certum
3451 2549 3551 2609 est
3608 2540 3772 2605 alios
3818 2539 4043 2608 Saulis
4101 2541 4174 2605 in
4230 2548 4562 2622 posterum
4597 2559 4747 2607 nevos

2860 2636 3134 2697 conatus
3188 2636 3258 2691 et
3314 2627 3599 2692 insultus
3643 2628 3973 2709 metuisse,
4035 2625 4574 2710 quemadmodum
4612 2623 4745 2689 dein·

2860 2736 3014 2798 ceps
3071 2713 3262 2779 illum
3320 2714 3531 2795 patria
3589 2720 3920 2778 extorrem
3982 2713 4352 2780 videbimus
4413 2714 4479 2777 in
4521 2710 4748 2777 hostium

2861 2811 3108 2867 terram
3132 2796 3513 2882 profugisse.
3561 2796 3696 2865 Sed
3721 2797 4152 2866 nihilominus
4175 2809 4403 2864 tamen
4439 2804 4750 2864 constanter

2860 2890 2989 2954 ista
3011 2884 3422 2964 sustinuisse,
3469 2891 3535 2949 et
3561 2883 3887 2953 inoffenso
3922 2884 4107 2969 pede,
4153 2884 4309 2949 licet
4347 2884 4552 2951 multa
4587 2884 4750 2965 ipsum

2861 2970 3265 3040 incommoda
3307 2969 3755 3048 sollicitarent,
3801 2971 3872 3034 in
3915 2991 4071 3036 vere
4111 2970 4238 3036 Dei
4280 2972 4468 3037 cultu
4509 2987 4751 3062 perman:

2862 3060 3044 3126 sisse.
3107 3056 3269 3124 Sola
3310 3057 3515 3140 igitur
3560 3055 3943 3123 moderandi
3988 3056 4265 3122 affectus
4309 3058 4481 3122 ratio
4520 3064 4628 3134 est,
4663 3052 4752 3118 Dm

2861 3143 3186 3212 voluntati
3211 3162 3460 3209 morem
3507 3163 3754 3225 gerere,
3799 3155 3865 3207 et
3908 3163 4030 3207 nes
4079 3142 4289 3222 ipsius
4340 3138 4752 3207 misericordiae

2860 3239 3040 3297 totos
3095 3228 3492 3311 permittere,
3551 3237 3618 3292 et
3669 3227 3752 3292 ab
3796 3228 4003 3310 ipsius
4047 3227 4318 3293 arbitrio
4366 3225 4634 3311 pendere
4666 3242 4752 3289 uos

2860 3327 2927 3383 et
2970 3317 3042 3381 in
3086 3316 3226 3379 vita
3266 3324 3332 3379 et
3375 3314 3446 3378 in
3493 3321 3702 3378 morte
3750 3314 3958 3395 ipsius
4002 3333 4146 3379 esse
4189 3315 4507 3397 persuasi.

3032 3401 3242 3467 Porro
3289 3398 3510 3466 David
3570 3400 3938 3465 iuramento
4002 3401 4202 3465 etiam
4262 3420 4408 3465 rem
4451 3396 4752 3467 confirma.

2860 3498 3002 3556 tum
3061 3495 3138 3552 ut
3193 3485 3535 3551 ardentem
3580 3484 3809 3551 Abisai
3868 3486 4203 3563 retineret,
4263 3493 4411 3551 tum
4470 3495 4544 3549 ut
4579 3499 4752 3547 omnes

2861 3572 2942 3640 de
2983 3592 3103 3637 sua
3142 3571 3217 3637 in
3264 3569 3534 3637 Saulem
3578 3572 3924 3637 voluntate
3966 3571 4280 3637 certiores
4324 3570 4574 3636 ficeret.
4625 3566 4752 3630 Nam

2860 3661 2917 3725 si
2942 3659 3138 3723 verbo
3165 3664 3420 3721 tantum
3457 3657 3783 3723 abstinere
3819 3677 3858 3720 a
3896 3656 4211 3723 violentia
4251 3655 4569 3733 iussisset,
4608 3660 4754 3735 prout

2860 3747 2934 3810 in
2990 3743 3178 3810 bellis
3235 3743 3455 3808 fervor
3517 3742 3813 3809 homines
3856 3742 4157 3825 impellit,
4216 3741 4333 3825 qui
4381 3762 4509 3806 non
4551 3754 4752 3819 semper

2860 3850 3012 3897 cum
3059 3829 3311 3894 ratione
3356 3826 3511 3910 quid
3556 3826 3647 3893 sit
3688 3827 4014 3906 agendum
4062 3825 4453 3906 deliberant,
4499 3824 4754 3908 potuisset

2860 3914 3091 3983 Abisai
3149 3914 3216 3979 in
3277 3922 3465 3979 aestu
3520 3913 3895 3979 iracundiae
3958 3912 4230 3980 Saulem
4291 3913 4653 3987 confodere,
4706 3916 4753 4002 pt

2860 4003 2956 4066 ita
3012 3998 3342 4066 Davidem
3396 3999 3469 4063 in
3532 3997 3752 4063 odium
3815 3998 4174 4064 multorum
4232 4018 4492 4065 vocare.
4589 3988 4754 4061 David

2861 4089 3064 4171 igitur
3135 4085 3258 4158 hoe
3330 4082 3783 4150 iureiurando:
3853 4085 4172 4153 Dominus
4225 4085 4424 4164 vivit,
4479 4082 4751 4149 hominem

2864 4183 3178 4255 tanquam
3210 4171 3447 4236 iniecto
3478 4170 3706 4236 fraeno
3742 4171 4170 4253 compescuit:
4219 4179 4296 4236 ut
4339 4191 4492 4235 eum
4529 4168 4750 4235 seimus

2862 4281 2996 4324 non
3056 4267 3303 4323 temere
3349 4257 3474 4321 Dei
3522 4277 3760 4321 nemen
3809 4256 4212 4330 assumsisse,
4263 4255 4381 4325 sed
4429 4252 4748 4322 necessum

2863 4352 3181 4412 coactum.
3254 4342 3498 4407 Coram
3541 4342 4097 4426 omnibusxigitur
4138 4343 4356 4409 voluit
4399 4361 4578 4409 suam
4608 4340 4748 4400 inm·

2863 4430 3148 4497 centiam
3198 4427 3495 4511 probare,
3555 4448 3875 4511 suamque
3932 4450 4093 4511 erga
4149 4427 4427 4495 Saulem
4480 4422 4746 4510 egregiam

2863 4515 3272 4583 voluntatem
3308 4523 3374 4579 et
3418 4512 3616 4579 fidem
3662 4514 4016 4591 testificari,
4063 4513 4231 4596 quod
4279 4513 4530 4581 hostem
4569 4513 4629 4575 in
4660 4521 4745 4570 ³⁸1⁸

2862 4608 3185 4685 potestate
3228 4599 3517 4682 positum
3563 4601 3888 4684 attingere
3933 4599 4236 4666 noluerit.
4285 4601 4472 4666 Hinc
4509 4597 4746 4663 omem·

2861 4707 3028 4762 mus,
3076 4683 3437 4750 Dominum
3480 4686 3859 4768 permittere
3904 4684 4090 4750 nobis
4134 4686 4424 4755 nominis
4463 4684 4559 4749 sui
4598 4678 4746 4743 advo·

2861 4774 3202 4847 sationem,
3255 4791 3458 4853 quum
3505 4770 3835 4837 difficilius
3879 4769 4253 4837 hominibus
4300 4769 4473 4855 quod
4515 4766 4746 4850 cupimus

2860 4855 3349 4943 persuademus.
3393 4859 3616 4939 Atque
3653 4856 3760 4921 hic
3803 4856 4210 4941 permittitur
4253 4857 4444 4922 nobis
4483 4858 4744 4921 iuramen-

2861 4955 3080 5009 torum
3139 4962 3323 5019 usus,
3382 4963 3586 5025 quum
3645 4941 3750 5008 vel
3808 4943 3875 5008 in
3927 4942 4139 5007 officio
4183 4943 4470 5010 retinere
4511 4938 4744 5027 homins

2861 5028 3191 5105 volumus,
3239 5027 3348 5093 vel
3394 5028 3637 5110 aliquid
3684 5028 3957 5109 probare
4001 5028 4171 5110 quod
4220 5038 4480 5111 oportet
4518 5038 4740 5108 egum·

2861 5115 2976 5182 Sic
3020 5113 3205 5181 Deus
3264 5113 3451 5180 nobis
3508 5135 3748 5181 nomen
3802 5135 4000 5183 suum
4041 5123 4116 5181 ut
4157 5116 4254 5183 ita
4293 5116 4507 5182 dicam
4544 5120 4744 5177 mutin·

2862 5212 2970 5266 tur
3010 5198 3089 5266 ad
3138 5220 3326 5265 suam
3371 5199 3667 5284 gloriam.
