5059 6059
881 313 1007 382 527

887 500 1107 585 fuisse,
1173 507 1248 566 ιιι
1308 520 1444 566 ιιοιι
1501 500 1638 568 sint
1694 499 1944 567 reversi
2005 499 2088 566 ad
2142 499 2481 568 Israelitas
2540 499 2822 585 amplius

888 587 1058 656 bello
1113 584 1517 653 lacessendos
1586 591 1723 654 toto
1782 594 2071 670 tempore
2130 584 2479 654 Samuelis.
2569 585 2825 669 Quibus

886 671 1107 742 verbis
1186 692 1381 757 quam
1451 671 1735 759 insignis
1805 672 2009 739 fuerit
2074 672 2346 740 victoria
2410 672 2601 740 nobis
2667 679 2822 738 ante

885 759 1106 826 oculos
1193 757 1432 836 onitur,
1487 765 1565 823 ut
1617 778 1753 824 non
1794 757 2008 827 levem
2050 758 2335 842 aliquam
2380 758 2821 826 velitationem

888 853 1005 912 aut
1047 780 1297 910 cladem
1339 843 1540 910 fuisse
1580 843 2045 929 intelligamus,
2087 843 2203 909 sed
2238 853 2491 912 tantam
2534 855 2820 929 stragem

890 942 963 997 ut
996 928 1506 996 Philistaeorum
1529 927 1707 998 vires
1785 951 2007 997 rorsus
2043 928 2415 997 debilitatae
2449 931 2821 1014 fractaeque

885 1016 1038 1098 sint,
1073 1013 1234 1081 adeo
1267 1022 1346 1081 ut
1379 1035 1625 1081 novum
1660 1015 1749 1081 ιιι·
1785 1016 1941 1082 'tem
1975 1015 2380 1083 conscribere
2415 1026 2482 1083 et
2513 1035 2821 1101 reparare

885 1101 1061 1168 vires
1102 1123 1245 1168 non
1283 1102 1643 1185 potuerint:
1688 1101 1863 1185 quod
1907 1122 2101 1186 saepe
2143 1099 2355 1169 solent
2383 1102 2494 1187 qui
2535 1122 2664 1168 uno
2708 1111 2823 1168 aut

888 1187 1095 1255 altero
1157 1186 1406 1271 praelio
1469 1187 1659 1256 fracti
1741 1196 1961 1253 tamen
2024 1189 2201 1254 vires
2267 1195 2582 1273 reparant
2647 1206 2820 1254 novo

889 1273 1102 1342 milite
1136 1271 1523 1357 conscripto,
1557 1278 1625 1339 et
1659 1271 2015 1340 maioribus
2050 1273 2300 1342 viribus
2335 1273 2559 1341 hostes
2592 1293 2820 1359 aggre-

891 1359 1183 1428 diuntur.
1270 1357 1448 1426 Hinc
1490 1358 1713 1442 itaque
1754 1359 2176 1443 conspicuum
2220 1370 2322 1425 est
2364 1381 2404 1426 a
2446 1358 2591 1427 Deo
2635 1359 2820 1424 auxi·

887 1445 1048 1511 lium
1116 1449 1376 1510 tantum
1434 1443 1638 1511 fuisse
1689 1444 1928 1528 populo
1979 1466 2095 1512 suo
2151 1445 2424 1511 allatum
2482 1454 2556 1512 ιιι
2597 1444 2819 1512 fractis

883 1529 1170 1598 hostium
1229 1529 1479 1595 viribus
1538 1528 1808 1600 ecclesia
1864 1529 1994 1598 Dei
2053 1530 2408 1616 tranquilla
2464 1541 2530 1598 et
2586 1539 2822 1616 pacata

883 1617 1101 1684 fuerit.
1220 1615 1407 1682 Deus
1480 1616 1704 1699 itaque
1778 1635 2035 1682 summo
2113 1615 2424 1683 beneficio
2548 1616 2819 1700 epulum

884 1721 1077 1768 suum
1111 1700 1345 1780 affecit,
1389 1720 1525 1768 non
1567 1707 1830 1767 tantum
1874 1700 2080 1768 caesis
2114 1701 2463 1787 fractisque
2554 1702 2817 1783 ostibus,

885 1808 968 1854 ue
1011 1785 1294 1872 amplius
1337 1785 1418 1853 ab
1461 1786 1594 1853 illis
1634 1785 2107 1872 affligerentur,
2151 1787 2266 1855 sed
2310 1789 2509 1855 etiam
2551 1788 2821 1873 impleta

883 1872 1096 1940 salute
1173 1870 1399 1956 ipsius,
1477 1893 1562 1938 ne
1625 1872 2084 1956 imperfectum
2161 1894 2323 1957 opus
2403 1874 2819 1958 relinqueret.

883 1958 1189 2041 Namque
1241 1957 1428 2023 Deus
1477 1957 1752 2036 salutem
1806 1978 2095 2039 suorum,
2165 1970 2232 2025 et
2297 1959 2605 2027 ecclesiae
2663 1980 2820 2028 suae

885 2043 1450 2111 conservationem
1507 2062 1633 2110 non
1670 2044 1830 2110 sinit
1898 2044 2363 2129 imperfectam.
2453 2045 2679 2129 Quare
2736 2067 2819 2112 ex

885 2129 1008 2198 hoc
1072 2129 1211 2196 loco
1270 2127 1579 2210 discimus
1621 2127 1845 2196 Deum
1902 2130 2004 2197 sui
2058 2131 2279 2214 populi
2336 2132 2536 2198 talem
2594 2152 2818 2200 curam

884 2235 1133 2300 gerere,
1205 2223 1280 2282 ut
1342 2214 1415 2279 in
1478 2213 1749 2299 longum
1812 2223 1948 2282 tem
1994 2236 2071 2282 us
2134 2237 2290 2283 suae
2353 2218 2821 2288 beneficentiae

884 2299 1274 2386 testimonia,
1347 2309 1508 2384 puta
1582 2300 1896 2385 quamdiu
2008 2304 2223 2368 amuel
2278 2311 2611 2389 superstes
2673 2304 2816 2385 fuit,

885 2395 1145 2454 exstare
1213 2384 1515 2453 voluerit.
1612 2390 1835 2472 Atque
1903 2386 2064 2455 haec
2120 2388 2193 2454 in
2264 2409 2459 2456 usum
2513 2399 2817 2457 nostrum

885 2470 1145 2552 cedunt,
1187 2478 1265 2538 ut
1304 2471 1614 2540 nimirum
1659 2493 2012 2557 speremus,
2055 2472 2275 2541 Deum
2273 2483 2653 2626 ¹’postquam
2696 2496 2817 2542 noe

888 2559 1116 2623 iuvare
1159 2557 1463 2640 coeperit,
1520 2577 1855 2642 nunquam
1900 2559 2026 2625 nisi
2073 2581 2146 2626 re
2234 2580 2270 2625 e
2332 2568 2475 2626 ecta
2515 2562 2813 2646 conquie-

889 2652 1129 2710 turum.
1220 2641 1443 2723 Quare
1494 2645 1709 2728 gratia
1750 2642 1880 2709 Dei
1920 2646 2125 2712 semel
2213 2653 2516 2731 egustata
2557 2654 2816 2732 oportet

887 2748 1008 2794 nos
1088 2727 1299 2812 magis
1362 2747 1438 2795 ac
1501 2729 1711 2813 magis
1786 2730 2180 2812 confirmari,
2256 2752 2568 2817 spemque
2629 2731 2814 2802 nobis

885 2812 1031 2879 fieri
1083 2813 1297 2880 Deum
1352 2813 1464 2898 qui
1526 2835 1863 2899 nunquam
1924 2815 2320 2902 defatigatur
2366 2819 2501 2885 suis
2552 2817 2813 2885 benefa-

884 2896 1134 2978 ciendo,
1206 2898 1404 2965 talem
1458 2921 1529 2966 se
1594 2921 1752 2986 erga
1821 2917 1941 2968 nos
2010 2922 2269 2987 semper
2369 2903 2811 2986 raestiturum,

885 2982 1145 3067 qualem
1190 2984 1446 3068 experti
1501 2997 1746 3054 sumus.
1834 2987 2045 3054 Porro
2087 3009 2287 3072 quum
2322 2924 2450 3055 phic
2493 2988 2816 3074 scriptura

885 3071 1141 3135 dierum
1203 3066 1534 3137 Samuelis
1591 3074 1988 3140 mentionem
2045 3074 2221 3154 facit,
2279 3073 2358 3140 de
2416 3074 2611 3158 paulo
2665 3084 2815 3159 post

881 3155 1218 3226 eventuris
1263 3155 1592 3226 auditores
1632 3156 1959 3242 admonet,
2012 3180 2248 3244 nempe
2290 3171 2441 3243 post
2482 3158 2815 3229 Samuelis

881 3239 1129 3309 obitum
1207 3240 1291 3306 ad
1352 3251 1621 3325 peccata
1682 3243 2016 3329 relapsum
2089 3245 2422 3329 populum,
2509 3246 2710 3313 etiam
2775 3267 2815 3314 a

882 3325 1166 3392 Domino
1208 3324 1412 3394 fuisse
1454 3327 1863 3413 castigatum.
1907 3328 1971 3396 N
1974 3350 2081 3396 am
2122 3331 2249 3398 etsi
2279 3330 2465 3399 Deus
2508 3341 2812 3417 coeptum

882 3433 1044 3563 opus
1087 3432 1345 3497 semper
1388 3412 1662 3496 perficit,
1719 3411 1887 3484 nulli
1932 3423 2151 3482 tamen
2196 3416 2540 3484 devinctus
2581 3431 2699 3500 est,
2756 3417 2815 3488 si

884 3520 921 3566 o
965 3498 1100 3564 lata
1167 3495 1250 3562 ab
1324 3498 1465 3583 ipso
1528 3499 1840 3568 beneficia
1917 3501 2193 3568 nimium
2267 3502 2529 3588 ingrato
2596 3503 2815 3571 animo

884 3591 1278 3667 respuantur
1319 3599 1384 3649 et
1427 3585 1630 3651 veluti
1661 3584 1935 3670 pedibus
1972 3587 2451 3668 conculcentur,
2496 3599 2815 3673 perpetuo

885 3679 1106 3736 tamen
1170 3668 1409 3736 favere.
1512 3669 1749 3755 Itaque
1810 3670 1962 3739 licet
2018 3670 2204 3774 Deus
2265 3695 2524 3741 summo
2588 3673 2815 3744 favore

886 3753 2815 3933 :33:²¹¹:¹¹:13:¹¹2:„zzfffflssffzutfflfflffi‘ffi

885 3925 1026 4025 fuit,
1048 3923 1424 4024 liberasset,
1458 3935 1681 3994 tamen
1713 3925 2030 3997 redeunte
2063 3929 2146 3997 ad
2180 3930 2522 4017 ingenium
2559 3931 2814 4018 populo,

887 4008 1266 4078 Phihstaeis
1306 4032 1569 4080 rursum
1602 4014 1959 4097 permistus
2000 4023 2121 4098 est,
2178 4020 2289 4101 qui
2332 4019 2623 4102 graviter
2664 4041 2814 4086 eum

884 4093 1284 4164 afflixerunt.
1320 4095 1404 4163 In
1425 4106 1733 4183 promptu
1754 4101 1925 4168 ratio
1948 4110 2069 4182 est,
2104 4101 2277 4186 quod
2300 4124 2508 4186 quum
2580 4105 2813 4189 opulus

886 4179 1213 4249 Samuelis
1246 4181 1806 4268 gubernationem,
1842 4208 2007 4288 quae
2028 4196 2250 4256 tamen
2269 4196 2412 4255 erat
2446 4209 2486 4254 a
2576 4190 2814 4271 omino,

885 4268 1055 4334 ferre
1097 4288 1226 4334 non
1270 4269 1574 4354 potuerit,
1616 4292 1693 4339 ac
1734 4272 2006 4357 proinde
2040 4294 2241 4358 quum
2274 4274 2502 4360 iugum
2550 4276 2812 4357 imposi-

885 4365 1027 4419 tum
1068 4374 1110 4419 a
1150 4352 1509 4422 cervicibus
1550 4355 1691 4422 suis
1733 4357 2045 4443 repellere
2087 4369 2452 4440 conaretur,
2494 4370 2564 4425 et
2605 4382 2644 4426 a
2679 4362 2812 4426 Do·

882 4438 1060 4505 mino
1103 4439 1531 4507 secessionem
1564 4441 1795 4522 facere,
1837 4464 2103 4512 necesse
2137 4445 2337 4511 fuerit
2371 4447 2569 4512 etiam
2596 4447 2813 4531 ipsum

883 4523 1170 4607 experiri
1226 4547 1297 4592 se
1353 4546 1393 4593 a
1446 4527 1576 4593 Dei
1633 4528 1839 4596 tutela
1892 4538 1959 4595 et
1999 4530 2406 4615 protectione
2446 4532 2810 4600 recessisse.

883 4607 1063 4678 Hinc
1103 4607 1428 4698 discamus
1472 4614 1544 4679 in
1599 4609 1834 4700 timore
1878 4615 2147 4684 Domini
2192 4626 2406 4686 totum
2449 4617 2621 4683 vitae
2662 4637 2812 4684 nos-

885 4705 1027 4763 trae
1085 4695 1482 4782 curriculum
1538 4697 1867 4782 incedere:
1935 4720 2010 4772 ac
2063 4701 2265 4771 semel
2332 4718 2672 4788 expertam
2735 4722 2812 4788 ac

885 4780 1296 4882 degustatam
1375 4781 1504 4850 Dei
1583 4783 2083 4858 beneficentiam
2159 4810 2193 4853 s
2276 4809 2426 4858 rare
2504 4779 2812 4871 deinceps

882 4877 1193 4966 continuo
1273 4888 1465 4940 cursu
1532 4883 2000 4958 perrecturam,
2078 4894 2185 4939 mo
2232 4897 2269 4939 o
2337 4896 2422 4942 ne
2486 4894 2810 4941 remoram

881 4952 1270 5020 imiciamus.
1316 4953 1565 5022 Contra
1607 4977 1765 5024 vero
1800 4958 2164 5025 cavendum
2200 4980 2608 5045 summopere
2651 4959 2811 5026 scia-

884 5060 1047 5116 mus,
1105 5059 1189 5106 ne
1243 5040 1575 5124 effraenes.
1634 5063 1835 5128 equos
1890 5043 2127 5122 imitati
2182 5039 2534 5114 adversum
2591 5045 2808 5131 ipsum

887 5121 1312 5205 calcitremus,
1336 5179 1343 5184 .
1366 5135 1752 5212 nostraeque
1798 5125 2055 5196 libidini
2100 5131 2287 5214 laxas
2331 5129 2619 5200 habenas
2662 5152 2808 5216 per·

887 5208 1239 5291 mittamus,
1298 5212 1593 5299 iramque
1657 5222 1723 5284 et
1789 5214 2145 5284 vindictam
2202 5215 2495 5285 divinam
2554 5217 2625 5286 in
2686 5236 2810 5286 nos

2516 309 2934 378 HOMILIA
2974 309 3242 379 XXVI.

4692 319 4783 388 528

2973 520 3374 569 revocemus.
3482 499 3809 584 Deinceps
3888 520 4019 584 pax
4096 498 4296 567 fuisse
4376 501 4601 569 dicitur
4660 506 4788 575 inter

3108 586 3258 653 litas
3315 593 3381 652 et
3424 584 3882 667 Amorrhaeos,
3944 585 4115 668 quod
4173 587 4473 654 nonnulli
4514 589 4587 655 de
4625 590 4781 658 Phili·

2924 673 3121 738 staeis
3164 671 3584 758 intelligunt:
3642 670 3756 737 sed
3812 671 4029 756 potius
4074 672 4514 756 amplificandi
4553 675 4784 745 beneficii

2923 755 3135 823 divini
3178 778 3377 828 causa
3418 756 3767 825 Philistaei
3809 777 3960 823 cum
4002 756 4276 842 reliquis
4330 758 4579 843 populis
4615 762 4787 830 vicinis

2922 843 3371 925 conferuntur,
3432 853 3505 908 ut
3560 843 3745 910 Deus
3803 842 4210 911 consuluisse
4264 845 4495 929 populi
4546 848 4639 912 sui
4686 852 4787 932 paci

2923 936 2993 995 et
3036 928 3500 1014 tranquillitati
3544 928 3876 1010 doceatur,
3919 927 4172 996 vicinos
4213 931 4505 1013 populos,
4548 952 4586 997 a
4613 933 4788 1016 quibus

2923 1021 3119 1081 antea
3161 1014 3490 1083 Israelitae
3534 1013 3828 1101 graviter
3883 1013 4366 1099 premebantur,
4423 1036 4788 1102 compescens,

2921 1109 2989 1166 et
3022 1100 3459 1185 undequaque
3539 1121 3722 1168 acem
3755 1098 4131 1167 concilians.
4194 1097 4416 1183 Quare
4464 1124 4578 1187 per
4608 1106 4786 1171 Amor·

2920 1185 3156 1253 rhaeos
3199 1187 3311 1254 hic
3352 1187 3457 1253 int
3549 1186 3563 1201 ‘
3617 1195 3820 1252 untur
3864 1185 4065 1252 etiam
4107 1185 4342 1270 reliqui
4383 1207 4607 1254 omnes
4642 1191 4790 1257 vicini

2919 1272 3165 1356 populi,
3205 1272 3376 1340 bello
3420 1272 3760 1339 Israelitas
3794 1281 3989 1337 antea
4030 1271 4332 1356 persequi
4366 1274 4558 1354 soliti,
4598 1283 4664 1341 ut
4697 1297 4788 1341 non

2921 1365 3179 1424 tantum
3224 1357 3441 1443 pacati
3482 1358 3726 1425 fuerint
3768 1355 4133 1437 Philistaess
4190 1358 4305 1423 sed
4347 1359 4583 1444 reliqui
4619 1380 4788 1429 omnen

2921 1441 3424 1511 cananaeorum
3464 1442 3711 1529 populi.
3797 1441 3929 1509 Hic
3990 1463 4145 1511 vero
4191 1447 4685 1529 contemplemur
4717 1447 4792 1511 ad·

2921 1530 3290 1598 mirandam
3333 1530 3461 1597 Dei
3517 1527 4018 1614 providentiam,
4076 1548 4209 1613 qua
4249 1550 4356 1595 res
4399 1531 4679 1616 singulas
4711 1553 4791 1599 suu

2921 1615 3208 1700 pondere
3265 1623 3331 1683 et
3395 1633 3705 1682 mensura
3761 1612 3960 1679 librat
4015 1623 4083 1680 et
4140 1613 4588 1682 administrat:
4650 1616 4792 1703 longe

2920 1721 3078 1768 sane
3122 1700 3458 1790 dissimilis
3497 1699 3892 1778 mortalium,
3940 1699 4053 1784 qui
4085 1698 4237 1767 licet
4279 1701 4547 1768 consilio
4588 1713 4647 1768 et
4681 1723 4791 1787 pru·

2920 1784 3143 1853 dentia
3184 1788 3470 1870 valeant,
3527 1785 3775 1854 viribus
3828 1792 4048 1851 tamen
4095 1785 4562 1868 destituuntur,
4617 1787 4792 1873 quibus

2918 1871 3003 1939 ad
3045 1873 3295 1939 exitum
3338 1872 3612 1942 consilia
3648 1891 3767 1939 sua
3808 1869 4192 1955 perducant.
4276 1872 4372 1938 At
4413 1873 4610 1958 longe
4647 1873 4788 1940 aliter

2918 1957 3122 2039 Deus,
3179 1960 3283 2026 cui
3339 1979 3447 2025 res
3504 1978 3730 2025 omnes
3786 1963 4042 2024 creatae
4100 1958 4402 2040 subsunt,
4463 1968 4531 2026 et
4582 1980 4622 2026 a
4656 1959 4790 2026 cuius

2919 2045 3113 2110 unius
3157 2053 3326 2112 nutu
3360 2041 3665 2130 pendent.
3747 2040 3972 2126 Quare
4009 2041 4178 2109 bello
4215 2043 4503 2128 aliquem
4537 2046 4790 2129 populum

2919 2130 3269 2214 puniturus
3323 2150 3455 2196 non
3513 2152 3588 2198 co
3636 2129 3767 2196 'tur
3837 2126 4099 2195 aliunde
4164 2129 4406 2196 milites
4475 2132 4790 2197 auxiliarios

2917 2216 3341 2295 conscribere,
3378 2214 3494 2282 sed
3529 2237 3568 2282 a
3643 2215 3784 2283 eius
3806 2223 4042 2280 nutum
4075 2213 4282 2280 multa
4315 2214 4604 2282 hostium
4641 2217 4792 2282 millis

2917 2307 2985 2366 et
3015 2300 3301 2386 agmina,
3338 2321 3711 2369 muscarum
3745 2301 3958 2367 instar
3992 2319 4107 2383 per
4127 2299 4348 2383 ipsum
4381 2315 4602 2368 aerem
4622 2303 4789 2368 volan·

2917 2385 3100 2469 tium,
3143 2384 3499 2466 suscitabit,
3556 2385 3792 2470 quibus
3835 2392 4247 2452 contumaces
4289 2388 4662 2454 obruantur.
4730 2387 4790 2453 Bt

2915 2481 3144 2539 contra
3183 2472 3371 2539 Deus
3414 2473 3726 2540 adversus
3781 2470 4076 2540 hostium
4130 2469 4520 2560 violentiam
4570 2473 4789 2558 opitula-

2919 2566 3108 2624 turus
3160 2558 3255 2626 sic
3297 2578 3404 2626 res
3446 2578 3674 2626 omnes
3715 2578 3835 2625 sua
3876 2556 4174 2641 potentia
4214 2555 4527 2642 disponit,
4584 2571 4654 2624 ut
4686 2557 4792 2624 nul·

2917 2643 3056 2710 lum
3113 2665 3196 2710 ne
3237 2644 3602 2711 maximum
3644 2642 3908 2729 quidem
3957 2641 4318 2725 periculum
4361 2666 4501 2712 non
4543 2644 4790 2712 facillime

2916 2737 3219 2881 superati,
3256 2737 3323 2796 et
3363 2739 3638 2797 avertat.
3726 2728 3952 2830 Quare
3992 2726 4494 2831 insurgentibus
4536 2731 4789 2831 adversus

2917 2811 4792 2986 :32:333:”ztufflssfflffifflffitsszbzzff{33

2919 2986 3268 3066 dimicabit,
3313 2996 3429 3054 aut
3473 2987 3764 3054 vicissim
3804 2986 3897 3054 ita
3939 3005 4178 3051 manus
4223 2985 4518 3054 hostium
4561 2987 4790 3071 implica·

2919 3072 3036 3152 bit,
3077 3081 3154 3139 ιιι
3194 3092 3315 3140 sua
3356 3072 3625 3162 consilia
3677 3079 4005 3157 nequeant
4047 3071 4130 3135 ad
4173 3072 4429 3138 exitum
4476 3074 4792 3157 perducere-

2918 3157 3103 3226 Adeo
3159 3170 3237 3224 ut
3277 3158 3390 3225 isti
3431 3157 3781 3225 videantur
3822 3155 4076 3224 homini
4117 3156 4477 3224 furibundo
4520 3157 4793 3236 simillimi,

2917 3245 3028 3328 qui
3087 3252 3308 3310 tamen
3362 3242 3655 3329 religatis
3714 3243 3796 3310 ad
3866 3244 4239 3311 columnam
4294 3244 4598 3324 brachiis,
4657 3245 4790 3310 irritu

2916 3338 3154 3396 conatu
3209 3329 3403 3396 furat.
3510 3328 3924 3397 Admiranda
3990 3335 4092 3396 est
4158 3327 4367 3414 igitur
4432 3330 4791 3398 consiliorum

2915 3414 3043 3482 Dei
3086 3416 3157 3481 in
3201 3412 3588 3484 adiuvandis
3634 3415 3771 3482 suis
3814 3415 4014 3482 ratio:
4059 3412 4589 3500 quandoquidem
4627 3415 4790 3482 omnis

2913 3500 3013 3567 illi
3054 3511 3129 3568 ut
3171 3501 3446 3569 creatori
3489 3508 3740 3586 parent,
3795 3509 3863 3567 et
3903 3500 3987 3568 ab
4028 3500 4168 3567 eius
4212 3511 4380 3567 nutu
4425 3501 4709 3588 pendent,
4741 3509 4792 3565 ut

2915 3607 3248 3671 nunquam
3309 3586 3445 3655 ulla
3483 3607 3594 3653 res
3645 3588 3860 3671 ipsum
3903 3584 4179 3653 deficiat.
4263 3586 4496 3676 Atque
4547 3588 4690 3658 haec
4721 3593 4790 3651 est

2916 3673 3112 3740 huius
3188 3672 3316 3740 loci
3392 3671 3707 3756 doctrina,
3830 3693 3991 3739 uum
4070 3672 4461 3742 nominatim
4547 3674 4789 3741 dicuntur

2914 3758 3256 3826 Israelitae
3310 3779 3536 3844 pacem
3592 3778 3743 3825 cum
3848 3757 4098 3826 ostibus
4156 3757 4458 3841 coluisse,
4519 3782 4560 3828 a
4613 3759 4791 3845 quibus

2916 3844 3189 3913 deficere
3245 3866 3376 3910 non
3421 3845 3563 3912 ausi
3603 3845 3882 3911 fuissent
3921 3853 4187 3929 propter
4228 3846 4607 3913 societatem
4645 3862 4788 3930 quam

2917 3930 3248 3998 habebant
3280 3929 3625 3998 Philistaei
3659 3951 3810 3997 cum
3846 3930 4081 3997 vicinis
4115 3930 4392 4014 populis,
4441 3945 4523 3999 ut
4563 3931 4790 4014 undique

2915 4018 3254 4098 Israelitae
3296 4016 3571 4083 summis
3614 4015 3935 4101 angustiis
3977 4025 4460 4100 premerentur,
4502 4018 4652 4086 adeo
4686 4015 4787 4102 qui-

2914 4102 3064 4169 dem
3121 4112 3196 4168 ut
3254 4101 3410 4169 hinc
3465 4100 3566 4167 ela
3612 4101 3669 4167 si
3731 4100 3885 4170 inde
3940 4109 4351 4186 urgerentur,
4419 4125 4500 4171 ac
4564 4104 4722 4173 velut
4763 4120 4787 4164 e

2914 4187 3254 4272 Charybdi
3306 4189 3377 4254 in
3434 4186 3522 4256 Sc
3594 4189 3727 4255 lam
3790 4186 4172 4256 inciderent.
4274 4187 4409 4255 Sed
4465 4189 4644 4257 Deus
4689 4190 4787 4273 ipen

2915 4275 3115 4340 tantis
3162 4270 3530 4339 difficultati
3577 4296 3654 4340 us
3696 4274 3959 4344 obviam
4002 4273 4144 4357 ivit,
4187 4295 4263 4343 ac
4307 4295 4574 4342 saevam
4615 4287 4788 4361 tynn-

2915 4358 3132 4425 nidem
3188 4356 3476 4426 hostium
3541 4359 3766 4459 populi
3821 4360 3924 4427 sui
3986 4358 4328 4427 fraenavit.
4413 4361 4617 4430 Nobis
4673 4378 4786 4428 vero

2913 4444 3082 4511 hanc
3125 4443 3471 4511 historiam
3512 4445 3732 4525 scribi,
3791 4466 3924 4514 non
3986 4455 4183 4514 antea
4235 4447 4372 4512 fato
4435 4447 4668 4516 functis
4709 4443 4784 4510 ob

2912 4529 3327 4612 servandum,
3387 4538 3462 4597 ut
3517 4552 3662 4599 eam
3717 4531 3789 4597 in
3847 4552 4041 4600 usum
4099 4539 4395 4600 nostrum
4463 4533 4787 4606 referamus,

2914 4626 3112 4700 atque,
3183 4614 3380 4701 hodie
3449 4627 3626 4684 certo
3691 4617 3988 4701 persuasi
4066 4618 4274 4688 simus
4351 4616 4786 4704 insurgentibus

2913 4699 3344 4786 undequaque
3398 4701 3466 4769 in
3511 4710 3648 4771 toto
3691 4714 4016 4772 terrarum
4073 4705 4228 4774 orbe
4271 4705 4647 4789 ingentibus
4682 4711 4784 4767 tur-

2911 4787 3010 4856 bis
3079 4797 3146 4854 et
3209 4787 3653 4868 seditionibus,
3731 4787 3994 4856 divinae
4059 4790 4511 4878 providentiae
4574 4788 4780 4858 oculum

2910 4894 3043 4941 non
3076 4874 3150 4940 in
3185 4893 3384 4940 unam
3419 4880 3677 4942 tantum
3712 4873 3917 4944 autin
3941 4871 4214 4944 alteram
4235 4878 4565 4959 regionem
4585 4878 4784 4968 incuru-

2910 4958 3099 5026 bere:
3156 4952 3269 5027 sed
3314 4958 3540 5026 eadem
3584 4959 3805 5028 omnia
3846 4981 4158 5028 mensura
4199 4957 4502 5040 dimetiri,
4556 4972 4626 5028 ut
4659 4955 4782 5025 nih-11

2910 5048 3051 5199 eilge
3083 5045 3412 5116 auxilium.
3437 5046 3644 5130 possit
3677 5046 4008 5126 remorari,
4055 5067 4253 5134 quum
4287 5050 4415 5134 ipsi
4447 5069 4564 5113 nos
4602 5047 4783 5114 iuvem

3021 5134 3249 5200 cuerit.

2909 5153 2952 5218 p
3083 5218 3429 5304 Sequitur:
3501 5215 3849 5285 Samuelem
3904 5218 4140 5288 cuncti-5
4195 5219 4410 5288 diebus
4462 5221 4621 5288 vitae
4668 5235 4782 5284 suae
