5059 6059
718 506 1219 591 HOMILIA
1261 507 1708 597 QUINTA.

1042 624 1243 694 OAP.
1287 626 1380 693 11.

430 797 483 862 1.
540 793 843 861 Etoram't
865 799 1129 863 Annae:
1150 798 1348 863 dixit:
1369 798 1740 866 Exsultavit
1760 822 1866 867 cor
1886 823 2091 867 meum
2116 805 2188 869 in

279 885 538 958 Domine,
572 885 629 947 ει
660 881 1002 946 exaltatum
1035 888 1126 948 est
1147 905 1339 950 cornu
1360 907 1564 951 meum
1585 887 1657 950 in
1678 887 1988 954 Domino.-
2019 889 2187 954 dila-

278 975 447 1035 tatum
486 973 574 1034 est
617 987 690 1032 os
730 987 937 1033 meum
978 989 1170 1052 super
1204 970 1496 1037 inimicos
1527 992 1730 1037 meos:
1772 975 1927 1055 quia
1962 974 2189 1040 laetata

279 1075 399 1122 sum
429 1055 494 1118 in
525 1053 804 1118 salutari
840 1060 964 1119 tuo.
1052 1054 1114 1120 2.
1164 1055 1311 1121 Non
1347 1061 1436 1122 est
1467 1063 1719 1122 sanetus
1754 1064 1823 1123 ut
1845 1059 2191 1126 Dominus.-

274 1159 441 1222 neque
480 1140 644 1203 enim
698 1145 790 1204 est
822 1139 995 1204 alius
1038 1146 1216 1206 extra
1261 1147 1335 1220 te,
1401 1147 1457 1208 et
1497 1164 1620 1208 non
1667 1149 1761 1209 est
1797 1145 1988 1227 fortis
2028 1148 2191 1211 sicut

277 1227 436 1294 Deus
485 1229 712 1289 noster.
799 1224 862 1291 3.
933 1225 1146 1291 Nolite
1200 1228 1620 1311 multiplicare
1682 1230 1852 1312 loqui
1893 1231 2189 1297 sublimia

271 1311 608 1396 yloriantes:
664 1312 953 1377 recedant
1009 1316 1214 1377 vetera
1257 1314 1333 1378 de
1374 1335 1477 1380 ore
1519 1321 1751 1381 vestro.-
1815 1317 1971 1398 quia
2005 1317 2188 1383 Deus

272 1399 646 1462 scientiarum
688 1397 978 1462 dominus
1019 1403 1124 1476 est,
1184 1403 1241 1465 et
1280 1399 1412 1480 ipsi
1442 1407 1919 1482 praeparantur
1953 1405 2180 1486 coyita·

418 1638 772 1718 Acceptum
852 1658 892 1701 a
972 1638 1114 1703 Deo
1193 1638 1578 1705 beneficium
1646 1639 1717 1703 in
1775 1639 2188 1723 suscipienda

270 1722 428 1805 prole
497 1729 697 1787 Anna
740 1723 954 1805 prima
996 1723 1209 1789 fronte
1254 1725 1530 1789 intuenti
1593 1724 1867 1790 nimium
1931 1727 2183 1809 praedi·

270 1830 402 1873 care
464 1808 669 1873 videri
744 1818 977 1891 potest.
1065 1809 1238 1875 Nam
1297 1812 1421 1876 etsi
1480 1811 1738 1875 nullum
1798 1812 2183 1878 beneficium

274 1893 557 1958 divinitus
617 1895 851 1959 datum
956 1898 1098 1960 arvi
1142 1896 1509 1962 faciendum
1553 1909 1673 1980 est,
1733 1898 1882 1964 licet
1929 1901 2184 1982 perexi-

271 2000 452 2062 guum
501 1979 687 2060 illud,
754 1917 953 2063 quodp
979 1982 1240 2065 paterni
1294 2003 1452 2066 erga
1510 2003 1628 2049 nos
1689 1985 1929 2050 amoris
1974 1983 2183 2049 divini

272 2067 350 2129 sit
418 2066 873 2146 testimonium,
955 2069 1117 2133 certi
1198 2077 1415 2133 tamen
1497 2081 1653 2134 sunt
1717 2068 2180 2135 beneficiorum

270 2165 330 2214 et
379 2152 730 2234 gratiarum
776 2153 1052 2218 actionis
1115 2154 1381 2237 gradus.
1472 2153 2064 2236 Quemadmodum,
2123 2157 2180 2221 si

270 2238 523 2319 exempli
579 2240 803 2322 gratia
846 2258 965 2304 nos
1012 2239 1196 2305 Deus
1238 2240 1495 2324 ingenti
1539 2242 1843 2323 quopiam
1890 2242 2180 2325 periculo

270 2321 570 2404 eripuerit,
634 2324 832 2409 longe
893 2325 1101 2408 magis
1160 2335 1416 2391 tantum
1462 2324 1849 2392 beneficium
1894 2326 2178 2393 celebra-

265 2407 472 2492 bimus,
516 2430 719 2492 quam
766 2432 964 2493 quum
1012 2411 1266 2495 gratiae
1311 2433 1468 2478 suae
1512 2413 1820 2477 contiuua
1855 2414 2023 2478 serie
2061 2435 2179 2479 nos

264 2497 682 2577 prosequitur.
770 2495 1024 2562 Idcirco
1068 2518 1261 2579 saepe
1306 2497 1376 2561 in
1422 2498 1625 2563 sacris
1670 2517 1872 2580 quum
1922 2497 2000 2563 de
2044 2500 2180 2563 sin-

265 2580 576 2662 gularibus
622 2594 695 2646 et
737 2580 1181 2647 memorandis
1226 2583 1613 2666 quibusdam
1665 2584 1990 2649 beneficiis
2035 2605 2178 2670 gra-

269 2665 380 2730 tiae
441 2667 732 2751 agendae
801 2679 980 2747 sunt,
1048 2668 1170 2732 hae
1233 2669 1508 2751 phrases
1567 2684 1954 2735 occurrunt:
2003 2670 2176 2736 Can·

266 2751 391 2817 ticis
447 2754 629 2819 novis
696 2754 920 2818 Deum
979 2753 1317 2830 celebrate,
1377 2754 1445 2819 id
1491 2764 1590 2820 est
1628 2755 1891 2821 eximiis
1935 2764 2003 2821 et
2047 2778 2175 2821 non

265 2837 514 2904 usitatis.
599 2838 756 2904 Hoc
797 2861 867 2905 se
912 2840 1138 2906 fecisse
1184 2838 1405 2906 David
1452 2863 1490 2907 a
1534 2838 1678 2906 Deo
1713 2840 1977 2924 speciali
2017 2864 2177 2925 qua-

264 2920 393 2988 dam
472 2925 733 2990 ratione
814 2924 1166 2992 liberatum
1233 2926 1593 3009 profitetur.
1676 2925 1911 3011 Itaque
1974 2949 2175 3011 quum

264 3009 387 3074 Deo
439 3010 693 3094 gratias
753 3013 1030 3095 agimus,
1087 3009 1390 3077 habenda
1447 3012 1636 3078 nobis
1692 3033 1951 3098 semper
2008 3014 2176 3079 ratio

262 3094 518 3162 subiecti
593 3110 718 3163 est.
831 3097 937 3162 En
1009 3120 1163 3164 vero
1213 3097 1385 3165 hanc
1440 3099 1803 3180 mulierem,
1860 3121 2174 3183 magnum

264 3181 500 3263 quidem
561 3181 957 3248 beneficium
1038 3195 1528 3266 consequutum,
1573 3205 1773 3268 quum
1834 3183 1912 3249 de
1958 3186 2162 3250 sterili

260 3265 526 3349 prolifioa
570 3279 641 3334 et
687 3267 1013 3335 foecunda
1049 3270 1220 3337 facta
1264 3281 1381 3347 est,
1438 3269 1555 3335 sed
1599 3291 1681 3335 an
1727 3280 1986 3335 tantum
2034 3280 2176 3335 erat

258 3352 641 3429 beneficium,
707 3368 901 3420 natus
941 3356 1068 3439 ipsi
1112 3354 1346 3433 infans,
1405 3355 1589 3439 quod
1629 3357 1829 3422 tantis
1874 3356 2175 3423 laudibus

259 3438 498 3505 efferret
575 3451 775 3523 atque
854 3439 1305 3523 praedicaret?
1393 3441 1575 3507 Sane
1619 3440 1952 3525 equidem:
2021 3463 2177 3507 nam

255 3524 719 3592 observandum
767 3537 884 3605 est,
932 3527 1250 3593 eiusmodi
1293 3549 1433 3594 esse
1471 3526 1596 3593 Dei
1633 3549 1790 3612 erga
1826 3549 1944 3592 nos
1982 3528 2174 3594 bene-

257 3610 399 3688 ficia,
482 3621 557 3678 ut
624 3611 739 3677 vel
804 3613 1079 3678 minima
1147 3635 1265 3678 nos
1332 3614 1401 3677 in
1469 3614 1609 3678 eius
1675 3613 2173 3679 admirationem

253 3716 462 3779 rapere
519 3698 825 3777 debeant,
887 3711 952 3764 et
1003 3699 1360 3765 eorundem
1403 3699 1988 3782 praedicationem:
2050 3701 2172 3765 etsi

255 3782 411 3847 nihil
448 3782 728 3867 impedit
768 3786 1112 3867 quominus
1154 3785 1224 3849 in
1273 3786 1560 3849 maxime
1596 3784 1838 3851 divinis
1873 3796 1937 3849 et
1973 3783 2175 3850 admi-

254 3867 463 3935 randis
500 3870 812 3955 operibus
856 3871 1167 3936 maiorem
1214 3870 1415 3935 animi
1462 3868 1775 3936 laetitiam
1812 3869 2171 3955 gratiarum

254 3955 487 4019 actione
548 3955 1008 4040 profiteamur:
1071 3963 1139 4021 et
1180 3955 1536 4021 bonitatem
1582 3958 1721 4021 eius
1764 3956 2008 4040 insigni
2053 3958 2169 4022 ali-

247 4060 367 4122 quo
405 4040 568 4107 facto
605 4041 884 4125 experti,
933 4040 1206 4107 eandem
1244 4043 1443 4108 etiam
1482 4042 1963 4108 ardentioribus
2002 4044 2172 4108 votis

325 4147 688 4194 noscamus.
773 4127 997 4206 Velut,
1056 4128 1337 4210 exempli
1394 4129 1625 4210 gratia,
1684 4130 1740 4193 si
1794 4128 1939 4211 quis
1984 4130 2171 4214 gravi

243 4146 449 4295 ffiquo
492 4235 673 4293 casu,
719 4225 876 4297 puta
913 4212 1138 4279 morbo
1178 4214 1280 4280 vel
1317 4212 1446 4279 alia
1482 4213 1851 4279 calamitate
1886 4235 2170 4296 pressus,

243 4318 278 4361 a
328 4299 465 4365 Deo
509 4299 835 4384 pristinae
882 4298 1236 4364 valetudini
1283 4299 1683 4378 restituatur,
1743 4320 1864 4364 nae
1909 4311 2169 4384 gratum

241 4385 521 4450 animum
583 4384 907 4469 peculiari
963 4386 1326 4470 gratiarum
1380 4385 1635 4451 actione
1678 4387 1907 4450 testari
1951 4387 2169 4469 ipsum

239 4482 502 4552 oportet,
573 4472 675 4537 ita
738 4484 957 4537 tamen
1027 4483 1101 4536 ut
1165 4471 1288 4538 hoc
1356 4472 1740 4537 beneficium
1807 4493 1955 4537 cum
2024 4472 2169 4537 aliis

239 4557 602 4641 coniungat,
667 4565 735 4622 et
792 4556 1151 4622 eorundem
1194 4558 1604 4623 collationem
1648 4558 1935 4641 aliquam
1981 4558 2168 4624 insti-

238 4647 388 4723 tuat,
454 4644 561 4709 his
630 4642 879 4709 verbis:
950 4643 1237 4709 Domine
1281 4644 1464 4709 Deus
1521 4642 1950 4727 omnipotens,
2020 4644 2169 4726 quis

238 4729 508 4794 miretur
569 4743 637 4793 te
697 4751 856 4814 erga
914 4751 1019 4793 me
1078 4728 1389 4794 miserum
1451 4728 1979 4805 homuncionem,
2054 4731 2166 4812 qui

236 4813 391 4879 nihil
442 4815 629 4882 aliud
684 4836 833 4881 sum
892 4835 1088 4898 quam
1147 4824 1321 4880 terra
1380 4825 1445 4879 et
1487 4814 1673 4899 ciuis,
1734 4829 1867 4879 tam
1914 4814 2166 4880 miseri-

236 4900 512 4981 cordem,
570 4911 841 4984 tamque
902 4901 1256 4986 benignum
1318 4921 1479 4977 esse,
1541 4922 1745 4985 quum
1808 4900 2056 4966 coelum
2104 4911 2170 4966 et

234 4997 465 5052 terram
530 4986 961 5064 intuentibus,
1022 4988 1221 5052 immo
1290 5007 1394 5053 res
1453 5009 1490 5051 a
1546 4999 1611 5052 te
1668 4993 1921 5053 creatas
1989 4986 2169 5053 vilis-

234 5071 423 5139 simas
512 5082 584 5136 et
657 5072 1124 5139 abiectissimas
1200 5093 1490 5156 quasque
1559 5070 2166 5155 contemplantibus,

236 5169 377 5224 tuae
444 5159 723 5224 virtutis
790 5158 1366 5242 incomprehensae
1425 5168 1491 5224 et
1550 5158 2033 5224 misericordiae
2091 5180 2170 5225 ac

237 5243 539 5311 bonitatis
582 5244 944 5313 immensae
979 5265 1136 5330 erga
1171 5243 1318 5311 illas
1353 5253 1450 5311 tot
1486 5265 1629 5311 sese
1663 5244 1945 5310 offerant
1983 5245 2158 5310 testi-

1631 319 1731 385 IN
1777 319 1830 387 Ι.
1876 307 2058 387 LIB.
2104 320 2509 390 SAMUEL.
2556 324 2755 392 CAP.
2801 328 2891 394 ΙΙ.

4101 336 4229 404 286

2290 512 2563 578 monia?
2623 516 2841 599 Atque
2887 516 2992 583 his
3027 518 3341 603 gradibus
3378 540 3498 587 nos
3539 519 3664 587 Dei
3702 523 4016 589 beneficia
4050 526 4233 593 decet

2292 618 2645 681 agnoscere
2690 611 2757 667 et
2793 603 3183 687 praedicare,
3239 615 3315 670 ut
3359 627 3439 670 ne
3487 623 3675 674 extra
3732 630 3852 675 nos
3897 632 4230 678 exeamus.

2296 682 2369 749 Si
2425 683 2613 751 Deus
2657 689 2786 752 mei
2831 689 3139 756 misertus
3183 713 3264 757 ex
3296 694 3550 776 ingenti
3594 697 3899 778 quopiam
3946 698 4232 779 periculo

2292 790 2398 835 me
2443 773 2704 856 eripuit,
2749 776 3051 857 equidem
3099 779 3331 842 merito
3375 801 3517 844 sum
3569 780 3690 845 hoc
3722 780 4230 865 praedicaturus,

2296 877 2527 921 verum
2595 859 2720 926 hoc
2788 861 3102 928 beneficio
3167 865 3248 928 ad
3312 864 3488 929 aliud
3549 868 3758 932 maius
3803 871 3989 950 quasi
4035 891 4228 935 manu

2295 941 2597 1023 deducor,
2644 955 2719 1010 ut
2761 948 2855 1011 ita
2890 948 3109 1013 Deum
3147 972 3372 1014 rursus
3409 952 3823 1032 compellem:
3870 954 3966 1019 Mi
4006 955 4225 1021 Deus!

2295 1041 2537 1110 quanta
2581 1039 2696 1097 tua
2741 1054 2896 1117 erga
2941 1056 3045 1100 me
3090 1035 3421 1115 beneficia,
3469 1058 3659 1120 quem
3709 1060 3838 1104 non
3877 1052 4132 1106 tantum
4157 1042 4227 1105 in

2295 1113 2414 1178 hac
2475 1117 2614 1181 vita
2669 1139 2980 1203 corporea
3024 1131 3098 1186 ut
3140 1122 3345 1186 filium
3392 1136 3579 1205 pater
3621 1122 3818 1208 foves,
3877 1125 3989 1191 sed
4034 1128 4223 1192 cuius

2294 1200 2487 1265 etiam
2535 1224 2605 1269 es
2649 1206 2907 1271 animae
2950 1208 3275 1287 misertus,
3337 1221 3402 1273 et
3449 1230 3528 1273 ex
3570 1210 3928 1275 inferorum
3974 1212 4226 1298 abyssis

2293 1301 2545 1352 erutam
2608 1290 2677 1355 in
2734 1290 3099 1358 libertatem
3148 1295 3501 1360 asseruisti.
3591 1295 3759 1361 Nam
3807 1319 3973 1381 quae
4018 1318 4224 1381 quan-

2294 1383 2443 1437 tave
2502 1385 2602 1440 est
2660 1377 2833 1442 vitae
2875 1379 3053 1444 illius
3098 1379 3395 1445 coelestis
3442 1380 3624 1446 nobis
3670 1404 3786 1466 per
3831 1383 4033 1449 filium
4074 1405 4224 1467 par-

2292 1468 2399 1522 tae
2455 1460 2742 1545 dignitas
2801 1472 2866 1527 et
2922 1464 3325 1544 excellentia,
3398 1480 3715 1550 quantum
3777 1468 3971 1536 decus
4030 1469 4223 1553 longe

2289 1544 2434 1626 ipsa
2489 1550 2684 1614 etiam
2748 1550 3127 1633 angelorum
3194 1551 3401 1635 gloria
3458 1564 3524 1615 et
3581 1554 3920 1620 maiestate
3965 1556 4220 1621 maius?

2290 1629 2517 1714 Neque
2585 1636 2757 1700 enim
2834 1637 3051 1720 angeli
3115 1637 3238 1719 ipsi
3311 1637 3432 1701 Dei
3500 1639 3821 1705 maiestati
3868 1643 4220 1706 intuendae

2291 1737 2480 1799 pares
2540 1733 2714 1799 sunt,
2763 1723 2886 1786 nisi
2935 1722 3199 1786 Domini
3244 1723 3446 1787 nostri
3497 1723 3644 1789 Iesu
3692 1724 3939 1791 Christi
3985 1728 4217 1792 merito

2289 1822 2365 1867 ac
2431 1806 2767 1874 beneficio.
2823 1809 2954 1875 ,Tu
3021 1828 3126 1872 me
3192 1817 3447 1886 tamen,
3529 1809 3812 1875 Domine
3889 1813 4086 1893 Deus,
4149 1815 4220 1879 in

2290 1891 2647 1959 haeredum
2708 1914 2785 1958 ac
2825 1894 3109 1958 filiorum
3158 1905 3418 1959 tuorum
3465 1916 3810 1961 numerum
3856 1896 4222 1964 adscribere

2288 2000 2417 2044 non
2458 1978 2856 2065 dedignaris.
2945 1979 3077 2045 Hic
3111 1991 3213 2044 est
3242 1980 3444 2064 igitur
3480 2001 3636 2045 usus
3672 1980 4006 2049 doctrinae
4044 1985 4220 2050 illius

2287 2088 2480 2149 quam
2546 2066 2669 2130 hoc
2727 2064 2866 2130 loco
2910 2063 3253 2131 discimus:
3311 2078 3380 2130 ut
3427 2067 3555 2131 Dei
3601 2067 3861 2151 singula
3906 2091 4060 2154 erga
4106 2091 4222 2135 nos

2287 2152 2601 2218 beneficia
2663 2151 2758 2216 sic
2822 2151 3289 2236 expendamus,
3354 2160 3427 2216 ut
3494 2151 3742 2218 debitas
3808 2156 3929 2237 ipsi
3976 2158 4222 2238 gratias

2286 2258 2579 2322 agamus,
2637 2248 2703 2302 et
2745 2238 2885 2302 eius
2930 2236 3301 2317 bonitatem,
3363 2240 3694 2317 virtutem,
3754 2243 4108 2323 potentiam
4155 2251 4222 2307 et

2284 2324 2601 2389 iustitiam
2661 2322 2916 2388 meritis
2969 2323 3272 2389 laudibus
3326 2324 3690 2390 efferamus.
3785 2330 3981 2392 Anna
4022 2328 4221 2406 igitur

2284 2411 2351 2474 in
2416 2409 2539 2476 hoc
2597 2409 2849 2475 cantico
2909 2410 3256 2491 magnifica
3314 2407 3441 2475 Dei
3487 2430 3682 2493 opera
3727 2412 3819 2476 sic
3864 2413 4216 2495 praedicat,

2285 2503 2361 2560 ut
2416 2493 2496 2560 de
2554 2505 2816 2578 accepto
2860 2517 2897 2560 a
2942 2496 3086 2560 Deo
3129 2496 3265 2560 filio
3310 2496 3432 2560 sibi
3478 2495 3877 2578 gratuletur:
3946 2500 4219 2582 Deoque

2283 2602 2401 2666 pro
2451 2592 2634 2646 tanto
2708 2580 3020 2647 beneficio
3093 2582 3335 2665 gratias
3395 2593 3564 2665 agat.
3650 2581 3852 2647 Porro
3897 2584 4066 2667 quod
4114 2586 4219 2652 hic

2282 2669 2483 2733 Anna
2550 2668 2786 2733 dicitur
2827 2668 3149 2748 oravisse,
3236 2668 3488 2750 Deique
3554 2669 3833 2750 gratiam
3884 2672 4218 2753 praedica-

2284 2755 2474 2832 visse,
2536 2774 2667 2818 non
2712 2753 2806 2819 sic
2850 2751 3350 2838 intelligendum
3400 2755 3586 2836 quasi
3631 2755 3929 2835 precibus
3974 2754 4220 2841 aliquid

2281 2862 2319 2906 a
2365 2838 2508 2904 Deo
2553 2840 2845 2922 petierit:
2915 2837 3062 2924 (etsi
3108 2836 3370 2922 quidam
3417 2839 3589 2903 hanc
3635 2859 3853 2905 vocem
3900 2841 3980 2906 ad
4027 2864 4217 2927 supe-

2282 2928 2485 2992 riores
2530 2927 2764 2990 Annae
2806 2944 3033 3008 preces
3069 2925 3379 3002 referant,
3420 2932 3488 2988 et
3523 2924 3645 2988 hac
3683 2946 3811 2990 una
3847 2948 4004 2993 vooe
4038 2949 4214 2994 com-

2278 3011 2596 3096 prehendi
2657 3011 2805 3075 illas
2860 3010 3096 3097 velint)
3140 3009 3251 3076 sed
3299 3011 3659 3094 gratiarum
3704 3013 4023 3079 actionem
4068 3035 4213 3081 ora-

2281 3098 2476 3164 tionis
2522 3096 2838 3163 vocabulo
2881 3101 3092 3161 notari
3136 3095 3500 3163 dicendum.

2451 3185 2892 3249 Transeamus
2964 3180 3047 3247 ad
3118 3183 3324 3266 ipsius
3370 3182 3608 3248 cantici
3656 3186 3890 3250 verba:
3977 3182 4218 3251 Exsul-

2275 3269 2449 3348 tavit‚
2492 3269 2732 3353 inquit,
2774 3288 2879 3334 cor
2904 3288 3112 3334 meum
3155 3270 3228 3333 in
3255 3267 3533 3334 Domino
3574 3273 3677 3336 ete.
3767 3267 4065 3354 Duplicis
4110 3271 4218 3336 hic

2277 3354 2563 3420 laetitiae
2646 3353 2888 3419 mentio
2966 3367 3082 3420 est.
3172 3354 3343 3419 Nam
3410 3374 3609 3437 quum
3676 3357 4038 3421 exaltatum
4105 3377 4215 3422 cor

2277 3462 2467 3507 suum
2528 3438 2707 3521 dicit,
2766 3440 3034 3505 minime
3092 3437 3520 3505 dubitandum
3581 3442 3734 3524 quin
3781 3441 3862 3506 ad
3908 3442 4033 3507 Dei
4079 3444 4211 3509 sin-

2275 3526 2571 3611 gularem
2653 3526 2945 3592 favorem
3026 3526 3350 3608 respiciat,
3439 3547 3564 3609 quo
3630 3526 3710 3591 ad
3777 3547 4000 3611 preces
4066 3529 4209 3594 eius

2277 3621 2623 3679 annuerat.
2711 3611 2969 3677 Deinde
3028 3632 3227 3694 quum
3285 3611 3519 3677 iterum
3568 3633 3638 3678 se
3682 3613 3987 3678 laetatam
4034 3614 4208 3692 dicit,

2277 3699 2358 3765 ad
2415 3698 2731 3763 laetitiam
2776 3719 2922 3763 eam
2967 3718 3093 3781 qua
3137 3718 3391 3761 moeror
3433 3718 3593 3762 suus
3638 3720 3713 3764 ac
3757 3698 4027 3765 tristitia
4071 3702 4209 3765 fue-

2277 3795 2379 3850 rat
2437 3783 2713 3850 sublata.
2808 3780 2941 3851 Sed
3008 3783 3381 3849 obscuriora
3435 3782 3598 3848 haec
3639 3783 4036 3850 videbuntur
4080 3788 4209 3852 nisi

2275 3871 2567 3954 apertius
2606 3869 3036 3953 explicentur.
3126 3868 3348 3949 Quare
3369 3868 3721 3948 sciendum,
3746 3879 4044 3954 oportere
4067 3894 4206 3951 nos,

2275 3957 2428 4022 licet
2486 3955 2714 4021 multis
2772 3956 2926 4021 hinc
2982 3955 3136 4020 inde
3179 3954 3501 4038 angustiis
3544 3963 3612 4020 et
3656 3955 3981 4023 doloribus
4028 3957 4208 4022 velut

2273 4041 2564 4120 obrutos,
2610 4042 2850 4106 hilares
2893 4055 3115 4106 tamen
3160 4061 3416 4124 semper
3459 4061 3620 4106 esse.
3707 4041 3900 4109 Hanc
3937 4043 4018 4108 ob
4053 4065 4206 4108 cau-

2274 4150 2415 4194 sam
2474 4128 2937 4211 Philippenses
2992 4126 3240 4192 Paulus
3285 4127 3464 4191 iubet
3507 4128 3578 4190 in
3624 4125 3906 4192 Domino
3950 4150 4208 4212 semper

2273 4213 2578 4299 gaudere.
2666 4212 2761 4279 At
2805 4222 2961 4280 tunc
3006 4213 3314 4295 temporis
3361 4212 3630 4279 ecclesia
3674 4213 4018 4295 permultis
4062 4236 4205 4297 per·

2273 4299 2770 4383 sequutionibus
2814 4299 3214 4382 agitabatur:
3290 4297 3538 4364 Paulus
3584 4299 3651 4363 in
3700 4300 3980 4365 vinculis
4025 4311 4202 4364 tene-

2275 4388 2487 4465 batur,
2561 4385 2784 4450 miseri
2835 4385 3060 4450 fideles
3116 4386 3324 4449 instar
3382 4386 3605 4449 ovium
3661 4385 3838 4449 intra
3894 4385 4201 4468 luporum

2269 4472 2489 4538 fauces
2571 4472 3021 4554 versabantur,
3105 4474 3169 4535 in
3249 4472 3408 4553 ipsis
3475 4469 3783 4537 ecclesiae
3845 4471 4201 4537 visceribus

2271 4558 2480 4623 multa
2525 4557 2847 4622 malorum
2884 4556 3136 4621 semina
3170 4555 3582 4636 fovebantur,
3627 4553 3861 4640 quibus
3898 4555 4200 4623 omnibus

2271 4643 2560 4709 fidelium
2606 4644 2866 4708 animus
2913 4645 3003 4707 ita
3046 4642 3298 4708 concuti
3347 4651 3602 4725 poterat
3646 4654 3719 4705 ut
3754 4642 4013 4725 penitus
4047 4641 4199 4707 defi-

2272 4741 2468 4796 ceret.
2557 4729 2728 4794 Nam
2814 4729 3018 4794 animi
3084 4728 3420 4812 aegritudo
3487 4736 3552 4792 et
3616 4746 3871 4792 summa
3933 4727 4201 4793 tristitia

2272 4814 2606 4880 hominem
2666 4816 2858 4898 plane
2917 4813 3228 4881 deiiciunt
3271 4813 3609 4897 eidemque
3652 4821 3976 4895 stuporem
4024 4812 4199 4880 adfe-

2271 4913 2447 4968 runt,
2534 4898 2789 4967 Idcirco
2837 4901 2905 4966 in
2954 4900 3058 4966 his
3098 4897 3588 4965 difficultatibus
3624 4896 3856 4982 gaudio
3877 4898 4197 4981 spirituali

2270 4987 2639 5071 superanda
2706 4986 2971 5053 tristitia
3033 4985 3151 5051 illa
3214 4996 3331 5065 est,
3417 4992 3493 5048 ut
3557 4985 3926 5067 quicunque
3989 5006 4197 5066 casus,

2270 5093 2696 5156 quaecunque
2734 5072 2996 5137 tandem
3035 5070 3356 5154 procellae
3393 5089 3467 5134 ac
3491 5077 3909 5154 tempestates
3932 5069 4194 5155 ingrue-

2269 5158 2426 5239 rint,
2497 5159 2834 5225 saeviente
2877 5158 3119 5223 mundo
3163 5178 3239 5222 ac
3279 5154 3544 5232 Satana,
3588 5165 3806 5220 tamen
3854 5156 4195 5241 imperter-

2268 5245 2379 5310 riti
2435 5257 2502 5311 et
2565 5245 2932 5312 inconcussi
2977 5243 3426 5310 subsistamus.
3518 5240 3738 5322 Quare
3782 5244 3905 5308 etsi
3952 5243 4196 5310 multae
