5059 6059
902 322 989 387 63

902 511 1185 590 ritatem,
1265 523 1330 574 et
1409 509 1551 573 iure
1622 504 1850 572 divino
1917 507 2337 592 permittitur.
2426 508 2599 574 'I'um
2664 508 2840 574 enim

903 597 1093 664 Deus
1176 594 1358 660 nobis
1435 592 1640 658 veluti
1720 593 2017 659 concedit
2095 593 2375 660 nominis
2442 595 2546 660 sui
2615 612 2840 659 usum:

902 681 1098 749 modo
1157 682 1226 746 in
1285 678 1477 745 rebus
1532 678 1871 762 permissis
1930 690 1998 745 et
2042 679 2240 746 licitis
2282 700 2431 745 cum
2477 680 2843 746 reverentia

902 766 1066 835 illud
1142 785 1548 848 usurpemus.
1636 764 1845 830 Porro
1912 765 2337 831 iurisiurandi
2392 765 2680 830 formula
2736 765 2844 831 bic

902 863 1002 920 est
1052 862 1463 935 summopere
1519 848 1944 934 observanda,
2003 873 2204 934 quum
2263 850 2531 917 dicitur:
2610 849 2843 917 Iehova

901 940 1086 1007 vivit:
1128 938 1364 1021 quibus
1408 935 1757 1003 denotatur
1802 935 2096 1002 divinam
2143 936 2552 1003 maiestatem
2586 957 2843 1020 semper

906 1046 1047 1093 esse
1102 1024 1352 1091 salvam
1409 1029 1666 1100 tectam,
1725 1021 1879 1088 licet
1921 1021 2030 1088 hic
2069 1022 2289 1088 omnia
2332 1023 2402 1087 in
2446 1023 2641 1089 terris
2686 1023 2843 1089 mis·

896 1119 1193 1178 ceantur.
1285 1111 1383 1175 Ac
1437 1128 1596 1174 sane
1654 1128 1857 1191 quum
1903 1107 2260 1174 mentiendi
2303 1118 2372 1174 et
2413 1107 2683 1174 fallendi
2725 1108 2843 1175 ho·

901 1197 1116 1264 mines
1159 1195 1283 1261 sibi
1330 1194 1577 1261 faciunt
1619 1203 2024 1276 potestatem,
2070 1193 2304 1261 accidit
2346 1193 2525 1294 quod·
2561 1194 2655 1259 ita
2695 1216 2842 1278 spe·

902 1294 1059 1350 rant
1100 1304 1171 1348 se
1214 1280 1555 1347 hominum
1599 1277 1841 1345 iudicia
1886 1279 2293 1364 effugituros,
2337 1281 2392 1345 si
2435 1280 2686 1345 crimen
2730 1301 2842 1346 au·

906 1368 1129 1436 dacter
1170 1366 1566 1432 infitientur:
1622 1376 1689 1431 et
1732 1365 1825 1430 ita
1865 1367 1943 1430 fit.
1986 1377 2061 1431 ut
2102 1376 2345 1432 temere
2390 1375 2457 1431 et
2488 1366 2562 1430 in
2600 1386 2841 1431 vanum

900 1455 1033 1521 Dei
1105 1474 1340 1519 nomen
1413 1451 1711 1516 iurantes
1778 1451 2117 1534 accipiant.
2205 1451 2412 1535 Atqui
2471 1452 2843 1518 iuramenta

897 1550 1053 1607 sunt
1107 1537 1464 1606 remedium
1507 1535 1590 1602 ad
1635 1534 1974 1603 mendacia
2016 1547 2082 1601 et
2126 1537 2387 1603 fraudes
2428 1537 2842 1615 cohibendas,

903 1639 978 1693 ιιι
1012 1635 1307 1695 statuant
1341 1622 1640 1689 homines
1685 1642 1778 1706 se,
1822 1623 1974 1688 licet
2016 1623 2088 1687 in
2132 1622 2237 1688 his
2281 1624 2476 1689 terris
2519 1645 2648 1690 non
2694 1644 2842 1708 pos-

899 1713 1033 1780 sint
1113 1711 1310 1777 ullius
1387 1709 1653 1776 sceleris
1727 1708 1993 1792 coargui
2072 1718 2138 1773 et
2205 1709 2527 1789 malitiae,
2622 1726 2843 1775 tamen

899 1820 1120 1867 coram
1177 1796 1322 1862 Deo
1362 1794 1575 1860 iudice
1618 1795 1819 1860 semel
1864 1793 2028 1879 ipsis
2072 1795 2600 1878 comparendum,
2660 1794 2846 1861 cuius

898 1885 1047 1952 sisti
1103 1904 1331 1950 omnes
1389 1890 1647 1963 oportet
1702 1879 1961 1946 iudicio.
2053 1880 2215 1945 Vita
2258 1881 2479 1964 itaque
2522 1880 2637 1946 illa
2679 1901 2844 1964 quae

899 1971 1044 2039 Deo
1133 1967 1442 2034 tribuitur
1518 1965 1725 2048 ipsius
1805 1966 2133 2034 maiestati
2205 1967 2527 2032 convenit.
2614 1965 2846 2065 Neque

903 2057 1082 2123 enim
1147 2055 1316 2120 vivit
1378 2051 1566 2117 Deus
1635 2060 1712 2117 ut
1775 2053 2151 2135 speculetur
2216 2062 2471 2118 tantum
2541 2072 2708 2136 quae
2775 2052 2843 2115 in

906 2139 1153 2208 mundo
1222 2142 1413 2217 fiunt,
1490 2157 1697 2220 neque
1751 2148 1825 2202 ut
1881 2137 1949 2203 in
2010 2159 2115 2204 res
2172 2146 2426 2204 creatas
2483 2137 2847 2203 dominium

907 2227 1232 2294 obtineat:
1279 2223 1396 2290 sed
1436 2223 1652 2306 potius
1696 2232 1771 2287 ut
1814 2222 2133 2289 mundum
2178 2221 2423 2289 iudicet
2463 2244 2503 2288 a
2546 2245 2619 2289 se
2662 2242 2846 2289 crea-

907 2322 1084 2381 ιιιιιι.
1130 2330 1484 2393 eorumque
1528 2328 1689 2392 quos
1723 2308 1918 2392 elegit
1953 2320 2022 2374 et
2056 2307 2393 2393 adoptavit
2428 2309 2846 2374 misereatur:

907 2409 982 2467 ιιι
1039 2398 1140 2464 ius
1197 2417 1393 2463 suum
1433 2396 1668 2478 cuique
1713 2394 1978 2476 tribuat,
2034 2407 2103 2461 et
2144 2395 2215 2459 in
2258 2395 2507 2479 flagitia
2549 2392 2846 2459 animad-

911 2495 1141 2552 vertat.
1232 2484 1449 2565 Atque
1493 2479 1654 2547 haec
1701 2489 1803 2547 est
1867 2480 2006 2547 vita
2070 2501 2240 2564 quae
2305 2479 2448 2546 Deo
2516 2478 2848 2560 tribuitur,

911 2580 985 2638 ut
1046 2589 1281 2651 nempe
1347 2566 1547 2633 totius
1609 2564 1834 2632 mundi
1900 2567 1987 2633 sit
2051 2566 2282 2633 iudex:
2347 2567 2487 2632 eius
2554 2564 2847 2650 potentia

909 2661 1355 2741 cognoscatur,
1422 2650 1565 2718 eins
1631 2651 1888 2718 bonitas
1949 2659 2016 2718 et
2078 2652 2401 2736 sapientia
2463 2651 2705 2751 magni,
2773 2660 2848 2716 ut

906 2763 1028 2826 par
1087 2754 1203 2820 est,
1262 2738 1398 2803 fiat.
1487 2737 1707 2837 Quare
1765 2759 1965 2821 quum
2023 2749 2276 2804 veteres
2331 2737 2489 2802 olim
2550 2736 2690 2803 istis
2747 2737 2844 2802 iu·

904 2825 1093 2894 randi
1140 2824 1433 2891 formulis
1490 2824 1593 2888 usi
1658 2835 1847 2890 sunt:
1913 2822 2163 2890 Iehova
2229 2823 2413 2904 vivit,
2477 2822 2562 2888 iis
2624 2821 2847 2888 testati

907 2924 1065 2980 sunt
1109 2932 1181 2978 se
1223 2911 1295 2975 in
1340 2930 1545 2975 unum
1592 2918 1932 2976 aeternum
1977 2908 2259 2976 iudicem
2304 2909 2648 2992 respicere,
2694 2917 2763 2973 et
2805 2929 2843 2973 a

907 2998 1051 3066 solo
1110 2996 1220 3062 illo
1266 2993 1662 3079 dependere.
1729 3006 1795 3061 et
1836 2995 1990 3061 licet
2031 2995 2371 3061 hominum
2416 2993 2658 3060 iudicia
2699 3015 2844 3077 pos-

904 3094 1057 3151 sent
1091 3083 1398 3167 effugere,
1443 3081 1870 3147 nihilominus
1906 3103 1977 3147 se
2005 3080 2134 3146 Dei
2166 3080 2407 3146 iudicio
2435 3098 2843 3163 nequaquam

906 3191 1096 3257 posse
1138 3167 1519 3248 subducere,
1563 3188 1773 3251 neque
1815 3188 2052 3233 manus
2094 3167 2304 3251 ipsius
2345 3164 2642 3265 evadere,
2684 3164 2844 3264 quin

907 3258 1003 3324 rei
1068 3274 1336 3321 suorum
1401 3217 1715 3318 scelerum
1784 3254 1965 3319 fiant.
2056 3255 2154 3320 Ac
2214 3272 2373 3318 sane
2429 3253 2486 3318 si
2545 3251 2844 3316 homines

906 3343 1034 3409 ista
1076 3338 1275 3425 probe
1317 3337 1834 3418 recordarentur,
1895 3337 2246 3404 verisimile
2302 3347 2405 3402 est
2461 3337 2608 3403 illos
2652 3335 2845 3421 longe

908 3430 977 3494 ιιι
1022 3425 1405 3494 iuramentis
1450 3424 1872 3490 modestiores
1912 3444 2056 3490 esse
2098 3423 2356 3489 futuros
2398 3434 2465 3488 et
2523 3438 2842 3505 tempera-

907 3514 1128 3580 tiores.
1217 3510 1386 3576 Nam
1489 3510 1840 3576 merebro
1894 3508 2025 3575 Dei
2085 3530 2322 3576 nomen
2380 3518 2721 3591 usurpant,
2779 3515 2846 3573 et

909 3612 1155 3665 temere
1198 3598 1265 3662 ιιι
1313 3618 1422 3661 ore
1515 3597 1726 3670 abent,
1789 3595 2020 3662 belluis
2065 3595 2372 3661 videntur
2414 3592 2730 3659 simillimi
2775 3601 2844 3658 et

909 3706 950 3750 a
992 3683 1138 3749 Dec
1181 3681 1593 3748 alienissimi:
1654 3701 1854 3766 quum
1914 3691 2134 3746 tamen
2190 3679 2698 3764 quotiescunque
2740 3679 2841 3745 iu·

909 3789 1134 3838 ramus
1198 3766 1282 3833 ad
1347 3767 1475 3834 Dei
1538 3766 1772 3834 solium
1840 3766 2276 3834 conscendere
2340 3787 2459 3832 nos
2522 3775 2839 3849 oporteat,

908 3876 1154 3938 nosque
1207 3853 1304 3918 illi
1347 3854 1593 3933 sistere,
1649 3852 1928 3920 scientes
1971 3873 2103 3918 non
2147 3851 2435 3917 inultum
2488 3853 2626 3917 fore
2670 3852 2836 3916 iura-

905 3948 1206 4008 mentum
1250 3953 1493 4004 temere
1535 3937 1663 4004 Dei
1707 3959 1947 4037 nomen
1991 3937 2482 4004 advocantium·
2540 3936 2711 4020 quod
2756 3935 2836 4002 ad

907 4027 1113 4094 divini
1158 4025 1342 4090 verbi
1384 4045 1684 4091 normam
1728 4023 1904 4108 exigi
1946 4044 2209 4090 necesse
2251 4032 2369 4089 est.
2458 4023 2631 4089 Nam
2679 4042 2838 4089 sane

906 4114 963 4180 si
998 4110 1242 4195 singuli
1286 4108 1410 4175 sibi
1451 4110 1523 4174 ιιι
1567 4120 1854 4176 mentem
1887 4120 2271 4176 revocarent
2307 4108 2517 4176 divini
2552 4107 2837 4175 nominis

907 4198 1337 4276 maiestatem,
1407 4196 1854 4279 turpissimum
1911 4196 2364 4261 existimarent
2418 4195 2551 4260 Dei
2602 4214 2837 4259 nomen

909 4285 981 4351 in
1025 4303 1137 4349 ore
1180 4281 1523 4347 hominum
1563 4281 1811 4348 versari
1855 4291 1922 4346 et
1961 4280 2171 4347 instar
2214 4280 2383 4363 pilae
2429 4279 2626 4361 volvi,
2688 4301 2837 4363 poe·

911 4389 1157 4454 nasque
1200 4375 1568 4433 metuerent
1610 4387 1773 4450 quas
1812 4366 1967 4432 olim
2010 4366 2196 4432 Deus
2237 4366 2318 4432 ob
2363 4367 2467 4433 sui
2509 4376 2839 4465 contemp·

910 4467 1057 4522 tum
1099 4465 1201 4520 est
1242 4450 1326 4518 ab
1369 4451 1498 4517 illis
1537 4453 1963 4537 repetiturus.
2009 4473 2085 4518 ac
2120 4451 2392 4535 proinde
2415 4475 2455 4518 a
2478 4452 2840 4518 temerariis

909 4539 1274 4609 istiusmodi
1318 4539 1705 4605 iuramentis
1748 4539 2019 4604 horrore
2062 4537 2269 4604 divini
2311 4538 2531 4604 iudicii
2555 4537 2842 4603 deterre·

912 4635 1159 4694 rentur.
1251 4625 1341 4690 Et
1404 4626 1723 4691 hactenus
1782 4624 1862 4689 de
1908 4623 2162 4690 solenni
2213 4623 2328 4688 illo
2391 4623 2611 4691 Saulis
2664 4623 2840 4688 iura-

913 4720 1160 4794 ment0,
1225 4731 1297 4778 se
1361 4711 1610 4776 nemini
1677 4732 1753 4777 ac
1818 4731 1902 4776 ne
1964 4707 2336 4774 Ionathano
2403 4709 2662 4792 quidem
2707 4708 2842 4774 filio

914 4798 1336 4883 parciturum.
1423 4795 1629 4863 Cuius
1692 4816 1854 4863 sane
1931 4797 2352 4861 temerarium
2439 4796 2565 4860 fuit
2649 4795 2844 4860 iusiu-

913 4884 1214 4964 randum,
1269 4903 1468 4966 quum
1527 4882 1830 4966 deinceps
1883 4904 1967 4947 ex
2023 4881 2314 4964 opposito
2372 4881 2687 4964 populum
2743 4879 2840 4944 ιιι·

914 4990 1095 5036 rasse
1158 4934 1517 5046 videamus,
1603 4987 1740 5033 non
1803 4987 2107 5034 casurum
2173 4966 2263 5031 ull
2266 4988 2380 5032 um
2445 4988 2528 5032 ex
2591 4964 2844 5050 capillis

918 5054 1148 5138 capitis
1197 5053 1565 5134 Ionathani,
1621 5064 1692 5119 et
1748 5053 1840 5120 ita
1899 5051 2118 5120 Saulis
2173 5052 2612 5119 iuramentum
2657 5071 2846 5118 revo-

918 5147 1138 5205 catum
1216 5140 1412 5206 fuisse
1476 5139 1802 5206 contrario
1866 5138 2088 5224 populi
2155 5137 2541 5204 iuramento.
2627 5139 2846 5220 Atque

916 5224 1011 5291 ita
1054 5226 1236 5292 Deus
1278 5224 1429 5292 fecit
1453 5226 1865 5293 manifestam
1895 5225 2117 5292 Saulis
2144 5224 2604 5308 temeritatem,
2654 5243 2845 5307 quem

2626 318 3032 386 HOMILIA
3080 321 3157 387 L.
4709 327 4763 395 64

2947 507 3027 574 de
3093 530 3292 576 causa
3349 511 3534 594 prius
3599 508 3939 594 oportebat
4002 511 4355 598 diligenter
4417 513 4687 596 inquirere
4728 528 4770 583 οι

2946 616 3350 680 cognoscere,
3395 617 3588 680 quam
3633 611 3878 663 temere
3936 598 4240 663 iudicare.
4330 597 4643 665 Praeterea
4673 602 4773 670 hino

2947 683 3148 747 etiam
3210 692 3483 766 apparet
3544 697 3787 767 quanta
3849 682 3939 748 sit
4003 684 4340 748 hominum
4409 705 4774 769 nonnunquam

2946 767 3321 850 pertinacia,
3367 788 3568 851 quum
3612 776 3802 834 extra
3844 767 4195 835 modestiae
4240 767 4481 835 limites
4519 772 4776 855 egrediun-

2947 862 3073 931 tur,
3130 873 3328 937 quam
3372 866 3592 919 tamen
3651 874 3782 917 non
3840 853 3934 919 ita
3977 855 4229 937 pridem
4271 853 4437 922 Saul
4480 856 4778 937 ostendent,

2946 959 3149 1021 quum
3183 939 3541 1006 sacerdotis
3575 938 3744 1007 dicto
3778 939 3919 1006 sine
3952 939 4413 1024 obloquutione
4435 942 4779 1025 acquieverst.

2946 1025 3087 1089 Iam
3134 1047 3288 1091 vero
3343 1025 3650 1109 quoniam
3704 1024 3910 1091 levior
3964 1026 4179 1093 fuerat
4234 1035 4301 1091 et
4356 1027 4609 1092 nimium
4655 1049 4782 1112 prte-

2945 1131 3096 1193 ceps
3140 1112 3207 1176 ιιι
3253 1110 3521 1177 ferenda
3564 1110 3909 1192 sententia,
3951 1112 4200 1177 malum
4244 1111 4415 1177 malo
4459 1110 4669 1212 adiicit,
4697 1114 4782 1178 fili-

2945 1217 3184 1280 umque
3228 1218 3441 1274 suum,
3486 1210 3561 1262 ιιι
3597 1197 3901 1280 deinceps
3936 1196 4322 1278 videbimus,
4364 1198 4557 1263 morti
4586 1197 4784 1265 addicit.

2945 1282 3116 1364 quod
3160 1283 3355 1368 longe
3400 1247 3683 1349 deterius
3726 1281 3852 1347 fuit
3893 1295 3961 1348 et
4004 1284 4429 1367 perniciosius
4462 1305 4632 1366 quam
4661 1286 4785 1367 prim

2945 1367 3130 1433 illud.
3229 1369 3553 1453 Deinceps
3607 1368 3924 1452 sequitur,
3985 1369 4195 1436 iactas
4259 1368 4466 1435 fuisse
4516 1380 4705 1449 sortes,
4748 1384 4790 1436 et

2948 1453 3217 1520 Saulem
3276 1475 3420 1521 esse
3477 1466 3810 1538 precatum
3870 1453 4087 1520 Deum
4146 1465 4221 1521 ut
4276 1454 4593 1539 integrum
4646 1454 4789 1521 daret.

2948 1539 3093 1605 Non
3162 1554 3405 1607 temere
3473 1560 3627 1607 vero
3692 1541 4145 1640 usurpandum
4209 1540 4378 1625 quod
4444 1538 4522 1605 de
4579 1540 4792 1607 sortibus

2949 1625 3223 1690 dicitur:
3285 1646 3491 1709 neque
3551 1625 3727 1690 enim
3784 1626 4072 1692 usitatus
4130 1638 4234 1691 est
4277 1626 4450 1710 apud
4496 1647 4602 1691 nos
4637 1627 4793 1693 scisu-

2949 1710 3132 1776 tandi
3191 1710 3435 1796 aliquid
3480 1710 3591 1776 ille
3636 1732 3791 1776 mos.
3880 1710 4109 1778 Sortes
4154 1711 4419 1795 quidem
4461 1712 4527 1776 in
4568 1710 4792 1777 dividen-

2949 1796 3048 1863 dis
3091 1808 3159 1863 et
3201 1795 3650 1864 herciscundis
3694 1796 3956 1864 familiis
3999 1797 4253 1882 proiicii
4295 1798 4537 1863 solent.
4575 1796 4673 1862 sed
4706 1818 4796 1863 non

2947 1883 3018 1948 in
3076 1882 3270 1949 rebus
3329 1883 3543 1949 dubiis
3586 1895 3653 1947 et
3695 1881 3985 1950 obscuris
4028 1882 4501 1983 investigandis
4543 1880 4794 1949 adhiberi:

2948 1967 3466 2052 quandoquidem
3522 1990 3657 2033 non
3710 1968 4025 2036 habemus
4078 1968 4151 2034 in
4206 1970 4408 2036 sacris
4450 1967 4640 2035 ullam
4676 1988 4800 2034 revo-

2947 2054 3261 2119 lationem
3314 2053 3457 2120 Deo
3516 2051 3695 2120 istud
3749 2054 4036 2137 placere.
4093 2076 4168 2121 ac
4226 2054 4498 2139 proinde
4555 2075 4672 2119 ιιοιι
4704 2054 4799 2119 sine

2949 2140 3322 2223 arrogantia
3364 2140 3428 2205 id
3474 2138 3555 2205 de
3598 2161 3725 2223 quo
3782 2140 4035 2206 nullum
4083 2152 4302 2207 exstat
4343 2140 4700 2206 mandatum
4732 2160 4803 2222 sg-

2947 2224 3393 2311 grederemur.
3495 2224 3841 2292 Caeterum
3921 2226 4074 2291 olim
4142 2225 4468 2292 adhibitas
4532 2239 4713 2292 sortes
4756 2225 4802 2288 in

2950 2311 3341 2394 quibusdam
3385 2310 3926 2378 extraordinariis
3964 2311 4174 2392 factis,
4218 2323 4295 2377 ιιι
4335 2324 4491 2378 ante
4533 2312 4653 2376 iam
4690 2308 4804 2375 vidi·

2951 2418 3115 2475 mus,
3181 2412 3432 2463 certum
3489 2408 3608 2477 est,
3673 2406 3741 2462 et
3803 2418 3936 2463 non
3994 2396 4194 2464 fuisse
4251 2396 4628 2462 damnatum
4672 2395 4805 2460 illum

2950 2481 3188 2583 agendi
3243 2503 3513 2549 morem.
3602 2482 4044 2563 Quamobrem
4104 2504 4234 2549 non
4290 2497 4392 2548 est
4443 2484 4633 2581 etiam
4670 2479 4807 2548 Sauli

2950 2568 3111 2633 vitio
3158 2566 3445 2668 dandum
3502 2567 3670 2652 quod
3719 2569 3841 2634 hoc
3884 2579 4176 2652 tempore
4219 2578 4431 2635 sortes
4474 2568 4684 2653 proiici
4717 2568 4807 2631 ius-

2948 2653 3054 2719 sit.
3100 2654 3270 2720 Tum
3315 2653 3491 2719 enim
3534 2664 3743 2719 sortes
3787 2654 4110 2737 proiectae
4145 2654 4453 2720 ultimum
4498 2664 4635 2719 erat
4668 2652 4807 2717 rebus

2949 2739 3216 2806 incertis
3261 2738 3655 2805 remedium.
3713 2739 3883 2824 quod
3928 2751 4136 2806 sortes
4178 2761 4515 2824 nunquam
4560 2739 4809 2804 fallerent.

2951 2824 3193 2906 Quare,
3239 2827 3519 2908 inquam,
3564 2823 3729 2892 Saul
3770 2823 3853 2892 ob
3894 2825 4212 2908 proiectas
4254 2837 4467 2892 sortes
4508 2846 4637 2891 non
4672 2842 4808 2889 accu-

2950 2910 3229 2993 sandus:
3293 2910 3407 2976 sed
3473 2932 3604 2976 non
3671 2921 3889 2977 tamen
3957 2911 4088 2978 alia
4150 2933 4236 2976 ex
4300 2922 4488 2995 parte
4556 2908 4634 2977 ab
4687 2907 4811 2974 omni

2948 2996 3142 3080 culpa
3181 3015 3446 3062 vacuus.
3492 2995 3668 3077 Quid
3712 2999 3807 3063 ιιι
3849 2996 4057 3064 vero?
4113 2997 4346 3063 Nonne
4390 2996 4571 3063 enim
4604 2997 4812 3080 ipsemet

2947 3081 3168 3147 Deum
3232 3082 3517 3164 invocat,
3595 3096 3660 3147 et
3738 3082 3997 3148 ardenti
4069 3083 4305 3148 affectu
4370 3083 4455 3148 ad
4522 3081 4813 3148 Dominum

2948 3167 3260 3234 effertur?
3307 3165 3521 3234 Sane:
3564 3167 3678 3234 sed
3724 3190 3851 3234 non
3895 3167 4040 3235 ideo
4082 3178 4305 3235 tamen
4341 3168 4425 3235 ab
4472 3167 4647 3233 omni
4677 3164 4814 3245 oulpn

2947 3273 3193 3319 vacuus
3237 3264 3355 3319 est.
3444 3254 3535 3319 Et
3578 3254 3761 3319 Deus
3817 3254 4035 3335 etiam,
4096 3263 4168 3320 ut
4223 3254 4535 3338 deinceps
4593 3258 4814 3336 appan&

2945 3336 3068 3404 hoc
3110 3338 3422 3405 iudicium
3467 3340 3537 3404 in
3581 3339 3768 3404 illum
3812 3339 4102 3420 immisit,
4144 3339 4317 3423 quod
4362 3361 4449 3425 po
4575 3359 4694 3421 um,
4728 3355 4815 3418 qut

2946 3445 3079 3489 non
3122 3423 3383 3507 licebat,
3426 3425 3875 3492 exsecratione
3916 3425 4398 3493 obstrinxisset.
4450 3339 4702 3492 ‘ideireo
4735 3441 4814 3518 1515

2946 3522 3055 3574 tur
3110 3511 3295 3578 Deus
3354 3511 3653 3611 permisit
3718 3521 3894 3577 sorte
3945 3510 4387 3577 Ionathanum
4456 3510 4541 3576 de
4541 3504 4815 3595 prehendi.

2946 3606 3021 3661 ut
3077 3616 3234 3662 suae
3287 3597 3676 3662 temeritatis
3734 3615 3978 3679 poenas
4021 3596 4186 3663 Saul
4244 3596 4468 3663 daret.
4529 3532 4637 3664 sed
4697 3594 4815 3658 hum

2948 3689 3293 3747 tractatum
3356 3683 3423 3746 in
3484 3697 3858 3764 sequentem
3919 3681 4090 3749 diem
4158 3683 4539 3750 reiiciamus
4596 3681 4724 3748 Deo
4753 3675 4817 3740 ft·

2947 3777 3140 3832 vente
3182 3766 3478 3851 pluribus
3520 3768 4002 3834 excutiendum.

3113 3852 3258 3919 Iam
3303 3872 3460 3919 vero
3503 3852 3917 3937 procidamus
3957 3859 4062 3920 dc.

3588 4197 4081 4280 HOMILIA
4130 4198 4216 4279 L.

3112 4367 3214 4432 41.
3276 4367 3589 4434 ffldioeit
3648 4365 4344 4434 SauladDominum
4398 4362 4815 4439 Deunffl

2941 4451 3473 4520 dasanctitatem.
3531 4448 4816 4538 Etdeprehensusmlomomasad,

2932 4537 3704 4621 populusautemoecivit.
3795 4539 3899 4605 42.
3957 4537 4420 4607 EtaitSaul:
4469 4540 4813 4607 Mamer

2939 4624 4814 4709 temt‘mermeetinterIomthanfiliummeum,etoep·

2941 4710 3534 4777 tusestIonathas.
3582 4709 3685 4776 43.
3725 4678 4905 4779 Dixitautemsauzadlonafioew

2947 4795 3178 4863 Indica
3232 4795 3389 4862 mihi
3443 4796 3599 4879 quid
3653 4796 4018 4896 feceri-&et
3961 4797 4373 4863 &indicavit
4434 4800 4501 4866 ei
4558 4793 4812 4867 lond-⁴⁶⁸,

2944 4884 3192 5034 35⁴2..
3232 4881 3981 5048 maffia&
4010 4883 4367 5044 ἴέἃῖώξ
4398 4884 4905 5129 &⁷⁹2⁶qu

2945 5053 3097 5204 24⁰5.
3125 5054 3337 5218 ἔω,
3349 5052 3437 5118 a
3379 5051 4133 5221 ffssffffiffmm
4121 5054 4605 5207 m&
4647 5052 4811 5204 Dte?

2948 5245 3067 5308 que
3117 5224 3398 5309 populus
3379 5159 3547 5290 Quod
3611 5222 3800 5291 Sana.-
3864 5224 4119 5311 Erqone
4184 5224 4499 5294 Ionam
4558 5224 4807 5295 monim
