5059 6059
923 302 1045 369 ‘111

923 491 1262 559 nitentiam
1298 488 1677 557 revocandi:
1724 487 2266 572 quemadmodum
2303 490 2497 554 etiam
2536 488 2837 571 deinceps

926 577 1006 642 ad
1082 576 1408 641 meliorem
1466 582 1751 641 mentem
1810 574 2019 640 rediit.
2105 572 2255 655 Qua
2295 575 2365 640 in
2408 596 2480 641 re
2523 576 2599 641 fit
2639 575 2836 639 etiam

926 663 1265 744 conspicua
1319 659 1685 727 sollicitudo
1743 670 1807 725 et
1863 680 2018 726 cura
2060 680 2247 743 quam
2294 659 2475 725 Elias
2515 659 2714 725 habet
2756 657 2836 724 de

920 746 1178 831 populo.
1262 746 1434 812 Nam
1489 766 1691 829 quum
1745 747 1978 811 iterum
2035 752 2203 812 esset
2257 756 2556 830 precatus
2598 743 2834 822 Deum,

921 831 1157 917 populo
1200 831 1500 898 fertilitas
1543 830 1922 911 restituitur,
1967 839 2032 896 et
2065 831 2249 897 bonis
2284 837 2496 897 terrae
2530 838 2596 895 et
2628 829 2835 896 abun-

923 918 1102 984 danti
1167 925 1492 1002 proventu
1556 918 1863 983 refieitur.
1950 916 2064 982 Sic
2128 916 2484 982 notandum
2549 924 2649 982 est
2714 912 2835 981 Sa·

919 1003 1200 1069 muelem
1226 1002 1442 1068 Deum
1472 1010 1847 1086 precantem
1881 1022 1997 1084 pro
2040 1001 2399 1067 excitandis
2444 1000 2834 1079 tonitrubus,

923 1098 990 1155 et
1031 1087 1459 1154 immittendis
1502 1088 1737 1170 pluviis
1782 1086 1948 1152 nihil
1991 1087 2314 1153 remisisse
2354 1085 2434 1152 de
2469 1086 2682 1152 studio
2717 1106 2836 1151 suo

922 1182 988 1239 et
1045 1174 1308 1323 egrsdgia
1366 1171 1700 1239 voluntate
1757 1192 1912 1256 erga
1955 1172 2280 1256 populum,
2336 1173 2518 1238 cuius
2561 1172 2836 1237 terrenis

923 1278 1137 1326 comm
1224 1260 1280 1324 is
1316 1279 1444 1324 non
1481 1258 1701 1323 minus
1736 1278 1928 1340 quam
1966 1257 2221 1323 animae
2252 1258 2443 1323 saluti
2467 1256 2839 1335 studuisset,

926 1354 993 1411 et
1049 1364 1211 1427 quae
1269 1364 1387 1427 pro
1444 1343 1694 1407 viribus
1736 1343 1873 1408 suis
1916 1350 2334 1426 procurasset,
2392 1344 2448 1408 si
2490 1340 2680 1407 modo
2723 1362 2836 1424 po·-

921 1430 1117 1514 pulus
1179 1428 1508 1494 voluntati
1578 1427 1849 1493 Domini
1911 1448 2053 1494 sese
2116 1427 2392 1494 libenter
2443 1426 2836 1503 subiecisset,

925 1527 1117 1597 atque
1162 1513 1700 1597 tranquillitatem
1735 1523 1802 1578 et
1839 1514 2119 1596 quietem
2154 1513 2358 1596 ipsius
2394 1513 2837 1596 quaesivisset.

927 1598 1058 1667 Sed
1115 1620 1310 1682 quum
1369 1599 1670 1684 castigari
1728 1598 2036 1681 populum
2088 1598 2295 1682 petiit,
2354 1618 2607 1664 summo
2659 1597 2838 1661 illius

924 1686 1092 1753 bono
1129 1684 1370 1750 factum
1416 1693 1533 1750 est.
1619 1684 1861 1767 Ecquis
1897 1685 2067 1749 enim
2105 1681 2278 1748 dicat
2310 1693 2561 1767 patrem
2599 1681 2837 1747 habere

924 1771 1130 1837 filium
1174 1790 1363 1836 suum
1409 1768 1572 1849 odio,
1614 1789 1803 1852 quem
1850 1769 2052 1853 virgis
2096 1768 2347 1835 caedit?
2433 1768 2676 1833 Annon
2721 1787 2836 1852 po-

926 1857 1057 1923 tius
1121 1875 1338 1921 amore
1404 1863 1673 1938 paterno
1737 1854 1817 1918 ad
1883 1853 2058 1920 illam
2118 1855 2563 1920 coercitionem
2606 1851 2837 1935 impel-

925 1940 1128 2007 litur?
1220 1938 1331 2007 Sic
1373 1940 1669 2005 videmus
1710 1938 1974 2004 Heliam
2019 1947 2086 2004 et
2126 1939 2496 2005 Samuelem
2542 1959 2672 2005 non
2715 1938 2837 2003 mi-

923 2047 1051 2091 nus
1095 2046 1349 2092 amasse
1383 2024 1714 2108 populum,
1759 2045 1958 2107 quum
1997 2024 2112 2089 tali
2146 2025 2495 2091 severitate
2528 2023 2840 2089 adversus

924 2111 1112 2176 illum
1179 2112 1277 2175 usi
1344 2109 1547 2176 sunt?
1636 2108 1812 2190 Quin
1879 2109 2077 2174 etiam
2139 2110 2204 2174 id
2260 2110 2474 2193 ipsum
2521 2112 2593 2173 in
2634 2106 2840 2175 Paulo

921 2195 1346 2279 'contemplari
1391 2195 1562 2260 licet.
1652 2193 1909 2262 Scimus
1950 2195 2121 2260 enim
2158 2196 2435 2261 Paulum
2469 2195 2669 2260 fuisse
2702 2214 2838 2259 om·

926 2284 1106 2347 nium
1150 2281 1483 2346 hominum
1528 2280 2091 2363 patientissimum,
2148 2279 2550 2364 facillimum,
2594 2289 2662 2344 et
2702 2288 2841 2344 stu-

926 2366 1359 2432 diosissimum
1414 2364 1720 2431 ecclesiae
1777 2366 1923 2445 Dei,
1993 2386 2068 2432 ac
2125 2365 2699 2449 propensissimum
2758 2363 2839 2429 ad

927 2451 1235 2534 cuiusque
1313 2449 1714 2517 commodum
1794 2457 1861 2515 et
1935 2451 2280 2516 utilitatem
2345 2449 2837 2533 procurandam.

926 2536 1052 2602 Ille
1093 2544 1310 2601 tamen
1357 2534 1879 2601 animadvertens
1920 2554 2103 2601 suam
2143 2536 2544 2601 vocationem
2583 2534 2843 2618 despici,

931 2630 999 2687 et
1033 2621 1253 2687 venire
1287 2622 1356 2685 in
1391 2628 1850 2704 contemptum,
1893 2641 2207 2704 suamque
2241 2619 2602 2686 doctrinam
2640 2620 2842 2685 veluti

930 2718 1256 2773 mortuam
1313 2706 1558 2785 iacere:
1624 2705 1790 2788 quod
1846 2726 1999 2790 prae
2057 2726 2129 2771 se
2183 2705 2347 2771 nihil
2403 2706 2840 2789 magnificum,

929 2792 1041 2858 sed
1112 2811 1428 2857 summam
1499 2790 1912 2876 fragilitatem
1983 2799 2048 2855 et
2115 2791 2566 2856 infirmitatem
2623 2789 2841 2869 ferret,

928 2876 1052 2942 ait:
1121 2874 1293 2957 Quid
1360 2874 1611 2942 vultis?
1675 2895 1821 2941 cum
1880 2876 2071 2961 virga
2130 2876 2388 2941 veniam
2432 2875 2513 2941 ad
2559 2897 2690 2956 vos,
2755 2896 2839 2940 an

928 2983 1073 3030 cum
1140 2960 1453 3027 caritate?
1519 2981 1683 3044 quae
1746 2981 1877 3026 vox
1942 2972 2161 3025 tamen
2228 2960 2666 3044 metaphorica
2722 2969 2840 3037 est,

927 3047 1114 3131 quasi
1158 3045 1428 3112 diceret:
1472 3047 1615 3130 Ego
1663 3045 1976 3112 hactenus
2019 3045 2200 3112 omni
2241 3046 2548 3112 facilitate
2582 3055 2647 3111 et
2681 3046 2840 3111 leni·

928 3141 1062 3197 tate
1126 3152 1270 3196 sum
1334 3152 1491 3197 usus
1555 3152 1711 3214 erga
1763 3151 1899 3210 vos,
1964 3141 2038 3196 ut
2087 3130 2167 3197 ad
2223 3129 2580 3196 Dominum
2637 3131 2840 3197 addu-

929 3238 1176 3284 cerem:
1235 3237 1353 3301 ego
1406 3215 1658 3282 blandis
1713 3223 1778 3281 et
1833 3214 2094 3281 mellitis
2136 3217 2559 3295 sermonibus,
2617 3215 2680 3280 id
2722 3226 2839 3299 est,

930 3301 1184 3368 blandis
1225 3300 1784 3368 exhortationibus
1826 3309 1892 3365 et
1932 3300 2154 3367 amicis
2195 3302 2463 3368 vocibus
2509 3321 2625 3366 vos
2666 3322 2842 3368 com·-

930 3387 1188 3471 pellavi.
1274 3386 1417 3451 Iam
1477 3406 1630 3451 vero
1671 3407 1870 3469 quum
1916 3407 2030 3452 vos
2073 3387 2473 3452 refractarios
2519 3396 2585 3451 et
2621 3396 2843 3453 contu-

930 3493 1147 3540 maces
1211 3470 1485 3551 videam,
1550 3479 1616 3536 et
1677 3492 1717 3537 a
1772 3469 1954 3537 vobis
2007 3472 2131 3538 Dei
2185 3471 2454 3538 verbum
2496 3471 2841 3556 contemni,

935 3557 1090 3642 quid
1132 3556 1306 3622 aliud
1350 3558 1510 3622 mihi
1554 3563 1865 3640 superest,
1909 3576 2102 3657 quam
2145 3565 2220 3622 ut
2262 3556 2347 3623 ad·
2378 3578 2494 3624 vos
2537 3579 2682 3624 cum
2730 3556 2841 3623 ba·

935 3642 1079 3710 culo
1157 3641 1459 3708 veniam?
1564 3643 1772 3708 Porro
1827 3642 1954 3708 Dei
2011 3641 2295 3721 verbum,
2354 3652 2420 3707 et
2474 3643 2690 3710 cultus
2742 3644 2840 3725 ip-

937 3728 1093 3811 sius,
1135 3728 1429 3811 servique
1468 3726 1594 3792 Dei
1637 3735 2159 3805 contemnuntur,
2202 3747 2403 3811 quum
2446 3749 2577 3793 non
2610 3737 2842 3812 sponte

941 3833 1082 3878 sese
1143 3812 1431 3896 ipsorum
1487 3812 1816 3879 doctrinae
1875 3813 2171 3879 homines
2212 3812 2578 3879 subiiciunt.
2665 3813 2842 3879 Hinc

940 3897 1156 3980 itaque
1197 3895 1567 3964 discendum
1613 3908 1728 3979 est,
1769 3897 1911 3963 Deo
1956 3896 2147 3963 dante
2191 3899 2374 3965 nobis
2417 3920 2572 3965 suae
2617 3899 2845 3966 volun-

941 3983 1092 4049 tatis
1137 3983 1592 4062 testimonium,
1637 3993 1704 4048 et
1744 4003 1863 4049 nos
1907 3983 2308 4049 familiariter
2349 3993 2422 4048 ut
2456 3994 2640 4067 patre
2674 3983 2844 4049 filios

942 4066 1306 4150 alloquente
1339 4074 1618 4134 attentos
1652 4089 1791 4134 esse
1824 4078 2119 4151 oportere
2155 4080 2217 4134 et
2250 4069 2455 4152 ipsius
2485 4068 2844 4136 doctrinam

941 4153 1035 4218 ita
1085 4152 1389 4235 recipere,
1456 4161 1529 4219 ut
1583 4154 1768 4220 nobis
1810 4155 1896 4219 sit
1937 4154 2146 4220 instar
2186 4155 2466 4239 regulae,
2532 4154 2611 4219 ad
2653 4174 2846 4240 quam

2429 372 2436 377 ‚
2538 299 2943 375 HOMILIA
2985 303 3246 370 XLIII.

4682 300 4766 365 712

2937 490 3394 559 revelationem
3448 489 3753 556 habuisse
3797 486 3972 553 istud
4015 484 4400 552 miraculum
4444 494 4773 552 eventurum.

2935 578 3020 643 In
3077 594 3205 661 quo
3264 575 3389 643 duo
3444 584 3601 642 sunt
3641 575 3827 641 nobis
3869 570 4298 639 observanda:
4361 570 4625 654 primum
4657 570 4776 637 nihil

2937 673 3180 729 temere
3224 660 3728 747 aggrediendum
3774 667 3839 725 et
3881 658 4056 723 ultra
4098 659 4270 725 vires
4314 655 4695 722 tentandum:
4724 668 4773 721 ut

2935 747 3130 814 multi
3192 746 3457 814 fanatici
3509 746 3720 813 solent
3778 745 3858 812 de
3915 743 4246 809 miraculis
4289 741 4649 825 quibusdam
4682 742 4773 825 glo·

2934 833 3111 910 riari,
3168 842 3235 898 et
3276 834 3496 899 futura
3535 829 3851 915 quaedam
3897 828 4296 912 praedicere:
4354 848 4544 910 quam
4584 828 4775 891 temeri·

2936 927 3135 984 tatem
3173 919 3353 985 Deus
3389 916 3636 996 irridet,
3670 927 3738 981 et
3771 918 3988 981 inusta
4022 914 4349 980 dedecoris
4378 920 4533 978 nota
4551 911 4776 995 castigat.

2935 1002 3156 1084 Quare
3198 1004 3522 1069 discamus
3565 1010 3824 1068 nostrae
3856 999 4207 1066 vocationis
4243 999 4483 1064 limites
4515 1005 4578 1062 et
4606 998 4779 1062 medio·

2935 1088 3183 1156 critatis
3226 1089 3387 1155 fines
3434 1108 3561 1153 non
3605 1086 3847 1172 egredi.
3933 1085 4278 1150 Praeterea
4322 1083 4402 1149 de
4445 1082 4571 1147 Dei
4608 1083 4778 1148 volun·

2936 1183 3071 1242 tate
3128 1184 3334 1240 certos
3377 1172 3641 1240 Samuel
3686 1171 3875 1237 docet
3915 1191 4034 1236 suo
4081 1168 4377 1253 exemplo
4422 1167 4779 1234 nihilominus

2936 1260 3152 1325 Deum
3246 1260 3514 1343 precari.
3601 1258 3766 1323 Nam
3871 1264 4203 1339 acceperat
4291 1277 4371 1319 ex
4460 1254 4782 1320 revelatione

2936 1344 3150 1411 Deum
3187 1354 3252 1408 et
3288 1346 3574 1411 tonitrua
3608 1354 3673 1407 et
3708 1342 3961 1425 pluvias
3998 1340 4165 1407 velle
4198 1342 4482 1422 mittere,
4524 1347 4590 1405 et
4617 1350 4783 1403 tamen

2939 1451 3177 1514 magno
3221 1431 3445 1496 ardore
3486 1428 3699 1494 Deum
3746 1436 4062 1512 precatur,
4121 1435 4186 1491 et
4228 1424 4397 1508 quod
4443 1423 4785 1509 praedixerat

2938 1516 3132 1580 enixe
3174 1515 3339 1599 petit
3380 1521 3455 1581 ut
3496 1513 3783 1598 impleat.
3868 1511 4058 1579 Unde
4101 1520 4387 1595 apparet,
4434 1530 4555 1575 nos
4585 1509 4711 1577 licet
4732 1507 4786 1574 de

2937 1601 3067 1666 Dei
3108 1600 3444 1667 voluntate
3486 1599 3691 1666 factos
3733 1599 4054 1674 certiores,
4120 1617 4252 1663 non
4295 1607 4591 1680 oportere
4628 1604 4787 1660 tamen

2938 1686 3009 1751 in
3067 1684 3386 1768 precando
3442 1705 3581 1751 esse
3637 1681 3976 1767 languidos
4030 1691 4097 1748 et
4150 1684 4479 1748 remissos.
4563 1679 4788 1746 Tandem

2941 1771 3177 1836 dicitur
3223 1772 3500 1853 populus
3552 1769 3835 1835 timuisse
3887 1767 4175 1835 Iehovam
4229 1773 4285 1833 et
4344 1765 4709 1833 Samuelem,-
4745 1776 4790 1828 ut

2941 1856 3281 1922 doceamur
3322 1856 3498 1921 illius
3541 1853 3840 1937 exemplo
3884 1852 4038 1936 quid
4082 1852 4270 1919 nobis
4312 1854 4606 1918 futurum
4644 1853 4727 1933 sit,
4755 1850 4789 1912 si

2941 1940 3066 2006 Dei
3125 1962 3347 2009 vocem
3406 1961 3537 2006 non
3593 1939 3956 2004 audiamus.
4040 1939 4204 2003 Nam
4264 1940 4320 2003 si
4376 1937 4650 2021 populns
4684 1937 4792 2000 adeo

2940 2037 3294 2093 contumax
3349 2035 3417 2092 et
3471 2026 3559 2090 im
3643 2025 3822 2103 obus,
3877 2022 4137 2088 tandem
4197 2033 4418 2089 tamen
4482 2024 4604 2088 Dei
4652 2042 4792 2086 mauu

2942 2110 3222 2177 domitus
3264 2122 3379 2192 est,
3441 2111 3551 2194 qui
3640 2109 3926 2175 futurum
3971 2109 4154 2174 nobis
4197 2110 4665 2184 existimamus,
4710 2106 4794 2170 nisi

2940 2196 3155 2262 Deum
3199 2217 3315 2263 nos
3358 2196 3808 2278 alloquentem,
3869 2203 3935 2260 et
3977 2195 4174 2259 minis
4216 2197 4413 2260 etiam
4462 2204 4794 2260 coercentem

2943 2279 3299 2363 audiamus,
3355 2293 3422 2347 et
3479 2301 3551 2347 re
3608 2282 3750 2364 ipsa
3804 2278 4252 2345 ostendentem
4302 2300 4377 2345 se
4438 2300 4557 2344 nos
4596 2276 4793 2359 alloqui,

2943 2366 3093 2432 licet
3146 2386 3274 2433 non
3334 2366 3593 2450 quidem
3640 2386 3753 2430 ore
3796 2386 3933 2443 suo,
3977 2364 4089 2429 sed
4132 2385 4249 2447 per
4286 2386 4361 2431 os
4405 2385 4666 2429 suorum
4701 2383 4793 2427 scr·

2944 2473 3189 2523 vorum.
3237 2462 3305 2517 et
3335 2474 3451 2536 per
3484 2451 3644 2517 alias
3682 2449 4053 2518 creaturas?
4099 2448 4319 2531 Quare
4352 2452 4795 2533 quotiescunque

2941 2536 3125 2603 Deus
3201 2536 3436 2603 talibus
3508 2536 3716 2620 signis
3779 2547 3844 2600 et
3908 2536 4310 2601 documentis
4377 2536 4572 2601 nobis
4632 2552 4797 2599 aurem

2944 2621 3217 2702 vellicat,
3288 2644 3371 2688 ne
3433 2622 3505 2688 in
3573 2619 3918 2687 rebellione
3975 2633 4043 2685 et
4099 2622 4510 2687 contumacia
4565 2637 4798 2702 perseve-

2943 2728 3192 2773 remus:
3257 2707 3368 2773 sed
3408 2706 3634 2791 iugum
3676 2706 4035 2784 subeamus,
4081 2716 4146 2771 et
4187 2706 4438 2790 pudore
4484 2704 4687 2772 affecti
4720 2723 4798 2768 noe

2941 2792 3065 2875 ipsi
3125 2792 3576 2860 subiiciamus:
3635 2811 3909 2875 eumque
3972 2791 4064 2856 sic
4105 2794 4336 2857 timere
4380 2791 4711 2863 discamus,
4754 2800 4798 2851 ut

2944 2877 3138 2943 simul
3202 2879 3397 2943 etiam
3457 2900 3565 2944 eos
3622 2897 3779 2960 quos
3836 2876 4082 2943 miserit
4136 2877 4489 2943 timeamus
4546 2885 4610 2941 et
4655 2875 4800 2941 hono-

2947 2982 3181 3028 remus.
3266 2963 3493 3048 Neque
3536 2960 3710 3028 enim
3753 2962 3892 3027 sine
3933 2982 4126 3028 causa
4168 2962 4274 3027 hic
4308 2961 4559 3029 dicitnr
4591 2959 4802 3044 populus

2945 3047 3236 3115 timuisse
3280 3050 3591 3115 Iehovam
3631 3054 3698 3112 et
3744 3044 4145 3113 Samuelem:
4203 3046 4732 3131 quemadmodum
4761 3052 4802 3106 ot

2945 3131 3070 3197 alio
3126 3133 3267 3200 loco
3324 3134 3630 3201 Iehovam
3688 3143 3753 3198 et
3804 3133 4031 3197 Mosen
4091 3132 4384 3198 timuisse
4430 3133 4800 3215 praedicatur.

2943 3218 3217 3284 Minime
3280 3219 3345 3285 id
3402 3218 3656 3303 quidem
3716 3217 3898 3301 qnasi
3957 3236 3996 3279 a
4052 3240 4120 3283 se
4161 3219 4318 3300 ipsis
4360 3218 4589 3283 Moses
4629 3226 4686 3281 et
4722 3213 4800 3279 sa-

2944 3303 3117 3369 muel
3182 3304 3453 3370 timendi
3519 3303 3782 3382 fuerint,
3855 3300 3967 3367 sed
4028 3305 4326 3386 quoniam
4395 3304 4547 3368 Deo
4610 3301 4803 3368 fidelem

2942 3409 3204 3472 operam
3247 3390 3317 3455 in
3360 3389 3643 3539 regendo
3686 3389 3923 3472 populo
3956 3391 4447 3470 praestiterunt,
4488 3400 4560 3454 et
4591 3384 4803 3471 populun

2942 3494 3013 3539 se
3078 3474 3367 3557 ipsorum
3475 3475 3763 3541 octrinae
3828 3473 4156 3539 submisit:
4237 3488 4407 3559 quae
4468 3490 4683 3540 tamen
4718 3490 4805 3534 non

2942 3560 3231 3642 ipsorum
3274 3561 3554 3645 propria,
3600 3559 3713 3625 sed
3758 3558 4026 3642 spiritus
4068 3561 4292 3635 sancti,
4332 3560 4484 3626 fuit.

3112 3644 3255 3711 Iam
3305 3667 3455 3713 vero
3499 3652 3603 3712 etc.

3483 3934 3974 4018 HOMILIA
4019 3935 4333 4018 XLIII.

3118 4069 3219 4136 19.
3277 4068 3367 4136 Et
3425 4071 3592 4136 dixit
3646 4070 3975 4137 universus
4017 4070 4289 4152 populu-s
4343 4071 4435 4136 ad
4492 4067 4808 4136 Samala:

2958 4155 3090 4224 Ora
3142 4176 3268 4238 pro
3330 4156 3530 4227 servis
3589 4156 3717 4220 tuis
3773 4157 3859 4222 ad
3911 4155 4253 4222 Dominum
4295 4155 4511 4221 Deum
4550 4161 4723 4229 amu,
4767 4151 4809 4247 ql

945 4239 1150 4305 vitam
1207 4247 1492 4304 nostram
1548 4238 1913 4325 exigamus:
1967 4239 2247 4324 alioquin
2306 4240 2724 4307 metuendum
2769 4261 2853 4304 ne
2952 4263 3072 4308 non
3135 4241 3511 4307 moriamur.-
3587 4241 3948 4307 addidimus
4010 4243 4172 4307 enim
4232 4242 4554 4308 universis
4602 4240 4808 4322 pamm

954 4343 1101 4390 cum
1160 4323 1350 4408 virga
1405 4331 1472 4390 et
1526 4323 1755 4391 baculo
1807 4325 2043 4405 veniat,
2109 4346 2185 4392 ac
2224 4347 2375 4392 suas
2420 4334 2853 4410 tempestates,

2953 4328 3190 4394 nostris
3230 4326 3483 4406 malunt,
3525 4330 3596 4390 ut
3625 4331 3968 4409 peteremus
4007 4327 4183 4392 nobis
4221 4347 4445 4411 rcqem.
4536 4327 4635 4392 20.
4674 4320 4806 4389 Diffi

954 4409 1262 4493 tonitrua,
1306 4408 1655 4494 grandines
1699 4417 1765 4475 et
1803 4410 2059 4495 fulgura
2100 4411 2423 4489 immittat,
2466 4432 2542 4478 ac
2583 4432 2728 4477 eam
2763 4433 2859 4477 se·
2957 4418 3160 4480 auum
3205 4411 3459 4477 Samuel
3497 4410 3582 4477 ad
3604 4412 3946 4492 popuzum:
3990 4411 4193 4477 Nom
4225 4414 4457 4494 timere,
4502 4432 4610 4478 vos
4633 4405 4807 4492 fetidis

953 4494 1296 4561 veritatem
1354 4515 1544 4578 quam
1602 4515 1928 4561 meremur
1967 4496 2280 4574 ostendat,
2338 4503 2414 4561 ut
2455 4497 2656 4581 ipsius
2692 4496 2859 4563 iudi·
2955 4500 3314 4566 universum
3349 4497 3586 4564 malum
3626 4496 3769 4563 hoc.-
3829 4502 4244 4563 aerumnosa
4284 4498 4475 4564 nolite
4516 4497 4758 4563 remam
4776 4508 4804 4551 ⁰

1659 4579 1847 4662 Quod
1907 4582 1964 4648 si
2022 4581 2189 4661 forte
2240 4604 2359 4649 nos
2401 4601 2441 4647 a
2485 4583 2626 4648 Deo
2666 4585 2862 4649 casti·

955 4686 1099 4751 gari
1139 4665 1496 4749 contigerit,
1538 4664 1881 4750 Deumque
1926 4665 2120 4733 verbo
2156 4688 2274 4735 suo
2307 4668 2651 4735 conciliare
2685 4676 2864 4734 auto-

953 4750 1211 4817 ritatem
1271 4772 1309 4816 e
1365 4751 1560 4819 coelis
1615 4752 1917 4830 tonando,
1976 4752 2210 4819 saltem
2268 4753 2433 4837 quod
2479 4753 2586 4820 hic
2627 4752 2866 4821 dicitur

956 4834 1306 4902 imitemur.
1391 4837 1561 4905 Nam
1604 4837 1727 4903 etsi
1769 4838 2014 4903 mentio
2058 4837 2165 4903 hic
2207 4841 2321 4904 fiat
2362 4840 2757 4907 contumacis
2800 4850 2866 4904 ct

957 4921 1414 5007 incorrigibilis
1474 4923 1729 5006 populi:
1795 4934 2010 4988 tamen
2058 4922 2295 4991 dicitur
2335 4924 2556 4990 audito
2600 4927 2863 5004 tonitru,

955 5006 1250 5073 timuisse
1313 5006 1667 5074 Dominum
1736 5015 1805 5075 et
1867 5007 2259 5089 Samuelem,
2370 5010 2492 5075 uod
2553 5020 2867 5078 eventura

957 5089 1072 5157 illa
1104 5091 1548 5176 praedixisset.
1638 5093 1904 5160 Certum
1942 5102 2158 5161 autem
2197 5105 2296 5163 est
2385 5097 2703 5164 amuelem
2736 5100 2864 5163 ista

960 5182 1199 5243 temere
1231 5197 1363 5245 non
1391 5180 1860 5261 pronuntiasse,
1897 5187 1965 5247 et
1997 5201 2197 5265 quum
2231 5182 2442 5248 Deum
2473 5192 2862 5266 precaretur,

955 4579 1094 4681 ciis·
1127 4579 1572 4664 percellamur.

2958 4589 3121 4668 teryo
3176 4582 3457 4657 Domini,
3534 4583 3645 4649 sed
3705 4583 3924 4649 servite
3987 4581 4256 4649 Domino
4319 4584 4393 4649 in
4455 4583 4629 4649 ome
4680 4574 4805 4647 corde

2958 4674 3172 4736 vestro.
3250 4668 3353 4734 21.
3412 4666 3501 4735 Et
3563 4667 3743 4734 nolite
3781 4668 4088 4735 declinare
4115 4672 4264 4750 post
4302 4689 4495 4748 υαηα,
4553 4687 4696 4751 qma
4722 4680 4805 4728 m

2953 4754 3295 4839 proderunt
3353 4753 3540 4838 vobi-e,
3604 4773 3794 4836 neque
3846 4758 4054 4820 mevit
4109 4773 4239 4839 vos,
4303 4750 4803 4836 maiomam&

2961 4840 3065 4906 22.
3145 4837 3231 4903 Et
3306 4860 3427 4906 non
3485 4839 3863 4921 derelinquet
3922 4838 4236 4905 Dominus
4282 4842 4602 4921 populun·
4656 4851 4803 4905 m,

2949 4930 3690 5009 propternomensuum
3728 4921 4803 5009 magnumsquiaiuravitm

2957 5011 3160 5095 facere
3197 5030 3308 5077 vos
3345 5009 3472 5076 sibi
3504 5010 3826 5093 populum.

3133 5181 3208 5251 Si
3250 5183 3355 5251 cui
3396 5182 3703 5248 iniuriam
3746 5183 4104 5264 intulimus,
4166 5204 4309 5249 eam
4354 5190 4645 5267 oportere
4678 5194 4801 5245 com·
