5059 6059
797 311 926 381 251

801 499 1046 570 mentis
1112 502 1385 583 oportet,
1466 514 1637 579 quae
1684 492 1873 560 Deus
1927 491 2219 559 instituit
2274 498 2350 557 ut
2404 495 2619 579 magis
2675 514 2753 563 ae

804 586 1016 669 magis
1098 584 1165 649 in
1245 581 1371 648 fide
1464 579 1979 649 corroboremur.
2064 576 2395 660 Equidem
2468 600 2750 665 agnosco

803 672 973 756 legis
1029 666 1455 738 caeremoniis
1510 687 1633 732 nos
1684 665 1877 731 hodie
1935 683 2069 729 non
2129 662 2507 746 adstrictos,
2580 665 2752 749 quod

806 759 1100 843 ipsarum
1157 775 1392 837 corpus
1435 751 1746 818 Christus
1788 750 2192 834 apparuerit:
2255 770 2487 816 verum
2535 761 2752 817 tamen

807 854 877 910 et
933 841 1096 908 illud
1157 840 1513 913 fatendum,
1577 857 1696 902 nos
1738 855 1859 902 nec
1901 835 2172 919 angelos
2214 856 2377 915 esse,
2440 856 2563 902 nec
2605 858 2752 920 per-

806 930 1010 996 fectos
1053 925 1218 1000 adeo
1262 926 1424 1008 quin
1468 921 1616 990 duci
1663 920 1866 988 veluti
1910 922 2125 988 adhuc
2169 921 2452 988 infantes
2496 921 2580 988 ad
2625 922 2750 989 Dei

803 1013 1058 1083 cultum
1102 1031 1307 1076 manu
1351 1030 1471 1075 nos
1513 1018 1842 1094 oporteat:
1886 1029 1962 1074 ae
1997 1004 2269 1089 proinde
2304 1008 2625 1073 utendum
2670 1008 2754 1074 iis

803 1099 1109 1169 omnibus
1150 1094 1459 1163 subsidiis
1502 1116 1671 1178 quae
1694 1092 1879 1159 Deus
1922 1093 2062 1175 ipse
2106 1103 2368 1159 nostrae
2411 1093 2753 1161 imbecilli-

805 1186 962 1253 tatis
1024 1183 1189 1250 eatis
1252 1202 1499 1266 gnarus
1579 1179 1977 1264 suppeditat.
2063 1176 2320 1246 Idcirco
2397 1199 2603 1262 quum
2682 1180 2752 1245 in

806 1269 1146 1339 eeclesiam
1190 1281 1411 1335 coetus
1452 1265 1796 1334 christiani
1856 1265 2259 1329 conveniunt
2304 1264 2432 1330 Dei
2472 1265 2752 1332 verbum

809 1356 1119 1431 audituri,
1177 1363 1471 1419 mutuam
1517 1353 1691 1418 inter
1733 1370 1802 1416 se
1858 1349 2383 1416 coniunctionem
2442 1352 2754 1433 profiten-

808 1453 950 1509 tur:
996 1461 1218 1525 preces
1261 1459 1379 1523 pro
1423 1446 1564 1502 tota
1607 1435 1878 1501 ecclesia
1921 1433 2093 1518 apud
2118 1436 2333 1500 Deum
2354 1435 2753 1521 concipiunt,

810 1538 884 1596 ut
937 1526 1217 1612 gratiam
1273 1534 1343 1590 et
1397 1520 1911 1589 misericordiam
1981 1521 2122 1587 eius
2189 1541 2306 1603 per
2363 1530 2429 1586 et
2489 1532 2758 1606 propter

809 1633 1017 1680 unum
1088 1611 1311 1677 Iesum
1380 1608 1723 1675 Christum
1801 1619 2065 1672 nostrae
2134 1606 2365 1671 salutis
2436 1616 2755 1687 autorem,

807 1709 1329 1781 cousequantur:
1387 1705 1456 1759 et
1497 1693 1942 1772 sacramentis,
1993 1693 2551 1758 caeremoniarum
2600 1714 2757 1776 qua-

809 1785 959 1851 dam
1002 1784 1238 1866 specie,
1282 1779 1366 1846 ad
1409 1779 1606 1846 fidem
1651 1776 2124 1844 sublevandam
2169 1787 2467 1845 utuntur.
2550 1779 2757 1845 Porro

808 1894 864 2022 :¹
890 1869 1163 2022 31:33
1169 1865 1519 2018 ⁰1¹ns⁰2¹1¹2⁸21²3
1549 1866 2041 2033 &uzfi‘ssssffluff
2066 1873 2506 2017 3522?ssssss
2536 1873 2756 2017 ‘3323ss

808 2042 992 2127 plina
1031 2039 1215 2107 flocci
1259 2037 1434 2116 facit,
1490 2037 1710 2120 ecquis
1753 2056 1886 2101 non
1931 2035 2116 2101 illum
2162 2035 2291 2101 Dei
2348 2045 2759 2120 contempto·

809 2148 971 2205 rem,
1040 2123 1219 2191 verbi
1272 2145 1353 2189 ue
1399 2124 1901 2206 profanatorem,
1966 2141 2042 2186 ae
2098 2122 2374 2187 nimium
2415 2121 2760 2206 impuden-

810 2222 917 2278 ter
988 2212 1112 2278 hoo
1182 2211 1226 2276 fi
1275 2209 1394 2275 elis
1466 2209 1655 2275 titulo
1716 2207 2107 2291 gloriantem
2168 2207 2403 2272 merito
2470 2207 2756 2273 dixerit?

809 2298 905 2367 Ut
949 2297 1130 2363 verbi
1172 2296 1406 2381 gratia,
1448 2294 1561 2377 qui
1604 2292 2000 2376 baptismum
2060 2301 2173 2358 aut
2226 2312 2479 2359 sacram
2522 2293 2759 2359 eucha-

810 2384 1062 2452 ristiam
1130 2381 1525 2465 neglexerit,
1591 2390 1894 2446 causatus
1970 2376 2094 2444 sibi
2173 2379 2473 2445 sufficere
2537 2378 2758 2445 Deum

811 2481 1069 2555 patrem
1118 2467 1376 2546 habere,
1434 2475 1505 2530 et
1547 2465 1765 2532 Iesum
1811 2465 2152 2531 Christum
2210 2466 2476 2532 unicum
2535 2485 2756 2531 serva·

814 2566 1044 2637 torem,
1101 2573 1322 2618 annon
1367 2561 1689 2635 quatenus
1731 2561 2136 2617 santamente
2180 2549 2449 2632 respuit,
2506 2553 2757 2635 gratiae

814 2641 940 2707 Dei
982 2640 1175 2724 sigua
1215 2649 1283 2704 et
1329 2647 1631 2715 tesseras,
1676 2637 1818 2704 siue
1853 2636 2087 2719 quibus
2120 2635 2203 2701 ad
2247 2638 2467 2718 ipsum
2511 2637 2758 2701 nemini

900 2735 995 2791 tet
1036 2722 1269 2797 aditus.
1314 2725 1547 2789 merito
1583 2722 1711 2788 Dei
1754 2732 2161 2804 contemptor
2201 2730 2269 2786 et
2301 2720 2605 2787 iuimicus
2642 2722 2757 2787 ha·

897 2810 1062 2877 udus
1117 2809 1262 2878 est?
1322 2809 1642 2893 Quisquis
1700 2807 1874 2872 euim
1932 2807 2371 2874 instrumenta
2425 2807 2617 2873 nobis
2674 2806 2759 2874 ad

812 2897 1089 2966 salutem
1137 2895 1657 2978 consequendam
1695 2893 1864 2972 data,
1901 2914 2093 2977 quam
2118 2893 2408 2977 alioquin
2431 2913 2515 2958 ne
2540 2902 2759 2962 mente

812 2983 1075 3068 quidem
1113 3002 1464 3067 possumus
1505 2980 1783 3064 assequi,
1827 2979 2163 3062 multoque
2184 2980 2405 3046 minus
2441 2977 2758 3059 obtinere,

812 3068 941 3136 nisi
987 3068 1121 3134 illis
1167 3066 1399 3133 mediis
1434 3065 1833 3150 pedetentim
1878 3064 1959 3130 ad
1997 3065 2215 3131 Deum
2255 3064 2459 3131 veluti
2493 3064 2757 3147 quibus-

814 3154 964 3221 dam
1006 3152 1319 3238 gradibus
1359 3153 1840 3236 perveniamus,
1884 3171 2151 3218 securus
2191 3150 2674 3234 contempserit,
2719 3171 2760 3216 a

812 3239 959 3307 Deo
1003 3240 1263 3306 alienus
1303 3251 1406 3305 est
1446 3239 1719 3321 eiusque
1761 3237 1976 3321 gratia
2017 3236 2346 3322 indignus.

985 3326 1075 3391 Et
1123 3325 1204 3391 de
1247 3323 1582 3391 sacrificiis
1624 3322 1887 3407 quidem
1933 3322 2286 3388 hactenus:
2331 3322 2466 3389 iam
2508 3342 2760 3406 expen-

815 3412 1029 3480 denda
1075 3409 1280 3477 verba
1322 3411 1456 3486 illa,
1499 3408 1736 3493 quibus
1779 3407 2017 3474 dieitur
2060 3409 2310 3474 Elcana
2354 3418 2498 3493 post
2555 3407 2756 3475 sacri-

812 3500 960 3566 fieia
1005 3497 1337 3565 Panium
1375 3496 1570 3562 uxori
1626 3499 1680 3561 et
1721 3493 2007 3562 omnibus
2060 3494 2222 3575 filiis
2278 3495 2416 3561 eisc-s
2470 3514 2546 3561 ao
2583 3493 2758 3575 filia-

813 3584 929 3652 bus
960 3588 1181 3665 partes
1219 3583 1481 3656 dedisse,
1539 3580 1769 3646 Annae
1819 3600 1964 3646 vero
1994 3581 2211 3662 priori
2264 3581 2461 3648 uxori
2505 3585 2758 3663 partem

813 3669 1260 3735 humandam.
1351 3667 1540 3749 Quae
1586 3676 1915 3749 postrema
1959 3665 2161 3731 verba
2206 3668 2384 3732 varie
2428 3667 2509 3733 ab
2553 3668 2757 3732 inter-

816 3753 1115 3842 pretibus
1158 3762 1595 3838 exponuntur.
1686 3751 1821 3817 Alii
1876 3752 2073 3833 enim,
2131 3750 2455 3834 duplicem
2514 3754 2756 3837 portio-

817 3859 972 3993 ¹:15?
981 3837 2443 4005 5332?¹22·1.{25.⁶.²⁶ss2.3332.;¹⁰f303²⁸531¹323‘
2452 3837 2758 4008 &⁰53⁶ss

816 4010 1061 4076 tionem
1120 4011 1392 4076 electam
1451 4017 1722 4076 vortunt
1780 4008 1950 4092 quod
2019 4010 2231 4093 magis
2286 4029 2432 4076 eam
2505 4019 2761 4076 amaret

863 4117 1011 4162 uam
1059 4096 1449 4162 Peninnam.
1522 4094 1678 4171 Alii,
1724 4096 2091 4178 portionem
2137 4099 2372 4161 Annae
2416 4097 2617 4162 fuisse
2659 4096 2760 4161 illi

815 4119 1041 4248 datam
1084 4182 1217 4246 alia
1262 4182 1513 4246 ratione
1555 4201 1749 4262 quam
1795 4180 1973 4246 aliie:
2016 4181 2201 4264 quasi
2246 4181 2420 4265 quod
2455 4182 2759 4247 Peniuna

813 4267 1059 4334 liberos
1105 4267 1394 4347 haberet,
1451 4264 1729 4350 singulis
1771 4286 1956 4331 suam
2018 4278 2269 4350 partem
2315 4267 2755 4344 distribueret,

817 4356 1056 4420 Annae
1111 4374 1296 4429 vero,
1356 4372 1520 4435 quae
1589 4351 1731 4418 sola
1798 4361 1969 4418 esset
2035 4361 2102 4418 et
2156 4352 2444 4431 seclusa,
2504 4363 2757 4437 partem

818 4439 1060 4505 amoris
1103 4440 1367 4523 siguum
1411 4447 1725 4503 servaret.
1816 4436 1951 4518 Qui
2006 4459 2237 4504 sensus
2292 4439 2454 4504 mihi
2511 4461 2761 4506 accom-

818 4524 1305 4592 modatissimus
1330 4524 1588 4590 videtur
1629 4532 1698 4589 et
1716 4523 2257 4606 simplicissimus,
2303 4546 2437 4589 non
2471 4528 2760 4609 potuisse

822 4617 1055 4676 Annae
1098 4610 1274 4675 mitti
1319 4624 1573 4694 partes,
1632 4616 1704 4673 ut
1759 4609 1949 4674 alteri
1992 4630 2160 4693 quae
2220 4611 2492 4676 multam
2535 4632 2758 4678 secum

819 4696 1131 4762 familiam
1179 4697 1499 4774 trahebat,
1544 4715 1621 4759 ac
1644 4694 1915 4777 proinde
1959 4715 2091 4760 non
2128 4696 2416 4779 potuisse
2442 4696 2757 4763 Elcanam

816 4802 1105 4848 amorem
1154 4803 1346 4847 suum
1394 4803 1551 4865 erga
1591 4781 1803 4863 ipsam
1856 4782 2205 4860 testificari,
2264 4782 2434 4865 quod
2495 4796 2762 4868 propter

816 4867 1235 4934 sterilitatem
1280 4869 1362 4933 ab
1421 4868 1569 4932 aliie
1615 4865 1820 4932 veluti
1878 4866 2338 4934 secluderetur.
2430 4868 2621 4950 Quae
2679 4870 2761 4936 de

822 4954 1116 5035 partibus
1160 4954 1486 5033 dicuntur,
1544 4952 1627 5017 ad
1670 4950 1838 5035 legis
1892 4955 2091 5016 ritum
2148 4955 2499 5036 pertinent.
2587 4955 2760 5022 Nam

824 5040 1007 5105 Deus
1048 5053 1258 5105 certas
1302 5041 1479 5124 leges
1522 5041 1591 5105 in
1638 5037 1976 5104 sacrificiis
2019 5039 2276 5116 tulerat,
2320 5060 2597 5123 quarum
2644 5042 2761 5107 El·

818 5144 986 5191 caua
1026 5147 1153 5191 uon
1206 5136 1349 5192 erat
1402 5123 1768 5210 imperitus.
1859 5122 2151 5191 Oedebat
2209 5126 2382 5190 enim
2443 5128 2763 5194 sacerdoti

818 5231 939 5277 sua
980 5212 1222 5295 portio:
1265 5211 1501 5279 deiude
1543 5209 1658 5295 qui
1702 5211 2090 5277 sacrificium
2138 5211 2480 5293 obtulerat,
2541 5224 2763 5297 partes

2559 303 2973 374 HommA
3013 305 3069 372 Ι.

2855 493 3082 562 amicis
3140 492 3337 560 dabat
3355 543 3372 571 ,
3444 500 3512 559 et
3568 493 3638 558 in
3698 490 3973 559 Domini
4024 499 4375 576 conspectu
4432 512 4572 559 cum
4619 494 4748 579 ip&

2855 579 3097 646 festum
3143 578 3455 663 agitabat.
3546 576 3659 645 Sic
3695 579 3901 663 igitur
3943 577 4196 645 Elcana
4237 577 4532 645 sacrificii
4570 591 4748 664 partes

2856 664 3375 733 administrabat.
3489 664 3767 732 Liberos
3850 664 4113 747 quidem
4198 664 4534 748 oportebat
4605 666 4747 734 domi

2857 750 3049 818 edere
3106 752 3189 818 de
3245 750 3598 834 sacrificio,
3656 750 4084 816 nihilomiuus
4153 749 4317 833 ipsis
4379 749 4602 816 matris
4657 761 4747 820 aut

2858 838 3136 904 aliorum
3162 848 3384 922 partes
3427 835 3701 902 minime
3728 834 4066 903 cedebant.
4128 833 4246 902 Sic
4265 835 4502 902 Annae
4539 835 4750 904 victum

2858 924 3077 1002 etiam,
3136 932 3217 989 ut
3275 921 3442 1001 aliis,
3498 922 3789 1006 oportuit
3843 921 4209 987 ministrari
4266 921 4423 988 licet
4477 921 4749 990 seclusae:

2856 1008 2972 1075 sed
3017 1018 3236 1075 umen
3281 1007 3407 1074 soli
3449 1028 3603 1091 pars
3663 1007 3961 1085 dabatur,
4019 1027 4151 1090 qua
4205 1014 4575 1074 contentam
4621 1030 4750 1088 esse,

2858 1103 2927 1161 et
2969 1094 3243 1160 eandem
3286 1093 3442 1160 alibi
3499 1114 3698 1176 quam
3754 1093 3828 1159 in
3870 1092 4145 1158 Domini
4201 1112 4359 1158 cons
4596 1092 4750 1161 edere

2859 1181 3172 1265 oportuit.
3259 1180 3441 1246 Hinc
3484 1178 3663 1245 illius
3707 1179 3997 1254 tristitia,
4029 1176 4202 1261 quod
4249 1177 4514 1261 reliquis
4552 1178 4615 1245 in
4651 1178 4752 1246 Dei

2857 1273 3241 1350 conspectu,
3295 1286 3385 1331 ex
3441 1264 3571 1331 Dei
3626 1264 3772 1350 lege
3813 1262 4265 1341 vescentibus,
4328 1262 4445 1330 illa
4484 1264 4750 1348 quodam-

2855 1351 3047 1419 modo
3090 1351 3438 1417 exsularet.

3027 1436 3361 1503 Dicuntur
3421 1457 3572 1502 vero
3625 1435 3755 1518 filii
3805 1434 3945 1510 Eli,
4013 1455 4206 1518 qum
4250 1433 4508 1503 Eleum
4556 1435 4754 1501 veniret

2858 1522 2944 1589 ad
2983 1522 3469 1606 sacrificandum
3498 1521 3703 1605 fuisse
3721 1522 4064 1589 saeoedotio
4104 1521 4326 1604 functi.
4394 1519 4576 1602 Quae
4595 1519 4756 1586 verbs

2859 1608 3147 1674 notanda
3203 1619 3376 1686 sunt,
3432 1627 3585 1674 nam
3637 1608 3940 1692 deinceps
3993 1605 4363 1674 videbimus
4420 1605 4564 1672 illos
4611 1605 4757 1672 omni

2860 1693 3111 1760 abiecto
3153 1692 3404 1775 pudore
3447 1691 3871 1777 depravatos:
3915 1704 3992 1759 ut
4031 1694 4142 1776 qui
4187 1692 4316 1759 Dei
4359 1691 4758 1759 sanctuarium

2859 1780 2927 1844 in
2973 1778 3321 1845 latrocinia
3364 1779 3829 1857 converterint,
3873 1778 4226 1862 assumptis
4268 1788 4497 1844 contra
4535 1777 4653 1844 Dei
4686 1777 4756 1843 le-

2861 1885 3011 1949 gem
3056 1864 3137 1931 de
3181 1865 3516 1932 sacrifieiis
3567 1884 4008 1948 quaecumque
4059 1864 4423 1930 voluissent
4478 1862 4754 1948 partibus:

2861 1951 3364 2018 scortationibus
3407 1951 3476 2016 id
3523 1950 3889 2027 infecerint,
3935 1959 4165 2035 stupro
4208 1949 4395 2016 illato
4441 1949 4757 2033 virginibus

2861 2057 3030 2120 quae
3084 2035 3475 2103 adoraturae
3532 2036 4019 2104 convenissent.
4106 2034 4296 2117 Quae
4353 2035 4629 2102 filiorum
4677 2033 4760 2100 Eli

2862 2124 3001 2189 vita
3039 2123 3303 2207 profusa
3346 2133 3416 2188 et
3472 2122 3873 2198 detestanda,
3917 2133 4251 2206 quantum,
4308 2141 4570 2205 quaeso,
4607 2119 4758 2186 Ela-

2863 2228 2985 2274 nae
3048 2218 3114 2273 et
3177 2208 3451 2275 caeteris
3516 2206 3600 2274 ad
3665 2207 4170 2274 sacrificandum
4245 2214 4317 2273 et
4403 2205 4757 2273 adorandum

2861 2294 3077 2361 Deum
3124 2293 3540 2361 Schiluntem
3596 2293 4032 2374 venientibus,
4089 2293 4301 2377 potuit
4341 2290 4758 2359 offendiculum

2860 2399 2938 2446 ac
2979 2379 3310 2446 fastidium
3356 2380 3816 2447 sacrificiorum
3875 2378 4149 2455 adferre,
4206 2399 4411 2461 quum
4469 2398 4574 2444 eos
4612 2375 4756 2442 vide-

2861 2475 3014 2531 rent
3077 2465 3239 2533 adeo
3307 2467 3633 2549 profusos,
3699 2466 3842 2532 sine
3905 2466 4069 2545 fide,
4135 2466 4319 2548 lege,
4389 2462 4757 2540 conscientia,

2863 2551 3072 2618 Deive
3115 2561 3316 2632 metu,
3362 2572 3523 2635 quos
3580 2551 3725 2617 aliis
3769 2550 3983 2618 omnis
4027 2550 4286 2635 pietatis
4345 2558 4417 2617 et
4457 2549 4758 2617 sanctimo-

2860 2638 3011 2703 niae
3053 2638 3357 2720 exemplo
3401 2637 3653 2721 praeire
3712 2635 4025 2703 decebat?
4088 2635 4538 2702 Nihilominus
4580 2645 4755 2699 tamen

2861 2720 2943 2789 ab
2986 2722 3237 2789 Elcana
3292 2730 3676 2806 superatum
3732 2721 3909 2787 istud
3971 2721 4441 2788 offendiculum
4486 2720 4754 2788 videmus.

2861 2809 2954 2874 Et
2997 2808 3258 2891 quidem
3312 2808 3434 2874 hoc
3489 2807 3946 2876 observatione
4004 2808 4298 2893 dignum.
4385 2808 4563 2874 Hinc
4617 2805 4755 2871 enim

2861 2892 3239 2978 discendum
3267 2944 3284 2973 ,
3364 2893 3491 2960 etsi
3544 2894 3708 2960 vitia
3761 2894 3832 2960 in
3886 2892 4231 2976 quibusvis
4309 2891 4613 2960 detestari
4665 2909 4756 2955 nos

2861 2989 3140 3064 oportet,
3195 3001 3327 3046 non
3370 2978 3518 3046 ideo
3562 2987 3786 3046 tamen
3830 2978 4257 3046 resiliendum
4299 2999 4344 3044 a
4384 2978 4674 3054 coetibus,
4705 2982 4757 3038 et

2863 3068 3139 3133 veritate
3195 3086 3273 3131 ac
3330 3086 3495 3149 puro
3539 3066 3666 3132 Dei
3728 3065 3930 3145 cultu,
3989 3066 4046 3132 si
4102 3067 4216 3149 qni
4272 3066 4453 3131 inter
4507 3063 4756 3130 homines

2861 3152 3111 3236 pollent
3160 3152 3505 3219 autoritate
3561 3152 3847 3218 maxime
3899 3151 4227 3235 inquinati
4283 3159 4463 3217 sunt.
4548 3151 4672 3216 Aut
4713 3144 4756 3244 μ’

2864 3237 3051 3305 verbi
3107 3237 3316 3323 ipsius
3359 3238 3693 3305 ministros
3750 3238 4282 3320 conspexerimus
4333 3258 4457 3322 pro
4510 3250 4757 3300 muneris

2859 3324 2961 3390 sui
3007 3323 3324 3407 dignitate
3369 3345 3500 3389 non
3545 3324 4011 3391 convenienter
4070 3341 4148 3389 ac
4210 3322 4517 3389 decenter
4553 3322 4755 3396 vivers,

2859 3431 2995 3475 non
3039 3420 3255 3476 tamen
3303 3430 3343 3475 a
3387 3409 3667 3475 veritate
3724 3408 4057 3476 doetrinae
4117 3407 4571 3477 reoedendum.
4648 3402 4755 3469 Nes

2861 3497 3033 3562 enim
3061 3494 3185 3560 Dei
3232 3494 3512 3580 gloriam
3555 3516 3631 3563 ac
3676 3495 4019 3562 veritatem
4055 3515 4096 3560 a
4135 3494 4516 3561 mortalium
4557 3488 4755 3558 senefi-

2859 3589 2999 3647 tate
3043 3580 3328 3666 pendere
3371 3603 3492 3665 par
3533 3589 3652 3660 est,
3702 3590 3776 3647 ut
3820 3580 3922 3647 vel
3954 3591 4268 3662 augeatur
4310 3581 4420 3647 vel
4464 3580 4756 3645 minuatur

2860 3678 3053 3751 prout
3094 3667 3403 3734 mortales
3444 3676 3671 3734 sancte
3716 3666 3822 3734 vel
3864 3666 4220 3733 effraenato
4262 3667 4471 3734 vitam
4525 3660 4754 3749 egerint

2861 3752 3086 3835 Quare
3123 3752 3339 3819 danda
3373 3753 3588 3820 omnis
3611 3774 3811 3836 opera
3832 3751 4077 3819 edoctis
4097 3752 4228 3820 viri
4259 3753 4456 3820 istius
4488 3746 4755 3829 exempla

2860 3860 2945 3905 ne
2988 3840 3058 3905 in
3119 3838 3305 3906 nobis
3362 3838 3556 3906 ardor
3608 3838 3723 3905 illo
3784 3838 4138 3920 deferveat,
4196 3859 4325 3923 quo
4385 3840 4459 3904 in
4511 3849 4754 3931 amore?

2861 3926 2990 3992 Dei
3033 3925 3190 3992 ferri
3232 3946 3353 3993 nos
3397 3926 3724 4007 convenit,
3781 3926 3936 3992 licet
3983 3934 4158 3990 totus
4213 3923 4575 3991 collabatur
4611 3919 4755 4017 vitm

2859 4011 3052 4090 orbis,
3111 4031 3188 4078 ac
3252 4033 3414 4095 quos
3472 4012 3790 4078 bonorum
3842 4032 4107 4094 operum
4169 4011 4487 4094 exemplis
4538 4019 4750 4092 praem

2860 4097 3127 4164 decebat
3165 4098 3343 4164 vitiis
3368 4098 3707 4164 immersos
3749 4107 3942 4181 atque
3983 4096 4404 4181 indulgentes
4447 4089 4751 4176 conspicis·

2860 4202 3038 4250 mus:
3093 4183 3214 4250 sed
3269 4192 3343 4250 ut
3386 4184 3604 4268 potius
3648 4184 3731 4251 ab
3773 4182 3907 4248 illis
3950 4184 4317 4250 secessione
4375 4183 4544 4251 faeta
4581 4193 4749 4262 quw·

2861 4280 3003 4335 tum
3061 4270 3132 4335 in
3189 4269 3378 4336 nobis
3431 4270 3556 4335 erit
3605 4271 3933 4353 impuram
3991 4270 4251 4336 illorum
4296 4267 4498 4335 vitam
4552 4275 4614 4331 et
4659 4280 4747 4324 ex·

2861 4356 3079 4438 empla
3122 4355 3333 4439 magis
3390 4375 3466 4420 ac
3521 4356 3732 4439 magis
3789 4355 4271 4434 abominemur,
4337 4355 4612 4420 scientes
4657 4362 4749 4411 οῦ·

2857 4440 3422 4592 sugemem
3465 4432 4750 4611 fflwmfflmgmrgffl

2860 4621 3055 4695 rupta
3098 4613 3274 4679 vitiis
3315 4622 3483 4693 ruat,
3544 4614 3672 4679 Dei
3715 4623 3937 4678 tamen
3993 4611 4264 4679 verbum
4324 4612 4499 4697 apud
4547 4610 4750 4678 oleum

2858 4698 3246 4782 dignitatem
3289 4719 3477 4766 suam
3519 4709 3587 4764 et
3629 4700 4082 4765 auctoritatem
4126 4698 4452 4765 retinebit.

3029 4785 3324 4850 anteris
3368 4806 3561 4868 porro
3603 4785 3671 4850 iu
3732 4784 3910 4850 aliud
3969 4795 4228 4867 tempus
4285 4785 4537 4852 reiectis
4587 4778 4747 4864 agito,

2858 4869 3112 4949 fratres,
3156 4891 3372 4937 coram
3418 4870 3543 4936 Dei
3591 4872 3796 4937 nostri
3831 4869 4080 4953 Optimi
4119 4871 4396 4936 Maximi
4438 4869 4748 4938 maiestate,

2860 4957 3016 5023 faeti
3059 4957 3401 5040 supplices.
3467 4965 3535 5022 et
3576 4967 3842 5040 peccata
3881 4955 4165 5022 confessi
4223 4976 4558 5040 precemur
4596 4962 4661 5016 ut
4691 4948 4747 5014 in

2863 5042 3001 5108 dies
3043 5044 3294 5109 maiora
3350 5043 3666 5109 faciamus
3719 5042 3789 5108 in
3834 5042 4037 5125 ipsius
4082 5043 4321 5109 timore
4376 5042 4745 5109 inm-emona,

2862 5147 2989 5211 quo
3034 5128 3220 5194 nobis
3262 5129 3425 5213 ipsis
3468 5140 3535 5194 et
3577 5129 3798 5211 pravis
3854 5128 4156 5195 omnibus
4209 5126 4654 5212 cupiditatibus
4694 5125 4747 5182 et

2865 5214 3206 5281 affectibus
3249 5217 3731 5293 renuntiantes,
3776 5214 4011 5298 quibus
4058 5223 4295 5281 natura
4330 5213 4526 5281 dediti
4546 5224 4747 5282 summ,
