5059 6059
733 320 867 388 591

741 509 989 576 nostris
1033 506 1388 574 benefactis
1434 525 1606 587 quae
1648 505 1810 587 ipsis
1854 524 1971 586 pro
2017 500 2210 567 malis
2264 502 2548 583 acceptis
2591 521 2695 565 re-

738 594 1110 680 pendimus.
1198 589 1395 673 Quod
1440 590 1715 672 pulchre
1759 588 1950 656 docet
1994 587 2282 663 Salomo,
2329 606 2536 669 quum
2581 587 2694 665 ait,

741 679 1102 747 benefactis
1146 676 1472 741 cumulari
1516 679 1834 741 carbones
1856 674 1929 739 in
1972 674 2422 756 improborum
2458 672 2693 755 capita.

740 763 1182 846 Quamobrem
1247 773 1591 826 teneamus
1646 769 1888 837 mente,
1957 780 2077 824 nos
2142 758 2398 823 collatis
2462 758 2534 820 in
2593 758 2696 821 in-

738 852 972 934 dignos
1013 848 1382 924 benefactis,
1429 847 1511 911 ad
1548 847 1885 911 meliorem
1926 857 2214 910 mentem
2237 845 2413 926 ipsos
2437 863 2697 921 vocare,

736 948 809 1002 et
852 955 1129 1018 pravum
1177 935 1473 998 animum
1520 953 1652 1016 quo
1711 932 1894 1014 prius
1938 929 2330 995 aestuabant
2382 940 2450 994 et
2505 927 2694 993 arde-

735 1023 899 1087 bant
919 1019 1215 1086 emollire
1260 1029 1327 1083 et
1363 1018 1754 1083 immutare:
1800 1017 1905 1081 sin
1928 1016 2170 1095 minus,
2211 1012 2696 1080 inexcusabiles

736 1107 915 1172 fieri:
964 1106 1314 1187 Deumque
1358 1123 1487 1168 non
1512 1122 1863 1186 passurum
1886 1103 2152 1166 inanem
2181 1101 2358 1165 hunc
2393 1113 2694 1165 nostrum

733 1192 1045 1258 affectum
1107 1211 1253 1256 esse
1310 1200 1378 1255 et
1430 1210 1703 1273 pronam
1761 1208 1920 1270 erga
1979 1186 2203 1250 hostes
2262 1185 2692 1261 voluntatem,

737 1277 853 1343 sed
878 1276 1268 1341 effecturum
1307 1288 1380 1339 ut
1402 1294 1565 1357 quos
1603 1273 1959 1339 benefactis
1984 1270 2336 1336 conciliare
2357 1268 2691 1336 studueri-

739 1385 905 1441 mus,
953 1362 1059 1425 vel
1107 1362 1473 1435 mitescant,
1523 1360 1624 1424 vel
1671 1359 1728 1423 si
1773 1365 2052 1442 pergant
2092 1360 2162 1420 in
2208 1355 2466 1420 malitia
2508 1364 2578 1420 et
2619 1354 2692 1418 in

736 1470 815 1513 ea
873 1446 1086 1532 magis
1142 1468 1219 1513 ae
1276 1445 1490 1528 magis
1546 1443 1978 1520 indurentur,
2046 1455 2268 1507 tamen
2335 1439 2440 1505 vel
2499 1440 2693 1504 inviti

737 1555 811 1598 se
846 1534 1024 1616 ipsos
1068 1532 1526 1607 condemnent,
1571 1542 1639 1593 et
1680 1550 1868 1595 suam
1913 1527 2394 1609 improbitatem
2440 1527 2692 1589 fatean-

736 1633 850 1685 tur
894 1619 1139 1701 pudore
1183 1617 1437 1700 suffusi,
1498 1615 1670 1697 quod
1719 1616 1825 1680 hic
1869 1612 2058 1678 Sauli
2116 1613 2468 1694 contigisse
2511 1610 2692 1675 vide·

736 1700 917 1769 mus:
980 1716 1047 1768 et
1091 1702 1354 1767 tandem
1398 1701 1466 1766 id
1510 1709 1736 1766 nostro
1780 1699 1968 1764 cedat
2010 1697 2350 1763 commodo
2408 1709 2474 1760 et
2519 1695 2693 1760 utili-

735 1791 880 1853 tati.
990 1791 1205 1853 'Panto
1285 1788 1496 1870 magis
1577 1785 1785 1869 igitur
1862 1783 2125 1848 incitari
2205 1804 2326 1847 nos
2393 1782 2540 1846 istis
2607 1781 2689 1845 ad

732 1875 1119 1956 patientiam
1180 1883 1457 1956 oportet,
1517 1884 1583 1937 et
1642 1871 1723 1936 ad
1784 1866 2324 1935 benefaciendum
2385 1867 2691 1943 inimicis,

734 1959 887 2025 licet
933 1958 1426 2024 contradicente
1471 1958 1745 2042 vulgato
1791 1955 2158 2040 proverbio,
2214 1953 2327 2035 qui
2384 1974 2455 2018 se
2499 1972 2692 2017 ovem

734 2045 965 2110 fecerit
1029 2066 1071 2109 a
1135 2043 1313 2127 lupis
1393 2043 1784 2107 laniabitur:
1865 2040 2040 2123 quod
2109 2039 2325 2104 Deum
2409 2037 2693 2102 sciamus

735 2131 948 2195 nostri
993 2151 1220 2196 curam
1267 2127 1659 2212 peculiarem
1707 2148 1922 2209 agere,
1982 2139 2415 2205 nostrumque
2472 2134 2690 2204 pasto-

730 2236 871 2281 rem
941 2236 1115 2299 esse,
1183 2234 1259 2279 ac
1324 2216 1601 2297 proinde
1666 2213 1873 2278 vitam
1941 2224 2234 2276 nostram
2304 2207 2692 2274 miraculose

733 2312 1308 2378 conservaturum,
1377 2320 1581 2382 quum
1642 2320 1761 2363 nos
1821 2311 2133 2379 tanquam
2192 2316 2346 2361 oves
2406 2295 2550 2377 regi
2609 2294 2690 2360 ab

730 2387 877 2468 ipso
935 2386 1463 2470 permiserimus:
1534 2397 1599 2449 et
1665 2384 1852 2465 lupos
1920 2403 1995 2448 ae
2061 2382 2284 2446 leones
2345 2401 2420 2445 ac
2484 2378 2691 2463 tigres

732 2471 1159 2552 quantumvis
1198 2470 1457 2536 rabidos
1492 2469 1684 2535 facile
1719 2470 2247 2547 immutaturum,
2289 2465 2452 2531 adeo
2490 2479 2565 2530 ut
2607 2464 2690 2529 ad

732 2570 992 2639 tempus
1036 2569 1447 2621 terreantur:
1495 2556 1622 2621 etsi
1666 2576 1799 2619 non
1845 2554 2116 2618 omnino
2162 2552 2496 2635 deponant
2540 2550 2692 2615 feri-

730 2651 940 2707 tatem
995 2663 1204 2718 suam,
1265 2663 1474 2724 neque
1534 2652 1810 2706 naturae
1859 2639 2372 2704 obliviscantur:
2430 2636 2544 2702 sed
2606 2635 2690 2700 ad

732 2748 878 2793 eam
927 2727 1209 2792 subinde
1251 2736 1713 2792 revertantur:
1753 2725 1835 2790 de
1866 2723 2246 2790 hominibus
2289 2722 2520 2804 loquor
2557 2744 2689 2788 non

735 2813 978 2878 electis.
1070 2814 1241 2877 Nam
1288 2812 1560 2877 minime
1605 2810 1878 2876 dubium
1940 2824 2043 2875 est
2104 2810 2262 2891 quin
2322 2807 2516 2873 multi
2577 2808 2689 2890 qui

731 2899 814 2963 ad
876 2910 1138 2983 tempus
1198 2899 1410 2962 instar
1462 2898 1772 2980 luporum
1842 2918 1916 2963 ac
1976 2896 2243 2960 leonum
2309 2894 2691 2972 saevierint,

737 2983 920 3047 verbi
966 2983 1172 3048 divini
1220 2984 1699 3065 praedicatione
1742 2983 2047 3048 conversi
2082 2980 2450 3054 mitescant,
2497 2990 2565 3044 et
2608 2979 2689 3044 ad

736 3071 972 3133 bonam
1031 3074 1287 3152 frugem
1351 3070 1655 3145 redeant,
1730 3082 1797 3133 et
1851 3088 2002 3133 oum
2062 3065 2380 3147 proximis
2438 3064 2692 3147 placide

734 3167 1232 3221 conversentur.

907 3240 1356 3305 Transeamus
1415 3239 1498 3304 ad
1544 3238 1829 3305 Davidis
1887 3235 2217 3320 querelas:
2287 3234 2694 3316 Quamobrem

725 3327 1134 3407 persequitur
1176 3326 1469 3391 dominus
1509 3346 1688 3392 meus
1731 3343 1981 3390 servum
2023 3322 2261 3388 suum?
2323 3320 2693 3386 Dominum

736 3426 925 3476 vocat
981 3432 1114 3476 non
1173 3411 1498 3487 simulate,
1564 3412 1679 3476 sed
1739 3433 1824 3474 ex
1885 3409 2141 3485 animo,
2204 3408 2348 3479 Deo
2403 3406 2693 3472 debitum

738 3497 1058 3561 honorem
1104 3495 1445 3572 exhibens,
1493 3517 1695 3579 quum
1720 3496 1783 3560 ei
1828 3515 1899 3558 se
1923 3493 2253 3560 submittit
2286 3512 2483 3575 quem
2506 3490 2696 3558 Deus

738 3584 811 3646 in
856 3580 1153 3646 altiorem
1201 3582 1481 3665 gradum
1526 3594 1857 3646 evexerat.
1941 3577 2201 3659 Quibus
2238 3577 2545 3659 deinceps
2589 3576 2700 3642 ad-

737 3667 910 3731 iicit:
982 3664 1059 3732 Si
1104 3666 1336 3732 Iehova
1377 3665 1671 3733 incitavit.
1703 3672 1759 3731 te
1800 3670 2014 3730 eontra
2055 3685 2170 3740 me,
2230 3664 2522 3729 odoretur
2563 3684 2698 3728 mu-

734 3772 893 3817 nus:
934 3752 1039 3816 sin
1083 3758 1294 3817 autem
1326 3752 1624 3832 laomim,
1666 3750 1980 3816 maledieti
2022 3751 2153 3814 sim
2193 3768 2403 3814 eoram
2437 3748 2696 3828 Iehova,

736 3838 893 3918 quia
940 3837 1257 3918 expellunt
1299 3858 1396 3903 me
1437 3838 1638 3914 hodie,
1697 3857 1775 3901 ne
1831 3839 2149 3917 cooptatus
2201 3833 2498 3900 haeream
2554 3854 2696 3916 pos·

736 3922 1010 3987 sessioni
1077 3921 1373 4004 Iehovae,
1437 3924 1738 4000 dicentem
1806 3923 1944 4002 abi,
2011 3920 2135 3986 cole
2197 3918 2371 3985 Deos
2435 3920 2693 3986 alienos,

738 4007 998 4087 Quibus
1055 4006 1276 4072 verbis
1341 4008 1641 4091 queritur
1705 4029 1776 4073 se
1833 4007 2049 4090 patria
2107 4016 2454 4083 extorrem,
2521 4016 2592 4070 et
2656 4028 2698 4071 a

737 4093 982 4177 populo
1028 4108 1256 4158 sancto
1301 4095 1733 4172 exsulantem,
1776 4093 1998 4158 Deum
2045 4092 2263 4157 colere
2308 4111 2437 4154 non
2482 4110 2694 4174 posse,

736 4178 912 4259 quod
960 4199 1090 4243 non
1139 4177 1295 4244 alibi
1340 4182 1464 4245 rite
1507 4180 1631 4246 coli
1677 4181 1903 4263 possit,
1948 4197 2145 4261 quam
2189 4198 2267 4241 eo
2311 4176 2454 4241 loco
2497 4197 2694 4259 quem

739 4266 884 4345 ipse
943 4267 1064 4329 sibi
1124 4264 1398 4331 dicavit:
1461 4265 1782 4349 siquidem
1856 4264 2004 4329 aliis
2075 4264 2146 4327 in
2221 4262 2379 4327 locis
2452 4264 2693 4343 passim

740 4348 1112 4414 idololatria
1155 4366 1427 4434 regnat:
1473 4373 1549 4416 ac
1583 4350 1859 4434 proinde
1893 4350 2172 4414 iniurios
2211 4368 2354 4413 esse
2375 4346 2695 4430 sibiquod

740 4435 959 4515 ipsum
1021 4436 1234 4501 veluti
1291 4438 1356 4501 vi
1420 4450 1660 4520 cogant
1715 4435 1796 4500 ad
1850 4435 2175 4501 idolorum
2232 4430 2487 4499 cultum
2543 4455 2696 4499 con·

742 4523 990 4602 sugere,
1048 4521 1324 4604 ideoque
1366 4519 1882 4596 inexcusabiles,
1942 4519 2115 4602 quod
2177 4534 2573 4602 cognoscant
2626 4542 2697 4585 se

742 4604 1062 4670 adversus
1083 4606 1303 4670 Deum
1352 4628 1669 4691 pugnare,
1719 4607 2005 4670 nitentes
2036 4603 2212 4688 quod
2235 4605 2418 4669 Deus
2463 4626 2504 4672 a
2555 4626 2697 4687 pro-

748 4691 854 4754 bat
911 4692 1200 4757 reiicere.
1288 4693 1372 4758 In
1433 4704 1573 4758 tota
1625 4693 1756 4757 ista
1814 4688 2092 4755 Davidis
2149 4690 2418 4772 querela
2474 4712 2512 4754 0
2560 4712 2696 4757 ser-

744 4777 1034 4841 vandum
1094 4778 1268 4859 quod
1324 4780 1515 4861 paulo
1571 4788 1727 4842 ante
1782 4777 2000 4858 attigi,
2061 4774 2387 4840 Davidem
2450 4776 2697 4843 honore

744 4860 1017 4925 Saulem
1062 4862 1218 4928 licet
1259 4864 1604 4948 indignum
1648 4864 1933 4938 afficere,
1981 4872 2324 4943 propterea
2366 4859 2538 4942 quod
2570 4864 2699 4929 Dei

744 4948 1153 5012 voluntatem
1212 4949 1681 5033 ingratitudini
1741 4946 1931 5014 Sauli
1992 4946 2338 5029 praeferat.
2443 4947 2694 5027 Quam-

745 5034 970 5097 obrem
1019 5034 1141 5097 etsi
1185 5037 1470 5118 regibus,
1516 5033 1936 5117 principibus,
1996 5029 2492 5113 magistratibus
2557 5045 2697 5098 uta-

744 5137 897 5181 mur
939 5118 1386 5199 iniquissimis,
1450 5122 1772 5202 patienter
1817 5131 2038 5183 tamen
2086 5116 2356 5182 ferenda
2400 5116 2693 5185 domina-

630 5242 639 5247 -
743 5203 855 5284 tio,
900 5203 1171 5285 Deoque
1212 5208 1324 5274 ille
1363 5208 1574 5272 honor
1596 5204 2023 5278 exhibendus,
2070 5215 2144 5268 ut
2167 5199 2693 5286 quandoquidem

2391 310 2806 379 HOMILIA
2851 310 3105 378 XCIV.

4597 308 4696 375 592

2797 500 3117 565 eiusmodi
3159 500 3549 583 dignitatem
3593 512 3662 563 et
3685 498 4268 580 praeeminentiam
4311 496 4622 562 constituit
4652 498 4698 562 ei

2797 606 2919 650 nos
2963 598 3198 669 sponte
3241 585 3697 650 subiiciamur:
3748 584 3872 649 hoc
3899 584 4204 663 scientes,
4233 603 4554 646 summam
4591 602 4700 648 esse

2797 671 3116 737 adversus
3151 672 3370 736 Deum
3407 672 3905 747 contumaciam,
3948 669 4003 734 si
4042 667 4486 752 superioribus
4526 680 4703 748 potes-

2797 757 3044 821 tatibus
3091 776 3222 820 non
3265 757 3709 835 subiiciamur,
3778 755 3894 819 sed
3956 753 4274 820 adversus
4316 775 4430 818 eas
4475 751 4706 817 rebelle·

2797 861 2967 907 mus.
3053 842 3300 924 Ecquis
3360 862 3519 906 vero
3577 841 3895 905 adversus
3940 853 4199 905 tantum
4243 840 4707 921 antagonistam,

2799 927 3015 992 Deum
3063 948 3320 1009 nempe,
3367 927 3503 991 fore
3545 928 3904 992 certamine
3959 947 4030 990 se
4075 925 4483 1008 superiorem
4526 944 4710 1005 spera·

2797 1011 3013 1079 verit?
3062 1012 3285 1093 Quare
3327 1013 3648 1095 improbis
3690 1022 3760 1075 et
3803 1011 4113 1094 malignis
4139 1009 4511 1075 hominibus
4543 1009 4712 1072 donu-

2799 1097 3125 1175 nantibus,
3171 1100 3456 1163 sciamus
3479 1098 3700 1163 Deum
3729 1110 3958 1162 nostra
4003 1104 4270 1179 peccata
4314 1096 4535 1161 ulcisci
4557 1094 4714 1175 velle,

2797 1197 2865 1247 et
2907 1182 3221 1248 dedecore
3264 1203 3341 1248 ac
3383 1183 3656 1247 infamia
3687 1184 3982 1249 afficere:
4020 1196 4088 1246 et
4131 1192 4354 1247 tamen
4384 1201 4519 1244 non
4551 1180 4711 1245 modo

2797 1269 2965 1334 nihil
3032 1269 3349 1334 adversus
3417 1268 3595 1351 ipsos
3661 1267 4069 1345 audendum,
4134 1264 4249 1333 sed
4316 1268 4476 1349 ipsis
4546 1267 4713 1331 etiam

2795 1369 3103 1438 oportere
3146 1353 3382 1420 subiici
3422 1364 3490 1419 et
3534 1353 3848 1419 honorem
3896 1354 4116 1418 deberi
4176 1354 4475 1436 ipsorum
4579 1352 4590 1364 '
4677 1357 4684 1363 '

2799 1440 2941 1524 tati,
2983 1439 3139 1506 licet
3179 1440 3307 1524 ipsi
3353 1438 3498 1504 Deo
3547 1460 3684 1504 non
3729 1440 4177 1518 subiiciantur,
4224 1438 4547 1521 tantisper

2795 1528 2973 1608 ipsos
3016 1524 3348 1590 Dominus
3393 1524 3475 1590 de
3520 1525 3682 1590 solio
3727 1523 4131 1590 deturbarit:
4176 1524 4290 1607 qui
4332 1545 4459 1589 sua
4501 1525 4715 1589 autori·

2797 1620 2933 1675 tate
3013 1611 3391 1690 abutentes,
3470 1621 3539 1674 et
3609 1612 3677 1676 in
3755 1611 4211 1676 crudelitatem
4287 1620 4716 1675 convertentes

2794 1695 3060 1762 baltheo
3126 1697 3310 1760 exuit
3373 1705 3443 1761 et
3508 1717 3660 1763 cum
3728 1695 4046 1761 dedecore
4110 1707 4535 1772 exauctorat,
4595 1695 4717 1759 licet

2793 1782 2978 1880 prius
3056 1782 3131 1845 in
3206 1792 3462 1847 tantam
3539 1780 3928 1867 dignitatem
4007 1790 4288 1848 evectos.
4409 1781 4717 1846 Patienter

2793 1869 2999 1951 igitur
3057 1867 3350 1932 divinam
3414 1867 3729 1932 ultionem
3782 1868 4292 1950 praestolemur,
4362 1888 4576 1949 neque
4623 1887 4717 1931 nos

2795 1964 2933 2018 tam
2993 1953 3217 2035 pravis
3270 1966 3336 2017 et
3392 1952 3704 2036 malignis
3761 1952 4139 2019 hominibus
4195 1952 4441 2019 subiici
4496 1953 4720 2035 pudeat,

2796 2038 3113 2119 quamdiu
3163 2038 3487 2104 Dominos
3530 2040 3709 2120 ipsos
3756 2038 4154 2103 toleraverit.
4245 2037 4364 2105 Sic
4411 2038 4590 2103 enim
4627 2058 4722 2102 nos

2796 2123 2877 2187 de
2920 2122 3223 2189 admissis
3265 2126 3549 2206 peccatis
3592 2125 3890 2207 castigat,
3951 2138 4069 2189 aut
4124 2126 4327 2189 etiam
4372 2124 4722 2189 innocentes

2795 2209 3096 2291 explorat
3159 2223 3228 2276 et
3290 2210 3678 2291 patientiam
3748 2226 4075 2286 nostram,
4148 2231 4281 2292 qna
4350 2211 4423 2273 in
4494 2229 4564 2273 re
4626 2228 4722 2273 nos

2793 2305 3050 2377 oportet
3092 2297 3579 2377 conquiescere:
3626 2308 3693 2360 et
3733 2298 3994 2360 firmam
4029 2296 4523 2361 conclusionem
4561 2294 4722 2357 istam

2793 2393 3016 2445 mente
3058 2382 3359 2458 retinere,
3406 2402 3542 2447 non
3586 2401 3728 2446 esse
3774 2380 4103 2446 humanae
4136 2379 4607 2446 imbecillitatis
4635 2398 4722 2444 eos

2795 2486 2956 2548 quos
3000 2466 3223 2530 evexit
3267 2466 3451 2532 Deus
3494 2465 3791 2543 deiicere,
3848 2485 3918 2531 et
3962 2465 4136 2549 quod
4179 2467 4532 2531 constituit
4571 2486 4724 2529 ever-

2797 2564 2952 2617 tere.
3027 2551 3315 2634 Ideoque
3359 2573 3549 2635 reges
3592 2562 3659 2616 et
3706 2552 4136 2635 magistratus
4181 2572 4296 2617 eos
4344 2550 4724 2617 venerabiles

2796 2659 2938 2702 esse
2982 2636 3172 2702 nobis
3214 2648 3531 2721 oportere,
3589 2659 3723 2701 non
3785 2650 4045 2703 tantum
4087 2658 4250 2720 quos
4299 2638 4524 2703 virtus
4580 2656 4727 2702 com·

2794 2722 3080 2790 mendat.
3138 2722 3252 2787 sed
3310 2724 3511 2787 etiam
3561 2743 3722 2804 quos
3787 2723 3987 2804 Deus,
4043 2724 4198 2791 licet
4253 2724 4586 2807 indignos,
4629 2721 4728 2785 hoe

2794 2809 2988 2873 titulo
3032 2807 3381 2893 dignatur:
3439 2811 3510 2873 in
3569 2830 3644 2873 eo
3700 2823 3992 2875 nostram
4038 2811 4396 2892 explorans
4452 2806 4728 2874 obedien·

2796 2897 2955 2959 tiam
3003 2914 3337 2959 moremne
3382 2895 3507 2975 ipsi
3552 2915 3858 2978 geramus
3916 2915 4006 2961 an
4049 2916 4182 2959 non
4225 2896 4313 2960 iis
4358 2916 4529 2978 quoe
4570 2913 4728 2976 prae-

2794 2980 2970 3058 fecit,
3029 2979 3180 3045 licet
3225 2979 3474 3046 honore
3528 2978 3836 3064 indignos
3891 2981 4276 3063 obsequium
4347 2978 4728 3062 praebentes.

2968 3063 3164 3146 Quod
3209 3085 3403 3147 porro
3431 3064 3649 3130 David
3695 3065 3937 3143 adiicit,
3981 3088 4051 3131 se
4094 3065 4282 3131 nulla
4327 3068 4403 3131 in
4449 3088 4523 3131 re
4559 3066 4727 3129 fuisse

2794 3151 3112 3216 iniurium
3172 3149 3381 3230 Sauli,
3442 3149 3632 3217 docet
3687 3171 3811 3215 nos
3866 3162 4167 3234 oportere
4225 3167 4533 3216 nostram
4593 3150 4728 3215 inte·

2795 3239 3106 3320 gritatem
3151 3252 3219 3302 et
3263 3237 3712 3303 sinceritatem
3755 3255 3947 3319 posse
3991 3236 4208 3320 palam
4255 3238 4517 3317 testari,
4557 3256 4728 3318 quum

2794 3322 2877 3411 ab
2921 3322 3205 3387 inimicis
3252 3321 3451 3387 variis
3495 3322 3707 3387 modis
3751 3343 4080 3406 urgemur.
4153 3321 4322 3388 Sola
4363 3324 4546 3387 enim
4589 3322 4729 3387 bona

2795 3409 3196 3473 conscientia
3260 3428 3382 3474 nos
3449 3427 3670 3471 coram
3735 3405 3880 3474 Deo
3946 3419 4012 3472 et
4091 3408 4479 3473 hominibus
4557 3406 4727 3472 tutari

2795 3503 3028 3578 potest.
3119 3491 3335 3576 Saepe
3378 3493 3662 3575 quidem,
3708 3492 3938 3568 fateor,
3997 3514 4160 3576 quos
4206 3494 4610 3560 conscientia
4646 3513 4726 3555 re·

2797 3580 3092 3661 darguit,
3153 3599 3340 3643 suam
3398 3578 3724 3644 iustitiam
3782 3580 3998 3644 verbis
4057 3579 4574 3661 praedicabunt,
4637 3576 4728 3643 sed

2796 3666 2990 3749 longe
3048 3662 3239 3729 aliter
3281 3664 3504 3729 David
3565 3666 3676 3746 qui
3730 3684 3948 3729 eoram
3995 3666 4140 3730 Deo
4200 3686 4400 3730 suam
4457 3668 4730 3731 innoeen-

2796 3750 2953 3815 tiam
3003 3761 3247 3825 tuetur,
3291 3752 3639 3832 ipsumque
3662 3748 3936 3815 Saulem
3982 3765 4293 3832 tanquam
4332 3752 4519 3817 illius
4561 3748 4731 3833 probe

2796 3835 3162 3901 conscium·
3195 3844 3430 3901 testem
3498 3846 3567 3900 et
3630 3835 3910 3901 iudicem
3988 3836 4260 3901 adhibet
4341 3858 4552 3919 quum
4626 3838 4728 3898 ait:

2796 3922 2953 4005 Ape,
2999 3921 3232 4001 inquit,
3278 3944 3321 3986 a
3362 3941 3460 3985 me
3501 3920 3564 3986 si
3608 3919 3766 4002 quid
3799 3926 4122 4001 peccatum
4157 3926 4249 3987 est
4295 3925 4551 4005 profer,
4603 3918 4732 4003 quid

2798 4009 2968 4072 enim
3009 4006 3133 4089 feci
3175 4012 3233 4072 et
3273 4006 3430 4088 quid
3470 4004 3629 4071 mali
3672 4011 3764 4071 est
3806 4007 3877 4071 in
3918 4028 4115 4072 manu
4157 4009 4359 4075 mea?
4409 4010 4730 4075 Discamus

2798 4095 3020 4176 itaque
3064 4112 3141 4157 eo
3184 4092 3468 4157 candore
3518 4103 3589 4157 et
3651 4113 3730 4156 ea
3781 4092 4167 4178 integritate
4223 4114 4380 4158 cum
4443 4092 4727 4177 proximis

2798 4200 3015 4261 agere,
3084 4199 3168 4242 ne
3235 4199 3432 4260 quam
3495 4177 3616 4241 ulli
3677 4179 4104 4259 praebeamus
4162 4180 4579 4245 occasionem
4633 4198 4725 4241 nos

2798 4278 3067 4349 propter
3110 4264 3475 4339 malefacta,
3537 4262 3648 4329 vel
3690 4265 4109 4330 contumeliis
4151 4263 4258 4329 vel
4302 4268 4571 4332 iniuriis
4609 4263 4724 4329 affi-

2798 4348 3035 4424 ciendi,
3082 4362 3156 4414 ut
3197 4349 3254 4414 si
3300 4349 3449 4430 quis
3486 4348 3780 4432 iniquius
3826 4350 4163 4419 nobiscum
4211 4354 4448 4434 egerit,
4494 4364 4563 4418 et
4597 4371 4724 4416 eon·

2798 4435 3089 4501 tumeliis
3134 4435 3445 4511 affecerit,
3504 4455 3578 4500 re
3634 4435 3781 4516 ipsa
3822 4437 4051 4500 testari
4095 4437 4426 4519 possimus
4472 4457 4592 4503 nos
4627 4437 4724 4499 im·

2798 4522 3035 4587 merito
3102 4519 3184 4586 ab
3249 4520 3408 4602 ipsis
3474 4519 3734 4598 vexari,
3817 4520 4070 4588 nullam
4144 4543 4188 4587 a
4265 4522 4463 4588 nobis
4547 4538 4721 4603 neque

2797 4607 3108 4673 iniuriam
3172 4627 3380 4688 neque
3440 4606 3907 4672 contumeliam
3969 4609 4192 4690 passis.
4279 4607 4461 4674 Nam
4519 4609 4578 4674 si
4625 4607 4720 4670 hm

2797 4691 3199 4759 conscientia
3258 4692 3479 4756 hostes
3537 4702 3795 4779 nostros
3857 4692 4241 4769 vicerimus,
4319 4706 4582 4759 eertum
4644 4702 4722 4754 est

2797 4778 3017 4843 Deum
3063 4798 3104 4841 a
3146 4777 3390 4843 nostris
3444 4777 3740 4860 partibus
3783 4778 4101 4854 futurum,
4159 4790 4228 4843 et
4285 4779 4395 4844 ius
4459 4790 4722 4844 nostrum

2799 4862 3167 4929 tutaturum
3213 4876 3282 4929 et
3324 4862 3815 4928 misericordem
3857 4885 4017 4947 erga
4049 4865 4327 4929 miseros
4372 4874 4446 4930 et
4479 4864 4719 4930 afflictos

2797 4952 3115 5029 futurum,
3173 4962 3239 5013 et
3295 4948 3783 5014 crudelissimos
3841 4967 4134 5032 quosque
4192 4948 4422 5015 hostes
4480 4966 4719 5019 nostros·

2801 5036 2906 5101 vel
2969 5036 3409 5110 molliturum,
3491 5032 3599 5100 vel
3665 5036 3862 5099 etiam
3926 5049 4242 5117 perpetuo
4305 5035 4619 5101 dedecore
4667 5044 4719 5094 st

2796 5120 3160 5206 ignominia
3202 5120 3612 5194 obruturum,
3673 5122 3786 5202 qui
3844 5140 3965 5185 nos
4021 5120 4199 5185 ultro
4256 5134 4326 5186 et
4367 5124 4517 5187 sine
4553 5138 4718 5187 causa

2797 5220 2934 5272 tam
2978 5205 3335 5272 crudeliter
3369 5216 3720 5270 vexarunt.
