5059 6059
802 318 931 386 283

2485 311 2900 380 HOMILIA
2943 312 3063 380 IV.

4630 320 4735 385 ‘284

804 511 1005 576 ferre:
1070 504 1185 571 sed
1228 502 1707 570 asseveratione
1752 501 2030 584 quadam
2077 502 2289 567 utitur
2330 501 2518 568 cuius
2565 503 2665 568 vis
2702 524 2743 568 a
2831 500 2974 568 Dei
3012 502 3209 585 facie:
3250 508 3515 569 madata
3559 504 3814 569 iuvenco
3854 523 3932 568 ex
3975 508 4131 570 voto.
4221 502 4415 585 Quod
4451 503 4527 570 de
4550 504 4737 573 adors-

809 597 1182 662 iuramento
1228 589 1335 654 lon
1387 610 1423 652 e
1467 603 1569 653 est
1612 587 1963 655 dissimilis.
2056 588 2277 669 Quum
2318 610 2435 670 per
2469 587 2742 653 alicuius
2845 589 3018 653 tione
3080 610 3294 655 coram
3364 588 3488 654 Dei
3556 590 3718 654 facie
3787 587 4042 668 dicitur,
4110 589 4398 655 ostendit
4460 594 4739 660 sacrificia

805 684 1012 749 vitam
1045 679 1318 753 iuratur,
1402 695 1478 739 oo
1515 676 1652 758 ipso
1690 675 1857 757 quod
1899 696 1978 739 oa
2012 676 2082 738 in
2110 687 2341 740 testem
2367 677 2742 743 assumitur,

805 765 1077 832 eandem
1135 784 1277 827 esse
1323 761 1854 844 pretiosissimam
1899 761 2146 826 iuranti
2193 773 2418 842 aperta
2453 771 2558 824 est
2592 781 2741 843 pro-

806 854 1016 917 fessio.
1109 847 1184 915 Si
1228 870 1345 932 per
1393 848 1513 912 Dei
1563 848 1764 910 vitam
1809 849 2010 911 Anna
2053 848 2426 922 iuravisset,
2472 846 2568 910 ita
2618 845 2741 910 Dei

805 940 1031 1012 vitam,
1099 933 1164 999 id
1231 946 1332 999 est
1397 945 1728 998 aeternam
1796 953 1956 1009 esse,
2025 943 2092 996 et
2149 933 2271 997 sibi
2332 951 2550 998 caram
2598 952 2741 996 esse

804 1023 1095 1107 professa
1142 1020 1389 1085 fuisset.
1481 1022 1572 1084 At
1615 1039 1819 1100 quum
1867 1029 2099 1082 testem
2151 1019 2353 1082 vitam
2393 1018 2545 1082 Heli
2584 1017 2740 1082 dicti

805 1112 907 1176 sui
954 1108 1125 1185 facit,
1195 1108 1284 1169 ita
1327 1115 1572 1188 quanta
1618 1104 1840 1182 Helin,
1911 1115 1980 1168 ut
2026 1104 2149 1168 Dei
2199 1104 2482 1169 viventis
2525 1123 2737 1168 sacer-

807 1195 1048 1267 dotem,
1136 1191 1552 1257 observantia
1637 1189 1826 1268 eolat,
1911 1189 2216 1254 ostendit.
2304 1190 2396 1255 Et
2476 1188 2736 1271 quidem

807 1281 1007 1346 huius
1065 1278 1187 1343 loci
1249 1298 1447 1341 verus
1506 1296 1581 1341 ao
1624 1275 1901 1358 simplex
1946 1289 2041 1340 est
2087 1296 2338 1350 sensus,
2396 1274 2741 1358 diligenter

804 1365 1273 1444 observandus,
1364 1384 1445 1427 ne
1534 1361 1615 1426 ad
1695 1362 2064 1426 iuramenta
2146 1362 2316 1425 levia
2374 1371 2441 1425 et
2498 1362 2739 1439 inania,

810 1464 1053 1517 temere
1111 1451 1296 1515 illum
1355 1447 1479 1512 Dei
1524 1448 1787 1513 nomine
1831 1449 1973 1511 sine
2016 1449 2351 1512 occasione
2394 1445 2739 1511 abutentes

810 1538 1176 1604 trahamus:
1241 1557 1391 1599 nam
1437 1535 1547 1617 qui
1592 1555 1697 1597 res
1740 1547 1989 1598 creatas
2032 1555 2178 1599 cum
2231 1533 2355 1597 Dei
2399 1534 2739 1596 maiestate

808 1626 1056 1703 miscet,
1116 1619 1389 1687 eandem
1437 1636 1500 1683 et
1542 1618 1653 1683 ille
1698 1619 1955 1684 aboleat
1998 1639 2260 1685 necesse
2304 1631 2422 1683 est.
2512 1617 2739 1699 Quare

808 1711 926 1776 soli
996 1708 1136 1772 Deo
1181 1705 1652 1772 reservandum
1698 1708 1868 1785 quod
1917 1707 2035 1787 ipsi
2083 1706 2415 1787 proprium
2461 1705 2576 1768 uni
2621 1712 2737 1778 est,

808 1798 1046 1878 quippe
1104 1792 1425 1860 consortis
1483 1792 1697 1855 omnis
1753 1792 2134 1874 impatienti.
2228 1794 2323 1855 Ac
2368 1790 2641 1874 proinde
2684 1790 2739 1853 si

808 1902 1028 1947 rerum
1097 1891 1461 1945 creatarum
1523 1878 1767 1942 mentio
1826 1877 2145 1955 inciderit,
2224 1877 2400 1940 omni
2458 1875 2741 1940 formula

805 1964 1071 2032 iurandi
1126 1964 1405 2030 sciamus
1464 1961 1954 2027 abstinendum:
2018 1984 2098 2027 ne
2142 1962 2211 2027 in
2259 1961 2525 2026 totidem
2567 1960 2741 2026 idola

804 2065 1139 2119 creaturas
1183 2059 1663 2116 convertamus.

980 2139 1187 2202 Porro
1249 2133 1447 2200 Anna
1513 2135 1603 2200 sic
1669 2135 1986 2198 infantem
2050 2134 2188 2198 Deo
2246 2142 2600 2211 consecrat,
2667 2141 2741 2196 ut

810 2245 960 2289 eum
1028 2221 1198 2286 dicat
1254 2219 1552 2285 omnibus
1623 2220 1850 2285 diebus
1892 2220 2130 2302 quibus
2174 2218 2373 2284 fuerit
2452 2218 2739 2283 Iehovae

807 2332 948 2375 esse
1009 2307 1251 2373 datum.
1342 2306 1518 2370 Voce
1580 2308 1784 2371 utitur
1841 2307 2164 2386 scriptura
2228 2326 2413 2371 sacra
2458 2304 2740 2370 hebraea

803 2415 966 2479 quae
1029 2405 1095 2456 et
1152 2405 1369 2474 petere
1430 2401 1495 2456 et
1555 2391 1708 2457 dare
1752 2393 2111 2474 significat:
2172 2400 2237 2455 et
2280 2412 2438 2455 sane
2483 2402 2737 2455 utrum-

804 2503 930 2564 que
975 2479 1170 2544 simul
1217 2477 1689 2560 complectitur,
1746 2491 1810 2542 et
1856 2477 2079 2541 datum
2125 2498 2165 2541 a
2210 2475 2354 2541 Deo
2389 2477 2737 2554 infantem,

804 2577 871 2632 et
953 2564 1245 2647 precibus
1327 2574 1599 2645 votoque
1683 2566 2133 2644 impet-ratum:
2214 2562 2386 2645 quod
2460 2583 2590 2625 non
2645 2563 2739 2625 ita

804 2650 1140 2718 commode
1198 2661 1412 2732 potest
1473 2649 1600 2713 alio
1659 2649 1965 2715 idiomate
2008 2648 2516 2730 repraesentari:
2583 2649 2739 2713 satis

808 2751 1029 2802 tamen
1069 2741 1442 2818 perspicuus
1478 2747 1579 2799 est
1612 2757 1860 2812 sensae,
1908 2755 2141 2817 nempe
2177 2755 2247 2799 se
2281 2754 2321 2796 a
2360 2732 2501 2797 Deo
2539 2734 2738 2815 impe-

811 2833 1060 2888 tratum
1109 2820 1410 2904 precibus
1458 2823 1773 2885 infantem
1822 2820 2034 2885 eidem
2080 2818 2233 2883 dare
2280 2819 2514 2884 dicare.
2604 2818 2735 2884 Ita·

805 2931 928 2993 que
977 2909 1148 2972 hanc
1193 2906 1272 2971 de
1320 2906 1453 2971 filio
1495 2908 1791 2989 concepit
1833 2907 2227 2989 opinionem,
2272 2905 2411 2969 fore
2459 2916 2529 2968 ut
2560 2926 2738 2970 sanc-

805 2995 1018 3060 tuario
1089 2994 1158 3057 in
1232 2994 1702 3073 sempiternum
1774 2992 2198 3056 ministraret.
2285 2990 2513 3072 Neque
2589 3012 2739 3056 vero

806 3081 1021 3146 nodus
1065 3080 1299 3162 aliquis
1345 3080 1409 3142 in
1458 3080 1580 3143 hac
1627 3099 1797 3152 voce,
1853 3082 2245 3159 perpetuum,
2292 3075 2738 3157 quaerendus:

805 3165 1324 3251 quandoquidem
1373 3163 1453 3229 de
1506 3165 1702 3230 huius
1760 3165 1866 3246 qui
1917 3162 2055 3226 Deo
2115 3161 2454 3227 dicabatur
2514 3163 2736 3228 minis·

804 3253 969 3316 terio
1015 3272 1089 3317 ac
1145 3262 1360 3314 aetate
1395 3263 1495 3314 est
1542 3249 1992 3333 intelligenda,
2060 3270 2186 3312 non
2227 3258 2447 3313 autem
2487 3258 2560 3313 ut
2594 3270 2736 3313 eam

800 3338 1029 3404 Iudaei
1089 3337 1472 3421 plerumque
1539 3349 1875 3418 exponunt
1936 3332 2016 3398 de
2083 3334 2355 3408 saeculO,
2423 3334 2594 3417 quod
2642 3342 2741 3399 est

803 3439 1065 3489 centum
1112 3443 1453 3494 annorum,
1500 3436 1612 3486 aut
1656 3420 1736 3486 de
1782 3424 1973 3485 annis
2017 3420 2512 3503 quinquaginta,
2568 3422 2740 3502 quod

808 3510 1062 3574 Levitis
1107 3519 1362 3589 tempus
1411 3508 1490 3572 ad
1531 3509 1812 3590 quietem
1853 3508 2326 3589 praescriptum
2364 3519 2496 3570 est:
2543 3504 2741 3571 Anna

808 3593 1192 3676 simpliciter
1267 3593 1510 3658 donum
1586 3592 1758 3657 istud
1821 3594 1958 3656 Deo
2019 3591 2307 3657 oblatum
2370 3590 2614 3655 dicavit
2671 3593 2738 3656 in

805 3693 1216 3763 perpetuum.
1273 3701 1467 3762 seque
1521 3680 1701 3743 omni
1747 3695 2040 3743 materno
2085 3679 2225 3742 iure
2266 3675 2608 3753 abdicavit,
2669 3690 2740 3742 ut

806 3767 871 3830 in
930 3766 1418 3846 sempiternum,
1498 3776 1675 3846 puta.
1757 3777 1889 3828 toto
1947 3764 2123 3827 vitae
2177 3784 2334 3826 suae
2393 3764 2738 3842 curriculo,

809 3850 1210 3915 ministraret
1254 3850 1446 3915 altari
1495 3849 1782 3915 Domini.
1873 3850 1977 3913 Ex
2022 3847 2256 3932 quibus
2302 3849 2540 3912 iterum
2589 3849 2739 3915 licet

808 3938 1175 4021 perspicere
1253 3938 1514 4001 Annam
1576 3936 1775 4017 prolis
1832 3933 2032 4000 fuisse
2090 3934 2353 4017 quidem
2414 3932 2735 4017 cupidam,

808 4020 924 4088 sed
1000 4043 1128 4085 non
1199 4033 1419 4085 tamen
1490 4041 1757 4086 suorum
1815 4020 2300 4087 commodorum
2359 4020 2739 4099 studiosam,

812 4128 1041 4172 verum
1093 4107 1215 4171 hoo
1252 4119 1507 4172 tantum
1545 4122 1910 4190 exoptasse,
1957 4127 2039 4171 ne
2076 4106 2355 4188 amplius
2393 4108 2740 4189 opprobrio

807 4194 927 4258 sibi
1008 4193 1319 4257 sterilitas
1402 4205 1783 4268 verteretur,
1862 4191 2030 4274 quod
2114 4191 2196 4257 ab
2260 4191 2467 4256 altera
2537 4214 2740 4258 uxore

808 4281 1096 4345 Elcanae
1132 4279 1497 4343 factitatum
1535 4300 1733 4360 supra
1769 4278 2122 4343 docuimus.
2201 4277 2456 4343 Deinde
2494 4277 2737 4343 donum

808 4387 849 4430 a
933 4367 1071 4429 Deo
1149 4364 1459 4430 collatum
1526 4386 1601 4429 eo
1668 4365 1885 4429 animo
1950 4364 2284 4444 recepisse,
2374 4374 2446 4427 ut
2509 4379 2740 4445 sponte

809 4467 1106 4516 materna
1166 4451 1344 4515 omni
1401 4452 1751 4515 autoritate
1795 4471 1937 4514 sese
1981 4450 2317 4530 abdicarit,
2364 4471 2557 4531 quam
2605 4452 2739 4532 ple-

807 4558 1085 4618 rumque
1123 4549 1383 4611 matres,
1426 4537 1801 4618 praesertim
1841 4537 1921 4599 ad
1945 4549 2345 4600 senectutem
2375 4552 2739 4618 vergentes,

807 4644 848 4687 a
903 4625 1039 4686 suis
1084 4621 1307 4686 liberis
1354 4625 1711 4705 requirunt,
1773 4634 1844 4686 ut
1887 4621 2111 4686 liberis
2158 4631 2470 4702 tanquam
2516 4642 2736 4690 senec·

808 4710 964 4772 tutis
1031 4707 1423 4789 scipionibus
1482 4723 1769 4772 utantur.
1864 4707 2041 4772 Nihil
2091 4707 2193 4773 hic
2238 4708 2438 4771 Anna
2484 4709 2614 4772 tale
2659 4712 2738 4776 de

806 4815 876 4858 se
923 4796 1202 4876 profert:
1249 4794 1362 4858 sed
1413 4796 1698 4876 privatae
1737 4793 2038 4858 utilitatis
2073 4792 2271 4857 oblita
2300 4794 2435 4856 Deo
2460 4794 2732 4874 gloriam

805 4901 1065 4944 omnem
1112 4882 1440 4944 attribuit:
1500 4882 1659 4944 satis
1706 4879 1866 4944 bene
1912 4901 2129 4944 secum
2176 4879 2283 4960 agi
2328 4888 2489 4955 rata,
2551 4882 2736 4947 modo

813 4966 989 5028 Deus
1049 4966 1544 5049 glorificaretur.
1636 4967 1723 5030 Et
1778 4964 2039 5046 quidem
2103 4985 2383 5047 aequum
2446 4977 2545 5029 est
2593 4967 2734 5034 Deo

2844 675 3040 740 fuisse
3102 687 3360 740 tantum
3407 674 3800 757 appendices
3841 675 4058 741 cultus
4103 676 4214 758 qui
4259 677 4404 741 Deo
4447 687 4543 742 est
4582 679 4739 744 exhi-

2848 759 3113 826 bendus.
3203 762 3294 826 Et
3360 784 3486 826 vox
3553 761 3952 826 adorationis
4017 781 4184 844 quae
4249 761 4510 827 additur
4566 766 4735 830 ritum

2846 846 3148 929 precandi
3214 847 3425 912 Deum
3489 847 3656 929 apud
3727 846 4004 912 Iudaeos
4063 848 4366 924 ostendit,
4434 847 4541 946 qui
4582 853 4740 932 proni

2840 932 2914 995 iu
2960 943 3204 996 terram
3254 933 3466 997 Deum
3512 932 3888 998 adorabant.
3977 933 4159 1015 Ergo
4204 937 4403 998 Anna
4448 954 4512 998 m
4556 955 4740 1018 genua

2842 1019 3118 1099 supplex
3177 1019 3317 1083 Deo
3376 1021 3544 1084 facta
3603 1016 3966 1100 procubuit.
4055 1019 4306 1084 Verum
4349 1019 4602 1102 quidem
4643 1033 4738 1102 est,

2843 1104 3093 1168 cultum
3131 1103 3259 1168 Dei
3297 1126 3438 1170 esse
3472 1104 3904 1186 spiritualem:
3946 1103 4059 1169 sed
4100 1104 4523 1170 nihilomiuus
4558 1106 4740 1172 Deum

2843 1191 3223 1270 corporibus
3310 1212 3438 1255 non
3521 1192 3742 1255 minus
3807 1212 4004 1273 quam
4071 1189 4412 1256 animabus
4477 1193 4741 1257 venerari

2845 1273 3071 1340 fideles
3129 1275 3328 1340 decet.
3419 1279 3518 1342 Ac
3582 1297 3741 1341 sane
3807 1277 3926 1341 vix
3989 1274 4065 1340 ad
4137 1276 4352 1340 Deum
4414 1276 4743 1343 accedimus

2845 1359 3349 1444 supplicandum
3407 1363 3561 1445 quin
3625 1362 3854 1444 lingua
3910 1382 4273 1444 manusque
4331 1362 4526 1427 simul
4578 1362 4744 1429 etiam

2844 1460 3247 1527 moveantur,
3313 1456 3382 1512 et
3444 1467 3592 1511 cum
3659 1449 3879 1512 anima
3944 1449 4454 1515 communicent.
4551 1450 4744 1532 Apage

2844 1553 3000 1615 ergo
3059 1534 3374 1598 fanaticos
3431 1533 3592 1611 illos,
3657 1535 3765 1616 qui
3812 1554 4086 1617 magnos
4131 1555 4169 1598 e
4197 1543 4461 1616 pectore
4496 1535 4743 1617 gemitus

2844 1618 3036 1683 edere
3090 1641 3160 1684 se
3221 1619 3551 1696 simulant,
3613 1629 3680 1684 et
3726 1639 3925 1703 supra
3968 1619 4172 1686 nubes
4213 1618 4392 1702 ipsas
4431 1620 4657 1696 efferri,
4695 1630 4744 1684 et

2845 1716 3067 1768 tamen
3130 1726 3442 1768 manuum
3516 1704 3952 1770 elevationem
4011 1727 4140 1770 non
4200 1708 4630 1771 necessariam
4680 1704 4745 1770 ad

2845 1811 3066 1873 preces
3123 1790 3548 1855 contendunt.
3638 1791 3780 1855 Nae
3839 1789 4189 1856 stultitiam
4236 1810 4428 1856 suam
4473 1791 4746 1874 produnt.

2846 1876 3012 1941 Nam
3072 1876 3131 1940 si
3175 1873 3330 1958 quid
3375 1877 3438 1939 in
3484 1876 3644 1959 ipsis
3688 1877 3931 1941 inesset
3971 1875 4141 1955 fidei,
4198 1888 4452 1942 eertum
4498 1886 4595 1942 est
4632 1898 4746 1942 eos·

2844 1962 2989 2026 dem
3053 1962 3357 2027 affectum
3422 1960 3733 2026 adorandi
3797 1960 4010 2026 Deum
4057 1963 4254 2026 etiam
4300 1983 4523 2028 coram
4570 1963 4746 2027 homi-

2846 2049 3038 2112 nibus
3084 2048 3300 2130 palam
3349 2057 3659 2112 testatum
3709 2050 4013 2113 facturos.
4103 2046 4328 2128 Quare
4373 2048 4582 2112 divini
4623 2069 4750 2113 con-

2845 2146 3138 2216 temptus
3182 2134 3430 2216 species
3466 2132 3782 2216 quaedam
3833 2142 3949 2210 est,
3996 2132 4159 2198 haec
4196 2133 4597 2198 adminicula
4629 2146 4746 2199 tan-

2842 2239 3036 2303 quam
3083 2219 3452 2283 rudimenta
3499 2221 3718 2302 pueris
3761 2219 4221 2283 convenientia
4269 2220 4559 2284 reiicere.
4643 2220 4749 2284 Nos

2841 2304 3285 2370 observemus:
3351 2305 3474 2369 Dei
3533 2305 3998 2380 adorationem,
4061 2326 4202 2370 esse
4247 2304 4579 2386 publicam
4617 2304 4747 2369 fide·

2841 2390 3002 2455 lium
3064 2390 3547 2473 professionem,
3604 2411 3732 2473 qua
3790 2412 3929 2456 sese
3987 2389 4129 2455 Deo
4174 2391 4407 2456 subiici
4451 2402 4520 2455 et
4561 2390 4748 2455 omnis

2842 2477 2938 2541 illi
2983 2491 3245 2558 accepta
3293 2477 3460 2542 ferre
3506 2488 3852 2556 testantur,
3897 2476 4085 2542 cuius
4129 2477 4224 2541 rei
4271 2475 4598 2541 sacrificia
4635 2476 4748 2540 fne-

2843 2571 3000 2627 runt
3055 2574 3341 2628 tesserae
3398 2575 3466 2626 et
3509 2563 3934 2627 confirmatio.
4028 2562 4411 2627 Praesentia
4459 2583 4608 2627 vero
4649 2560 4749 2625 Dei

2843 2650 2946 2714 vel
2986 2648 3126 2713 eius
3163 2650 3358 2714 facies
3398 2647 3581 2712 nulla
3616 2660 3718 2713 est
3752 2650 3879 2712 alia
3922 2647 4372 2731 intelligenda,
4423 2669 4612 2731 quam
4647 2648 4751 2711 vir·

2843 2744 2948 2799 tus
2993 2732 3120 2798 Dei
3166 2755 3241 2800 ac
3287 2734 3587 2816 specialis
3632 2735 3864 2817 gratia,
3907 2754 4105 2817 quam
4155 2733 4276 2798 hoe
4322 2733 4434 2798 vel
4482 2733 4592 2799 illo
4633 2733 4747 2798 loeo

2845 2820 3181 2904 patefacit:
3246 2819 3447 2885 veluti
3493 2842 3693 2903 quum
3740 2821 3948 2903 legem
3995 2841 4182 2884 suam
4228 2840 4382 2885 area
4429 2820 4632 2884 voluit
4668 2820 4748 2883 in·

2845 2906 3042 2983 cludi,
3087 2927 3289 2988 quum
3335 2926 3523 2972 areae
3566 2907 4081 2988 propitiatorium
4128 2905 4402 2985 addidit,
4449 2906 4659 2989 ibique
4695 2923 4750 2969 se

2846 3007 3252 3075 praesentem
3315 2993 3450 3055 fore
3499 2992 3825 3074 pollicitus
3878 3002 3980 3056 est
4023 2992 4501 3075 quaerentibus
4545 2994 4747 3075 ipsum,

2844 3091 2914 3143 ut
2989 3098 3180 3159 saepe
3251 3078 3573 3160 scriptura
3647 3078 3950 3161 loquitur,
4030 3079 4296 3142 minime
4353 3077 4748 3163 cogitandum

2843 3173 2964 3247 est,
3010 3162 3139 3227 illis
3185 3162 3381 3228 rebus
3430 3164 3784 3227 Dominum
3830 3162 4029 3227 fuisse
4072 3163 4485 3228 conclusum:
4533 3164 4636 3229 sed
4675 3163 4749 3226 ita

2845 3250 3177 3315 nobiscum
3233 3250 3622 3333 scripturam
3684 3249 4037 3315 balbutire:
4100 3248 4452 3332 Deumque
4511 3269 4646 3314 sese
4683 3245 4749 3311 ad

2843 3336 2945 3400 sui
3012 3333 3231 3419 populi
3297 3349 3559 3418 captum
3628 3334 4169 3413 accommodasse,
4235 3356 4318 3400 ne
4360 3335 4613 3401 alienos
4651 3332 4750 3400 sibi

2846 3422 3020 3486 Deos
3075 3434 3416 3504 quaereret
3459 3442 3642 3485 suam
3689 3422 4124 3504 praesentiam
4170 3420 4238 3485 in
4286 3440 4444 3484 arca
4487 3443 4603 3487 sua
4639 3419 4749 3503 pri·

2845 3508 3071 3587 vatim,
3116 3519 3187 3572 ut
3232 3510 3326 3574 ita
3370 3506 3600 3585 dicam,
3655 3507 3972 3587 alligasse,
4016 3527 4249 3589 nempe
4293 3507 4602 3589 quoniam
4642 3517 4746 3568 ter·

2845 3595 2985 3657 reni
3045 3614 3299 3658 sumus:
3368 3593 3544 3657 Deus
3587 3593 4037 3658 infirmitatem
4086 3609 4374 3658 nostram
4426 3595 4523 3658 ita
4565 3590 4748 3656 suble-

2844 3689 2980 3743 vat:
3043 3679 3310 3759 ideoque
3355 3677 3475 3744 has
3519 3678 3963 3745 caeremonias
4008 3688 4073 3742 et
4130 3679 4380 3743 cultum
4432 3678 4516 3744 ad
4561 3695 4748 3744 aream

2841 3785 3026 3830 suam
3071 3764 3378 3828 instituit.

3014 3850 3147 3915 Nos
3205 3870 3358 3915 vero
3415 3871 3636 3916 coram
3682 3849 4018 3914 maiestate
4064 3849 4190 3913 Dei
4232 3848 4393 3915 facti
4437 3848 4748 3933 supplices,
4813 3903 4825 3920 .

2841 3936 3099 4001 infinita
3141 3945 3420 4019 peccata,
3465 3938 3700 4020 quibus
3744 3936 3883 4001 eius
3926 3935 3996 3998 in
4043 3954 4162 3999 nos
4207 3935 4374 4001 iram
4421 3952 4745 4019 provocare

2844 4043 2972 4087 non
2997 4021 3372 4098 desinimus,
3410 4032 3838 4104 agnoscentes
3863 4041 4203 4103 precemur
4226 4043 4376 4087 eum
4401 4032 4477 4087 ut
4501 4022 4747 4086 maiores

2843 4108 3053 4173 indies
3113 4129 3495 4190 progressus
3545 4108 3615 4172 iu
3673 4106 3854 4173 verbi
3914 4107 4017 4171 sui
4062 4106 4398 4172 auditione
4444 4108 4748 4179 faciamus,

2845 4214 3089 4277 nosque
3126 4195 3218 4259 ita
3254 4194 3377 4275 ipsi
3414 4192 3803 4270 dedicemus,
3850 4193 4113 4275 eiusque
4149 4193 4351 4257 cultui
4376 4193 4749 4267 studeamus,

2843 4295 2918 4346 ut
2965 4301 3112 4344 vere
3156 4281 3224 4344 in
3265 4279 3471 4361 ipsius
3510 4279 3748 4362 populo
3784 4297 4201 4344 censeamur:
4257 4291 4456 4361 atque
4491 4277 4748 4344 vicissim

2847 4389 2961 4432 nos
3006 4368 3097 4430 ita
3141 4376 3392 4431 tutetur
3435 4365 3577 4448 ipse
3619 4385 3695 4431 ao
3739 4374 4058 4448 protegat,
4127 4385 4207 4429 ne
4251 4386 4550 4447 unquam
4593 4382 4748 4448 pere·

2843 4474 3050 4530 amus,
3140 4451 3662 4535 quandoquidem
3725 4472 3845 4516 nos
3904 4451 4026 4516 sibi
4081 4450 4151 4514 in
4209 4450 4526 4534 populum
4587 4467 4749 4533 pecu·

2844 4538 3070 4602 liarem
3109 4547 3292 4601 tanto
3329 4537 3538 4622 pretio
3572 4537 3872 4602 asseruit.
3962 4534 4074 4602 Sic
4109 4549 4263 4601 vota
4286 4547 4517 4601 nostra
4539 4535 4750 4617 dirigat

2843 4634 2917 4689 ut
2982 4623 3123 4688 sine
3180 4623 3328 4687 fuco
3372 4635 3436 4687 et
3481 4623 3899 4688 simulatione
3945 4622 4226 4687 nominis
4269 4621 4413 4687 eius
4461 4639 4748 4705 propagn-

2842 4710 3004 4774 tioni
3066 4719 3133 4773 et
3173 4707 3421 4793 gloriae
3466 4709 3877 4773 studeamus:
3943 4728 4061 4772 nos
4105 4707 4187 4773 ab
4231 4708 4540 4774 omnibus
4585 4706 4750 4771 buius

2839 4795 3078 4861 saeculi
3142 4794 3577 4859 immunditiis
3622 4805 4018 4877 expurgatos
4062 4794 4308 4858 iustitia
4354 4815 4480 4859 sua
4522 4791 4749 4863 vestiat,

2840 4892 2911 4946 ut
2970 4881 3469 4945 sanctimoniam
3531 4880 3624 4947 sic
3683 4883 3749 4945 in
3812 4881 3954 4946 dies
4018 4879 4388 4944 excolentes
4432 4879 4515 4944 ad
4564 4881 4749 4961 ipsum

2837 4968 3099 5051 propius
3156 4965 3556 5051 pedetentim
3617 4965 4016 5043 accedamus,
4085 4963 4288 5030 donec
4331 4965 4402 5029 in
4449 4976 4749 5032 summam

808 5052 1025 5114 omnia
1086 5065 1310 5115 nostra
1353 5052 1602 5134 cedere,
1646 5073 2067 5133 quaecunque
2112 5048 2371 5114 tandem
2420 5048 2532 5115 illa
2576 5053 2730 5140 sint,
2832 5054 3016 5120 illam
3051 5065 3117 5119 et
3152 5065 3489 5118 aeternam
3525 5052 3992 5135 perfectionem
4031 5051 4446 5133 recipiamur.
4534 5052 4747 5116 Amen.

807 5135 956 5200 licet
1001 5137 1195 5200 etiam
1246 5138 1348 5203 hic
1396 5138 1738 5219 peculiaris
1781 5137 2096 5219 quaedam
2144 5149 2241 5200 est
2285 5137 2470 5200 ratio.

979 5220 1322 5288 Caeterum
1369 5224 1676 5290 dicuntur
1711 5221 2101 5304 sacrificasse
2121 5228 2178 5289 et
2198 5224 2502 5289 adorasse
2520 5244 2731 5293 coram
