5059 6059
845 357 976 425 295

853 569 928 614 se
970 545 1250 614 consilio
1298 560 1571 612 suorum
1619 545 2073 645 obtemperare
2115 544 2303 624 velle,
2350 554 2416 611 et
2459 545 2604 611 istis
2648 545 2820 609 frau-

858 633 1050 700 dibus
1118 633 1188 697 in
1248 630 1657 715 impietatem
1727 643 1794 697 et
1846 631 2238 697 niustitiam
2286 632 2504 697 omnia
2549 651 2819 696 conver·

855 718 1043 784 tere?
1126 717 1734 784 Verumenimvero
1780 716 1966 783 Deus
2024 719 2092 782 in
2154 717 2556 782 contrarium
2604 717 2823 781 omnia

854 805 1206 887 convertit,
1263 816 1332 868 et
1392 800 1792 870 callidorum
1855 825 1931 869 ac
1986 803 2430 887 versipellium
2477 801 2821 867 hominum

853 889 1131 955 consilia
1175 890 1244 957 in
1292 899 1492 973 caput
1562 889 1854 975 ipsorum
1917 899 2272 971 retorquet.
2361 886 2477 954 Sic
2535 888 2825 971 oportuit

854 974 1128 1045 Saulem
1177 976 1422 1041 Davidi
1466 975 1681 1040 filiam
1719 996 1904 1040 suam
1946 976 2195 1058 nuptiis
2235 974 2464 1054 locare,
2508 994 2591 1039 ex
2633 984 2824 1056 pacto

855 1060 1169 1140 debitam,
1228 1060 1387 1127 lieet
1430 1059 1712 1125 libenter
1759 1065 2171 1127 sententiam
2219 1080 2403 1126 suam
2448 1069 2621 1125 esset
2677 1079 2825 1125 mu-

858 1156 1142 1214 taturus.

1029 1230 1200 1314 Quis
1264 1252 1425 1298 vero
1463 1230 1736 1298 *tandem
1784 1231 2067 1297 istorum
2113 1230 2376 1297 exitus?
2464 1230 2824 1315 Sequitur:

861 1321 953 1388 Ec
1008 1319 1169 1385 vidit
1233 1315 1415 1396 Saul,
1479 1323 1533 1383 et
1576 1318 1882 1385 intellexit
1924 1319 2092 1400 quod
2123 1318 2446 1384 Dominus
2487 1322 2648 1382 esset
2689 1335 2828 1381 cum

861 1406 1106 1475 David.
1201 1403 1288 1469 Et
1349 1402 1512 1469 Saul
1553 1405 1760 1487 ’καρίς
1802 1405 1996 1484 coepit
2039 1405 2252 1469 timere
2295 1402 2532 1479 David,
2587 1404 2827 1484 factua-

869 1513 988 1576 que
1030 1495 1121 1557 est
1163 1490 1296 1572 ipsi
1339 1489 1642 1563 inimicus
1684 1490 1921 1573 eunetis
1954 1489 2191 1555 diebu&
2284 1490 2392 1555 Ex
2426 1487 2660 1571 quibus
2696 1488 2827 1553 cla-

871 1580 1011 1644 rius
1060 1574 1277 1642 adhuc
1320 1586 1596 1657 apparet
1639 1575 1812 1658 quod
1857 1595 2058 1658 supra
2102 1576 2546 1657 exposuimus,
2593 1594 2829 1656 nempe

873 1661 1212 1746 improbos
1258 1658 1522 1743 quidem
1570 1660 1804 1725 timere
1848 1660 2088 1737 Deum,
2134 1676 2202 1724 at
2246 1683 2379 1725 non
2428 1672 2498 1724 ut
2544 1680 2686 1725 sese
2732 1658 2827 1723 illi

873 1748 1290 1825 submittant,
1359 1755 1425 1811 et
1483 1766 1554 1810 se
1610 1744 1693 1810 ad
1737 1745 1943 1829 ipsius
1987 1746 2365 1829 obsequium
2414 1756 2827 1827 componant,

872 1834 989 1902 sed
1036 1833 1256 1917 potius
1299 1842 1378 1899 ut
1419 1830 1841 1897 infrendeant
1889 1831 2191 1898 dentibus
2235 1830 2550 1897 adversus
2588 1832 2828 1913 ipsum,

865 1933 937 1987 et
1039 1940 1112 1984 ro
1174 1917 1421 1985 viribus
1481 1917 1606 2000 ipsi
1660 1917 2089 1983 reluctentur.
2177 1917 2271 1983 Et
2315 1918 2439 1984 hoc
2485 1917 2620 1981 iam
2673 1927 2827 1982 ante

866 2008 938 2071 in
975 1941 1175 2073 §aule
1214 2003 1517 2079 vidimus,
1564 2013 1630 2069 et
1666 2004 1857 2068 modo
1892 2004 1974 2067 fit
2008 2003 2198 2088 longe
2235 2003 2493 2068 clarius.
2600 2002 2829 2082 Neque

865 2093 1040 2157 enim
1090 2099 1349 2155 tantum
1398 2088 1635 2153 dicitur
1683 2087 1842 2154 Saul
1890 2089 2133 2154 vidisse
2170 2088 2504 2154 Davidem
2544 2109 2662 2170 per
2698 2085 2828 2151 Dei

873 2178 1157 2264 gratiam
1203 2195 1517 2258 prospero
1554 2195 1772 2238 rerum
1813 2177 1905 2238 uti
1944 2194 2267 2254 successu,
2312 2173 2428 2240 sed
2476 2174 2829 2258 agnovisse

917 2281 1258 2345 rosperum
1302 2259 1483 2325 illam
1535 2279 1910 2325 successum
1961 2260 2202 2325 Davidi
2238 2262 2621 2342 contingere
2658 2258 2825 2342 quod

867 2285 1058 2415 IDeus
1102 2357 1274 2412 esset
1318 2367 1465 2411 cum
1507 2346 1665 2428 ipso.
1756 2345 1979 2426 Quare
2013 2346 2217 2430 igitur
2255 2348 2440 2411 timet
2475 2344 2830 2415 Davidem,

871 2436 930 2500 si
989 2435 1175 2499 Deus
1241 2441 1385 2497 erat
1427 2451 1577 2495 cum
1623 2430 1806 2514 ipso?
1899 2431 2069 2496 Nam
2120 2433 2182 2497 si
2228 2433 2557 2497 fortunam
2606 2430 2830 2494 existi·

871 2526 1115 2587 masset
1179 2538 1401 2581 rerum
1460 2515 1793 2581 dominam
1880 2515 2126 2582 Davidi
2184 2518 2430 2594 favere,
2496 2516 2830 2581 videretur

870 2602 1281 2688 aliquomodo
1338 2601 1770 2680 excusandus,
1827 2603 1881 2668 si
1940 2600 2266 2668 Davidem
2327 2611 2588 2687 optaret
2647 2601 2829 2666 mille

871 2690 1189 2757 mortibus
1243 2688 1475 2771 perire.
1562 2685 1696 2755 Sed
1751 2708 1951 2771 quum
2010 2689 2135 2754 sibi
2178 2689 2574 2772 persuadeat
2619 2686 2826 2752 Davi-

875 2777 1023 2843 dem
1081 2796 1199 2858 per
1253 2794 1324 2839 se
1387 2773 1554 2838 nihil
1611 2794 1774 2855 esse,
1833 2772 1946 2840 sed
1991 2774 2307 2858 quidquid
2353 2783 2453 2840 est
2502 2793 2657 2839 esse
2700 2771 2829 2837 Dei

871 2865 1116 2941 favore,
1161 2870 1227 2925 et
1270 2859 1579 2925 bonitatis
1624 2859 1887 2924 divinae
1932 2860 2120 2943 signa
2164 2882 2294 2925 non
2331 2860 2536 2926 dubia
2582 2860 2650 2924 in
2687 2858 2829 2941 ipso

870 2967 1204 3031 apparere,
1295 2966 1500 3029 quare
1577 2943 1977 3029 obstupescit
2058 2955 2126 3010 et
2205 2955 2383 3011 totus
2460 2942 2825 3011 cohorret?

870 3035 1109 3101 Nonne
1175 3032 1396 3115 potius
1448 3029 1723 3096 debebat
1789 3032 1914 3096 hoc
1978 3030 2049 3095 in
2114 3033 2405 3097 animum
2473 3030 2829 3095 inducere:

871 3119 1056 3193 Deus
1112 3117 1222 3183 hic
1282 3128 1399 3194 est,
1467 3136 1623 3200 ergo
1684 3118 1953 3201 propius
1997 3117 2159 3182 mihi
2205 3115 2646 3184 accedendum
2695 3125 2829 3180 est.

875 3204 1008 3273 Sed
1057 3225 1184 3287 quo
1232 3202 1424 3287 plura
1470 3202 1654 3268 videt
1698 3203 2107 3285 praesentiae
2144 3204 2269 3269 Dei
2310 3205 2518 3287 signa,
2573 3222 2651 3267 eo
2687 3202 2832 3285 plus

875 3292 1117 3366 horret,
1162 3300 1227 3353 et
1263 3289 1527 3373 longius
1563 3289 1830 3353 recedit.
1923 3287 2496 3368 Quemadmodum
2539 3288 2837 3353 homines

876 3377 1136 3444 rabidos
1201 3373 1502 3440 videmus
1554 3373 1681 3440 huc
1738 3373 1894 3441 illuc
1956 3374 2594 3458 circumspectantes,
2653 3374 2708 3440 si
2765 3373 2837 3439 in

878 3482 1088 3545 aquae
1132 3468 1551 3544 conspectum
1598 3459 1951 3525 inciderint
1995 3461 2245 3540 terreri,
2319 3472 2386 3525 et
2430 3461 2554 3525 sibi
2600 3479 2837 3543 aquam

880 3548 1275 3614 contrariam
1341 3538 1707 3630 imaginari,
1768 3545 1938 3628 quod
2003 3560 2217 3611 tamen
2279 3546 2692 3611 elementum
2739 3555 2839 3610 est

879 3635 1054 3700 vitae
1122 3632 1449 3696 humanae
1516 3633 2072 3713 pernecessarium
2138 3642 2210 3696 et
2276 3631 2467 3697 utile:
2537 3631 2629 3694 ita
2676 3628 2840 3698 Saul

881 3719 990 3786 hic
1048 3717 1308 3782 videtur
1363 3715 1494 3781 Dei
1555 3717 2004 3799 praesentiam
2054 3728 2361 3799 tanquam
2404 3717 2527 3783 sibi
2572 3719 2836 3782 noxiam

884 3806 1170 3870 horrere.
1242 3802 1414 3867 Nam
1451 3800 1632 3867 illius
1674 3814 1962 3867 mentem
2005 3802 2098 3869 sic
2137 3813 2579 3869 transversam
2606 3802 2842 3886 agebat

884 3887 1160 3956 frenesis
1228 3897 1303 3952 ut
1365 3888 1615 3971 gratiae
1681 3887 1811 3952 Dei
1881 3890 2278 3971 praesentia,
2344 3909 2509 3972 quae
2576 3906 2839 3954 omnem

886 3984 1131 4042 metum
1191 3983 1261 4037 et
1312 3993 1620 4054 pavorem
1665 3973 1873 4039 lenire
1917 3984 1984 4040 et
2030 3975 2293 4057 placare
2340 3975 2523 4052 solet,
2579 3982 2840 4057 pertur-

887 4063 1078 4127 betur
1142 4058 1376 4141 magis,
1444 4071 1510 4122 et
1575 4081 1702 4124 non
1771 4062 1981 4142 possit
2050 4061 2379 4142 quiescere
2443 4071 2505 4125 et
2574 4062 2714 4125 suis
2771 4081 2843 4125 se

888 4144 1400 4230 cogitationibus
1466 4144 1685 4223 solari,
1760 4144 1871 4210 sed
1946 4145 2138 4211 furiis
2196 4147 2482 4230 agitetur
2540 4157 2614 4211 ut
2672 4144 2841 4211 nihil

887 4232 1061 4316 apud
1113 4248 1184 4295 se
1240 4230 1444 4312 possit
1500 4239 1808 4309 statuere,
1876 4252 2160 4313 moxque
2206 4233 2273 4295 in
2323 4232 2494 4298 hanc
2537 4232 2729 4297 modo
2770 4233 2840 4296 in

888 4319 1068 4384 illam
1140 4315 1581 4400 propendeat:
1653 4316 2018 4383 Davidisne
2098 4319 2538 4399 praesentiam
2614 4318 2866 4401 fugiat,

890 4416 1173 4486 eumque
1232 4400 1460 4485 procul
1521 4422 1562 4465 a
1618 4422 1689 4466 se
1735 4401 2012 4485 ableget,
2073 4424 2157 4467 an
2210 4424 2363 4468 vero
2408 4403 2585 4468 domi
2627 4404 2842 4485 ipsum

889 4490 1190 4557 retineat.
1280 4486 1580 4552 Profecto
1626 4486 1816 4553 nobis
1863 4487 2173 4553 omuibus
2218 4488 2389 4553 idem
2435 4488 2845 4574 contingeret

893 4575 1024 4641 nisi
1068 4562 1254 4640 Deus
1299 4575 1441 4655 ipse
1486 4571 1675 4639 nobis
1722 4583 1947 4638 notum
1995 4575 2239 4639 faceret
2283 4573 2658 4657 ubicunque
2701 4595 2847 4659 gra·

894 4662 1023 4727 tiae
1067 4659 1273 4743 ipsius
1318 4667 1638 4741 apparent
1681 4658 1984 4743 vestigia,
2032 4657 2305 4724 totidem
2351 4680 2493 4726 esse
2535 4660 2845 4726 bonitatis

890 4747 1099 4831 ipsius
1190 4763 1348 4827 erga
1428 4762 1547 4810 nos
1616 4744 2007 4810 testimonia.
2097 4744 2543 4825 Quamobrem
2622 4746 2844 4812 obser-

896 4831 1182 4898 vandum
1241 4841 1338 4895 est
1382 4830 1556 4895 istud
1601 4828 1822 4897 Saulis
1866 4830 2259 4914 exemplum,
2319 4843 2398 4896 ut
2441 4831 2497 4896 si
2542 4830 2732 4898 Deus
2777 4834 2845 4897 in

896 4918 1232 5001 proximos
1288 4926 1548 4981 nostros
1616 4917 1856 4981 amoris
1915 4917 2019 4982 sui
2072 4927 2139 4980 et
2181 4928 2494 4999 paternae
2538 4915 2848 4983 bonitatis

893 5004 1088 5087 signa
1129 5000 1477 5068 contulerit
1531 5002 1715 5068 varia
1769 5001 1937 5067 dona
1980 5010 2046 5068 et
2083 5023 2204 5067 sua
2234 5002 2454 5086 gratia
2490 5005 2847 5088 exornarit,

2489 354 2902 423 HOMILIA
2946 353 3206 421 LXIX.

4667 355 4753 422 296

2920 544 3316 628 exemplum,
3374 554 3437 610 et
3491 564 3683 629 quam
3745 541 4145 610 detestabilis
4204 542 4537 608 hominum
4573 544 4767 627 malitia,

2921 630 3031 711 qui
3076 631 3397 695 adversus
3443 631 3563 696 Dei
3608 630 3889 716 gratiam
3935 631 4005 696 in
4050 630 4267 712 aliquo
4313 650 4469 712 prae
4512 628 4634 693 aliis
4666 652 4768 696 eon·

2923 718 3214 799 spicuam
3262 737 3395 782 non
3439 729 3755 782 verentur
3800 715 4194 781 stomachari
4236 726 4300 780 et
4331 718 4768 798 magnoperein-

2926 802 3200 885 dignari,
3249 802 3408 867 adeo
3451 814 3528 867 ut
3569 803 3892 881 resistere,
3939 811 4005 867 et
4045 822 4188 867 sese
4231 801 4329 865 illi
4364 821 4658 883 opponere
4683 824 4772 867 non

2929 887 3395 953 reformident?
3481 888 3624 954 Nae
3667 888 3829 954 haec
3872 908 3999 952 non
4045 887 4353 953 videntur
4396 907 4572 968 posse
4608 886 4665 951 in
4692 888 4773 951 ho·

2925 974 3136 1039 mines
3193 972 3454 1039 cadere:
3515 995 3744 1040 verum
3801 994 4005 1056 quum
4062 972 4130 1037 in
4190 973 4536 1056 reprobum
4583 992 4778 1038 sensum

2926 1059 3389 1135 coniiciuntur,
3434 1059 3587 1143 quid
3631 1081 3760 1126 non
3805 1058 4066 1133 audent,
4109 1059 4319 1124 instar
4363 1057 4709 1123 furiosorum
4737 1077 4780 1122 et

2928 1144 3304 1211 rabidorum
3339 1165 3599 1224 canum,
3635 1157 3711 1211 ut
3746 1154 3903 1211 ante
3939 1143 4319 1210 docuimus?
4398 1142 4567 1223 Quid
4608 1164 4780 1226 quaeso

2929 1232 3150 1297 Esavo
3206 1230 3526 1315 contigit?
3601 1253 3732 1315 quo
3789 1229 4154 1296 dementiae
4209 1229 4518 1297 devenit?
4597 1228 4711 1294 Nae
4747 1230 4782 1293 si

2930 1316 3137 1401 patris
3195 1315 3705 1382 benedictionem
3764 1316 4279 1400 contempsisset,
4347 1314 4562 1380 datam
4611 1314 4782 1380 Iacobo

2930 1423 3122 1485 quam
3147 1400 3374 1467 fraude
3397 1403 3865 1486 praeripuerat,
3910 1403 4096 1486 parvi
4128 1401 4375 1468 factum
4412 1400 4569 1465 illud
4594 1400 4783 1466 fecisset

2932 1499 2998 1553 et
3057 1509 3176 1573 pro
3235 1488 3445 1555 nihilo
3502 1488 3854 1554 habuisset.
3939 1487 4033 1553 At
4089 1508 4231 1554 sese
4271 1487 4679 1552 vehementer
4711 1508 4783 1549 ex·

2929 1575 3198 1652 cruciat,
3258 1587 3323 1639 et
3383 1575 3732 1658 gemitibus
3791 1596 3865 1640 ac
3924 1570 4278 1639 ululatibus
4333 1573 4559 1655 implet
4610 1573 4788 1637 omnin.

2930 1659 3109 1740 Quid
3146 1660 3239 1725 ita
3276 1660 3479 1725 vero?
3553 1660 3807 1744 Nempe
3840 1661 3967 1725 ista
4001 1680 4134 1725 non
4172 1679 4314 1725 esse
4348 1680 4489 1724 rem
4526 1658 4790 1732 ludicram,

2930 1765 3144 1828 neque
3210 1745 3318 1812 bic
3384 1745 3491 1829 agi
3558 1745 3844 1812 fabulam
3912 1745 4191 1812 sciebat:
4257 1744 4370 1809 sed
4439 1742 4647 1810 Deum
4699 1742 4797 1807 istis

2931 1851 3230 1915 praeesse
3286 1843 3354 1897 et
3411 1833 3632 1897 eadem
3695 1852 3923 1917 regere
3965 1831 4409 1915 cognoscebat,
4470 1831 4796 1911 fratremque

2931 1939 3123 1983 suum
3172 1916 3476 1984 Iacobum
3525 1940 3565 1982 a
3605 1916 3893 1983 Domino
3937 1919 4216 1983 electum
4264 1916 4414 1981 inde
4461 1916 4638 1983 facile
4672 1914 4796 1981 colli·

2931 2004 3159 2088 gebat:
3241 2003 3354 2069 sed
3433 2025 3519 2069 an
3582 2003 3730 2069 ideo
3794 2025 3936 2069 sese
4000 2001 4081 2068 ad
4146 2001 4417 2067 Domini
4485 2001 4795 2083 obsequium

2931 2087 3404 2172 componebat?
3488 2088 3635 2155 Imo
3714 2100 3945 2156 contra
4022 2109 4164 2154 sese
4272 2088 4591 2171 ropinqua
4646 2088 4799 2169 patris

2933 2195 3091 2239 nece
3157 2174 3527 2241 consolatus
3586 2187 3703 2251 est,
3771 2186 3838 2240 et
3900 2196 4016 2258 spe
4075 2174 4155 2240 de
4240 2185 4411 2239 ratre
4472 2171 4648 2238 brevi
4695 2194 4727 2236 a
4757 2193 4802 2235 se

2933 2262 3382 2327 interficiendo
3446 2262 3772 2327 sustinuit.
3860 2259 4090 2344 Itaque
4149 2259 4657 2327 benedictionem
4704 2256 4803 2320 Deo

2933 2346 3195 2412 nolente
3255 2346 3403 2411 vult
3458 2346 3768 2426 obtinere,
3834 2347 3941 2412 vel
3999 2346 4221 2411 eodem
4268 2347 4501 2411 invito.
4588 2348 4671 2411 At
4704 2345 4803 2426 qui·

2934 2454 3084 2498 nam
3147 2433 3225 2497 fit
3291 2441 3365 2496 ut
3429 2432 3710 2512 Esavus,
3775 2433 3830 2498 si
3898 2434 4167 2497 fratrem
4233 2453 4422 2498 suum
4493 2431 4739 2498 electum
4779 2449 4804 2488 ε

2934 2517 3222 2582 Domino
3286 2518 3486 2583 fuisse
3551 2519 3813 2595 sciebat,
3877 2531 3943 2582 et
4006 2518 4102 2582 ita
4168 2537 4521 2601 persuasus
4576 2526 4713 2587 erat,
4760 2526 4808 2577 ut

2936 2604 3245 2669 reluctari
3310 2625 3440 2669 non
3513 2614 3750 2688 posset,
3821 2615 4047 2670 contra
4113 2601 4239 2667 Dei
4306 2603 4637 2668 decretum
4676 2601 4805 2665 tnui

2936 2698 3153 2756 struat
3208 2689 3499 2769 insidias,
3574 2699 3637 2755 et
3690 2698 3970 2754 mortem
4031 2689 4171 2754 eius
4212 2686 4535 2772 quaerat?
4618 2686 4810 2767 Nempe

2935 2775 3091 2841 hinc
3151 2784 3421 2858 apparet
3463 2775 3634 2859 quod
3678 2785 3832 2840 ante
3877 2774 4037 2852 dixi,
4092 2776 4418 2842 coniectos
4468 2774 4737 2839 homines
4768 2772 4807 2833 in

2936 2858 3284 2945 reprobum
3327 2881 3594 2927 sensum
3638 2881 3832 2927 suum
3868 2862 4157 2945 ipsorum
4193 2860 4478 2925 exitium
4514 2870 4580 2925 et
4612 2858 4809 2924 ruinam

2936 2967 3323 3031 promovere
3396 2946 3709 3013 adversus
3778 2947 3996 3013 Deum
4054 2945 4430 3031 pugnando.
4523 2946 4627 3011 Ex
4680 2954 4814 3027 parte

2938 3031 3195 3116 quidem
3246 3031 3367 3097 sibi
3410 3031 3631 3098 Deum
3678 3032 4024 3098 adversum
4071 3031 4396 3097 sentiunt:
4460 3031 4574 3097 sed
4617 3030 4728 3097 alia
4758 3048 4813 3090 ex

2938 3131 3125 3202 parte
3162 3139 3424 3183 sensum
3462 3139 3719 3185 omnem
3758 3117 4123 3183 divinitatis
4159 3115 4500 3198 abiiciunt,
4544 3126 4611 3182 et
4641 3126 4815 3200 sponte

2939 3226 3079 3270 sese
3137 3206 3206 3268 in
3262 3203 3563 3270 tenebras
3620 3203 3994 3284 coniiciunt,
4058 3224 4454 3286 omnemque
4508 3201 4813 3269 considera·

2939 3292 3180 3355 tionem
3270 3292 3597 3374 potentiae
3686 3288 3815 3355 Dei
3905 3289 4185 3374 fugiunt.
4277 3290 4587 3372 Denique
4660 3288 4818 3354 Deum

2939 3378 3151 3460 ipsum
3212 3375 3507 3455 horrent,
3562 3376 3831 3441 minime
3888 3376 4148 3459 quidem
4196 3384 4350 3439 ante
4392 3375 4606 3459 ipsius
4644 3372 4818 3439 maies-

2941 3472 3139 3527 tatem
3200 3473 3575 3538 trementes,
3623 3472 3687 3527 et
3731 3482 3873 3528 sese
3917 3461 4012 3526 illi
4056 3461 4520 3527 subiicientes:
4585 3461 4687 3526 sed
4722 3474 4820 3523 seso

2938 3547 3152 3631 magis
3226 3547 3631 3624 indurantes,
3699 3557 3765 3613 et
3820 3548 3892 3612 in
3951 3546 4198 3612 malitia
4254 3544 4674 3612 obfirmantes
4719 3543 4820 3608 siue

2939 3633 3197 3699 ratione
3242 3649 3308 3697 et
3350 3632 3606 3700 iudicio.

3113 3717 3297 3783 Idem
3357 3717 3547 3785 Sauli
3603 3719 3773 3784 conti
3824 3719 3949 3784 isse
4007 3718 4327 3784 videmus.
4418 3716 4645 3786 Sensit
4693 3717 4819 3779 enim

2943 3815 3010 3869 et
3090 3806 3230 3887 ipsa
3309 3805 3716 3887 experientia
3822 3815 4009 3871 octus
4073 3815 4172 3871 est
4235 3803 4459 3870 Deum
4527 3824 4664 3870 esse
4716 3817 4819 3866 eum

2942 3890 3237 3956 Davide:
3304 3912 3458 3956 nam
3518 3912 3650 3956 non
3711 3891 4092 3974 simpliciter
4150 3890 4387 3956 dicitur
4434 3889 4656 3956 David
4692 3904 4820 3970 prot·

2943 3997 3098 4060 pero
3162 3996 3463 4043 successu
3537 3998 3761 4042 rerum
3818 3997 3979 4042 usus
4033 3976 4252 4056 fuisse,
4318 3975 4437 4042 sed
4500 3976 4677 4041 Deus
4718 3987 4819 4037 cum

2946 4065 3085 4146 ipso
3144 4063 3364 4138 fuisse,
3432 4073 3499 4128 et
3555 4063 3835 4128 eundem
3893 4061 4237 4128 adiuvisse.
4328 4064 4439 4128 An
4510 4083 4663 4128 vero
4710 4052 4817 4126 8⁸⁰¹

2941 4146 3184 4214 idcirco
3243 4147 3531 4215 mollitus
3587 4158 3705 4228 est,
3760 4155 3827 4214 et
3881 4169 4024 4213 sese
4080 4168 4300 4213 coram
4343 4147 4500 4213 Deo
4545 4145 4753 4212 deiecit
4779 4148 4819 4202 οἳ

2944 4234 3363 4301 humiliavit?
3406 4255 3489 4300 an
3526 4235 3792 4318 agnovit
3826 4255 3897 4299 se
3932 4234 4107 4300 vires
4142 4233 4473 4300 humanas
4508 4253 4666 4318 opus
4692 4246 4823 4311 supe·

2946 4341 3104 4385 rans
3168 4320 3457 4403 aggredi,
3528 4341 3731 4403 quum
3792 4319 4120 4386 Davidem
4178 4322 4557 4403 opprimere
4608 4315 4820 4410 veleb-⁸²0

2946 4426 3140 4488 quem
3185 4406 3371 4471 Deus
3415 4404 3792 4471 attollebat?
3856 4405 4104 4472 Contra
4146 4407 4358 4490 magis
4400 4405 4727 4489 magisque
4756 4418 4822 4462 m·

2948 4492 3223 4556 duratus
3267 4500 3332 4556 et
3374 4490 3759 4558 obfirmatus
3794 4504 3910 4557 est.
3978 4491 4070 4556 Et
4102 4490 4253 4556 licet
4287 4491 4648 4557 amicitiam
4678 4489 4823 4554 simu·

2948 4577 3133 4655 lavit,
3200 4576 3451 4660 ipsique
3514 4578 3717 4643 filiam
3783 4598 3969 4644 suam
4037 4577 4286 4662 nuptiis
4350 4576 4605 4654 locarit,
4659 4584 4822 4639 tamen

2948 4662 3167 4729 odium
3243 4661 3559 4729 adversus
3638 4663 3850 4746 ipsum
3912 4673 4177 4747 pectore
4242 4662 4428 4741 fovit,
4520 4672 4824 4736 metumque

2948 4750 3122 4814 intra
3165 4770 3235 4814 se
3278 4749 3617 4829 continuit,
3663 4748 4070 4816 occasionem
4113 4768 4437 4833 quaerens
4480 4744 4771 4813 Davidem
4799 4758 4822 4801 θ

2948 4834 3124 4900 vivis
3184 4833 3481 4918 tollendi,
3539 4833 3730 4900 modo
3773 4843 3995 4900 tamen
4031 4855 4117 4901 ne
4150 4834 4290 4917 ipse
4325 4832 4565 4900 fecisse
4600 4833 4690 4898 vel
4718 4846 4820 4894 con·

2950 4921 3125 4987 scius
3184 4921 3381 4986 tuisse
3426 4919 3781 4987 videretur.
3838 4919 4090 4987 Idcirco
4133 4919 4372 4986 dicitur
4417 4918 4505 4985 ad
4550 4921 4725 4985 finem
4751 4931 4821 4975 m·

2950 5027 3075 5089 que
3111 5005 3311 5072 fuisse
3344 5006 3555 5072 factus
3590 5006 3894 5072 inimicus
3926 5004 4202 5071 Davidi:
4239 5005 4663 5089 quamobrem
4682 5002 4823 5067 timor

900 5089 1227 5154 discamus
1292 5106 1404 5153 eos
1469 5107 1712 5166 amare,
1776 5096 1843 5153 et
1906 5089 1977 5154 in
2046 5088 2206 5171 ipsis
2263 5088 2479 5154 Deum
2527 5088 2740 5155 colere
2783 5101 2851 5155 et
2950 5091 3064 5157 ille
3094 5091 3225 5157 fuit
3252 5090 3536 5158 furiosus
3566 5101 3633 5158 et
3662 5092 3949 5171 rabidus,
3993 5092 4206 5175 qualis
4235 5110 4377 5156 esse
4406 5090 4580 5158 solet
4600 5086 4821 5175 omnim}

898 5172 1221 5251 uenerari,
1266 5193 1352 5238 ne
1393 5174 1562 5237 forte
1606 5173 1793 5240 nobis
1838 5174 2011 5240 idem
2045 5172 2218 5257 quod
2256 5171 2441 5241 Sauli
2477 5175 2844 5261 contingat.

895 5259 1243 5327 Caeterum
1331 5276 1529 5341 quam
1615 5257 2015 5326 horrendum
2096 5265 2218 5341 est,
2306 5280 2563 5343 quaeso,
2657 5260 2836 5327 istud

2952 5178 3398 5261 improborum
3502 5188 3570 5242 et
3655 5176 4098 5261 reproborum.
4184 5176 4415 5261 Neque
4506 5178 4671 5243 enim
4738 5167 4823 5235 De·

2954 5264 3232 5349 gratiam
3285 5274 3559 5348 possunt
3613 5283 3808 5348 quam
3868 5260 4401 5331 animadvertunt
4456 5271 4823 5330 contemnem
