5059 6059
382 304 521 372 369

384 495 557 573 lans,
601 493 672 561 in
714 493 828 559 illo
870 498 1125 578 patrem
1159 492 1265 560 vel
1308 513 1527 570 avum,
1570 489 1680 556 vel
1724 487 2000 575 denique
2041 492 2320 557 maiores

382 581 601 666 punit.
690 578 881 660 Quae
910 578 1155 646 iudicia
1197 578 1350 646 licet
1388 577 1471 644 ob
1513 575 1753 642 mentis
1796 587 2061 643 nostrae
2103 578 2319 642 tenui-

384 676 597 732 tatem
654 685 783 731 non
841 666 1154 749 capimus,
1213 676 1432 731 tamen
1487 660 1818 730 adoranda
1873 671 2029 728 sunt
2073 663 2143 729 in
2185 662 2319 728 illis

384 751 521 817 Dei
580 750 868 829 consilia,
911 750 1102 835 eique
1146 759 1331 816 tauta
1373 757 1635 834 tamque
1675 748 1962 831 perfecta
2004 755 2072 813 et
2112 747 2317 815 admi-

382 836 603 905 randa
655 837 974 920 sapientia
1007 835 1372 915 tribuenda,
1418 844 1494 901 ut
1534 833 1617 900 ad
1660 854 1805 900 eam
1850 835 2071 900 omnia
2097 844 2319 899 nostra

387 922 673 989 consilia
735 922 1092 988 referamus
1108 971 1125 1003 ,
1184 942 1505 1007 sensuque
1568 938 1796 986 omnes
1851 918 2058 985 eidem
2125 918 2322 986 subii·

380 1008 657 1075 ciamus.
746 1007 851 1073 En
895 1008 1112 1091 itaque
1156 1016 1231 1073 ut
1270 1007 1456 1074 Deus
1499 1005 1762 1090 quidem
1809 1004 2159 1089 unicuique
2221 1026 2319 1071 se-

379 1094 680 1162 cundum
721 1113 915 1159 suum
1093 1093 1278 1159 'tium
1317 1091 1636 1178 rependit,
1691 1099 1757 1156 et
1792 1100 2008 1157 tamen
2053 1100 2315 1176 patrum

380 1180 459 1246 in
503 1180 637 1245 illis
679 1178 941 1261 scelera,
1111 1181 1367 1245 tertiam
1409 1187 1789 1262 quartamve
1830 1177 2315 1262 generationem

380 1264 743 1332 ulciscitur.
830 1264 922 1330 Et
979 1264 1240 1347 quidem
1294 1263 1642 1331 verborum
1697 1260 1958 1328 illorum
2013 1262 2123 1330 hic
2164 1282 2314 1329 sen-

379 1372 502 1418 sus
554 1361 675 1424 est.
733 1358 796 1416 et
852 1349 1130 1434 insignis
1173 1350 1490 1432 doctrina,
1530 1367 1735 1432 quum
1777 1347 1995 1413 Deum
2039 1348 2314 1414 suscita-

378 1448 611 1502 turum
652 1434 907 1502 fidelem
965 1435 1361 1502 sacerdotem
1414 1436 1683 1520 spiritus
1725 1433 2054 1517 praedicit,
2119 1452 2314 1517 quem

382 1520 701 1590 Solomon
762 1518 1068 1605 deinceps
1110 1522 1178 1586 in
1234 1520 1637 1588 sacerdotem
1681 1517 2007 1585 ordinavit
2047 1539 2124 1586 ac
2167 1518 2318 1586 licet

376 1607 465 1674 de
520 1606 747 1673 divina
805 1606 1128 1674 sententia
1169 1627 1298 1672 non
1358 1605 1671 1689 cogitaret
1720 1603 2152 1689 exsequenda,
2192 1605 2315 1669 mi-

378 1694 659 1761 nisterio
740 1699 961 1758 tamen
1039 1703 1158 1758 suo·
1221 1692 1520 1760 divinum
1583 1688 1914 1756 decretum
1992 1689 2312 1775 implevit.

376 1780 491 1846 En
541 1776 779 1862 quibus
834 1775 1045 1844 modis
1100 1777 1283 1845 Deus
1327 1778 1736 1859 omnipotens
1780 1775 1862 1841 ad
1904 1775 2311 1842 decretorum

376 1885 649 2016 sporgm
706 1863 1388 2016 impletilonanoexbus
1429 1860 2314 2013 ‘l’mssibmdmatioffnutffm'

371 1973 413 2016 e
489 1971 530 2016 a
616 1970 803 2016 suam
846 1970 932 2014 vo
959 1970 1047 2015 un
1299 1970 1386 2014 im
1461 1969 1543 2014 en
1591 1967 1699 2013 am
1788 1969 1843 2014 is
1929 1970 1974 2012 n
2203 1966 2310 2012 am

370 2036 502 2103 etsi
556 2055 799 2119 poenas
855 2033 1183 2100 Abiathar
1238 1970 1504 2119 propior
1573 2032 1812 2098 laesam
1844 1968 2049 2118 pif'egis
2104 2033 2305 2099 maie·

370 2129 617 2187 statem
676 2120 818 2199 luit,
863 2139 1019 2187 reus
1071 2121 1250 2186 enim
1293 2119 1520 2186 mortis
1562 2127 1724 2197 erat,
1772 2118 1903 2184 Dei
1944 2129 2164 2184 tamen
2208 2117 2310 2183 iu-

369 2206 565 2273 diciis
621 2205 745 2272 hac
786 2205 1041 2272 ratione
1096 2206 1203 2271 via
1242 2205 1414 2273 facta
1455 2212 1574 2285 est,
1617 2204 1761 2269 Deo
1815 2204 1886 2268 in
1931 2202 2312 2270 Abiatharis

369 2313 661 2378 persona
700 2290 906 2357 Helin
962 2290 1276 2375 puniente
1331 2301 1399 2357 et
1452 2290 1526 2354 in
1582 2289 1722 2356 eius
1778 2289 2092 2355 familiam
2138 2288 2308 2373 quod

367 2400 444 2446 se
503 2377 833 2444 facturum
890 2386 1034 2443 erat
1082 2377 1388 2457 minatus,
1445 2372 1725 2442 dedecus
1767 2384 1833 2440 et
1885 2375 2308 2459 ignominiam

366 2463 736 2531 derivante.
824 2460 1083 2544 Quibus
1136 2461 1440 2528 omnibus
1497 2480 1575 2527 ea
1627 2481 1823 2544 quam
1870 2461 2172 2545 superius
2214 2467 2310 2526 at-

368 2550 647 2635 tigimus
690 2547 988 2614 doctrina
1026 2549 1480 2629 confirmatur,
1518 2546 1664 2612 Deo
1708 2566 1839 2612 non
1882 2546 2311 2630 patefaciente

368 2655 646 2703 suorum
690 2633 1076 2702 iudiciorum
1118 2634 1309 2718 signa
1342 2631 1705 2712 manifesta,
1746 2652 2021 2715 quorum
2064 2631 2312 2697 intuitu

370 2731 763 2802 terreamur,
808 2739 939 2785 non
983 2718 1130 2784 ideo
1173 2727 1393 2785 tamen
1428 2716 1968 2794 insolescendum,
2010 2716 2125 2783 sed
2169 2736 2309 2782 mo-

369 2807 561 2874 deste
605 2804 687 2876 de
728 2825 799 2870 se
842 2803 1255 2871 sentiendum
1299 2813 1366 2870 et
1407 2823 1625 2870 coram
1646 2802 1933 2868 Domino
1974 2800 2311 2868 ambulan-

368 2893 552 2971 dum,
610 2889 1130 2975 quandoquidem
1173 2901 1241 2956 et
1294 2897 1448 2974 post
1485 2888 1624 2954 fata
1665 2908 1819 2954 suas
1858 2888 2148 2954 rationes
2190 2887 2311 2953 ha·

368 2978 504 3059 bet,
560 2997 706 3058 nos,
759 2998 892 3042 non
947 2976 1166 3042 minus
1224 2994 1422 3060 quam
1478 2973 1620 3039 vita
1681 2975 2047 3060 fungentes,
2110 2973 2308 3040 corri-

368 3061 603 3148 piendi
680 3071 745 3130 et
822 3060 1207 3147 castigandi.·
1312 3059 1402 3126 Et
1489 3058 1808 3127 hactenus
1890 3058 2151 3143 quidem
2231 3057 2310 3124 de

370 3150 752 3215 divinorum
817 3146 1205 3213 iudiciorum
1281 3145 1550 3216 occultis
1612 3146 1743 3211 viis
1806 3153 1872 3210 et
1944 3143 2310 3210 rationibus

368 3234 625 3300 dictum
682 3240 818 3299 est:
889 3231 1060 3316 qnod
1116 3240 1339 3300 tamen
1403 3240 1867 3316 argumentum
1930 3230 2308 3314 ampliorem

368 3329 733 3387 tractatum
783 3324 1097 3418 posceret,
1154 3315 1267 3386 sed
1311 3318 1382 3383 in
1423 3316 1794 3401 praesentia
1835 3336 2037 3400 quum
2079 3315 2161 3381 de
2202 3335 2310 3382 oc·

372 3404 579 3473 cultis
620 3403 754 3471 Dei
792 3401 1052 3471 iudiciis
1093 3411 1344 3489 agatur,
1389 3401 1793 3469 intellexisse
1834 3402 2132 3481 sufficiat,
2177 3421 2310 3466 non

370 3491 597 3557 inulta
643 3489 838 3555 fuisse
880 3489 1163 3555 filiorum
1208 3488 1366 3555 Heli
1407 3489 1492 3554 fla
1543 3487 1675 3570 'tia,
1717 3488 1872 3556 licet
1920 3487 1990 3552 in
2051 3496 2311 3571 tempus

374 3597 591 3660 usque
636 3573 1006 3643 Solomonis
1060 3573 1260 3640 dilata
1313 3573 1399 3639 sit
1454 3595 1497 3639 u
1527 3573 1644 3639 tio:
1706 3593 1784 3640 ac
1840 3571 2113 3657 proinde
2160 3571 2314 3637 licet

377 3663 697 3746 temporis
760 3661 1242 3745 longinquitate
1295 3659 1548 3743 sepulta
1604 3668 1675 3725 et
1714 3659 2056 3726 obliterata
2108 3656 2313 3724 videri

376 3756 602 3833 posset
642 3745 976 3830 iniquitas,
1025 3746 1097 3811 in
1140 3745 1271 3812 Dei
1312 3754 1533 3811 tamen
1574 3744 1843 3813 consilio
1885 3758 2148 3811 aeterno
2191 3742 2312 3807 im-

377 3853 674 3917 pressam
715 3842 784 3897 et
825 3831 1216 3916 insculptam
1249 3830 1566 3897 hactenus
1608 3829 2015 3897 remansisse.

557 3915 874 4002 Sequitur
895 3917 959 3984 in
991 3917 1346 4003 prophetae
1368 3916 1619 3983 verbis:
1662 3915 1878 3983 Deum
1920 3914 2019 3981 illi
2059 3914 2316 3980 domum

374 4002 888 4087 aedificaturum,
931 4003 1170 4087 quibus
1202 4001 1420 4070 verbis
1444 4002 1575 4069 alia
1609 4000 2052 4086 metaphorica
2085 4000 2312 4084 loquu-

378 4090 474 4155 tio
516 4091 907 4155 continetur.
952 4088 1263 4155 -Domum
1298 4088 1475 4155 enim
1519 4087 1858 4155 aedificare
1898 4084 2158 4170 dicitur,
2200 4085 2314 4168 qui

376 4183 633 4243 statum
693 4174 975 4259 aliquem
1028 4175 1296 4239 firmum
1352 4181 1420 4239 et
1473 4172 1772 4242 stabilem
1834 4172 2051 4254 efficit,
2116 4169 2314 4237 nullis

375 4259 858 4328 mutationibus
900 4261 1269 4332 obnoxium.
1359 4256 1473 4330 Sic
1514 4258 1783 4326 Psalmo
1827 4258 1970 4338 127,
2008 4259 2066 4323 1.
2112 4277 2313 4341 quum

376 4346 659 4412 dicitur:
711 4344 993 4412 Domum
1029 4344 1279 4428 frustra
1341 4343 1686 4427 aedificari,
1748 4365 1939 4427 quam
1995 4340 2316 4409 Dominus

373 4453 505 4500 non
546 4431 988 4514 aedificaverit,
1043 4451 1176 4496 non
1221 4431 1564 4514 parietum,
1606 4431 2019 4515 lignorumve
2062 4437 2178 4494 aut
2216 4428 2311 4493 la-

374 4516 615 4603 pidum
636 4536 720 4582 ex
743 4516 978 4601 quibus
1021 4516 1309 4602 assurgit
1348 4515 1714 4584 aedificium
1738 4525 2035 4601 respectu
2065 4513 2312 4581 dictum

376 4601 551 4670 illud
596 4601 1130 4681 existimandum,
1174 4601 1289 4669 sed
1332 4598 1782 4669 diuturnitatis
1825 4610 1890 4667 et
1918 4599 2311 4680 stabilitatis,

372 4708 579 4774 quam
624 4688 751 4754 sibi
794 4687 1091 4754 homines
1133 4685 1452 4773 augendis
1493 4688 1759 4754 familiis
1798 4686 2026 4771 opibus
2061 4694 2127 4752 et
2170 4685 2312 4771 dig-

376 4773 702 4842 nitatibus
744 4774 983 4840 intenti
1025 4774 1289 4853 frustra,
1342 4773 1482 4841 sine
1524 4773 1653 4839 Dei
1697 4772 1962 4850 auxilio,
2004 4771 2312 4856 pollicen-

376 4871 515 4926 tur.
617 4858 838 4943 Atque
902 4861 972 4925 in
1050 4858 1393 4944 scripturis
1457 4860 1618 4927 haec
1689 4856 1992 4943 loquendi
2056 4857 2314 4941 phrasis

374 4946 672 5013 occurrit
728 4965 939 5097 ηοξ,
983 4945 1202 5011 Deum
1246 4945 1586 5012 aedificare
1622 4944 1905 5023 domum,
1961 4963 2164 5027 quum
2221 4945 2318 5010 ita

380 5031 599 5098 servis
657 5032 796 5100 suis
930 5029 1193 5109 nedicit,
1245 5039 1321 5095 ut
1370 5039 1511 5097 tam
1563 5031 1888 5115 corporeis
1943 5031 2083 5096 eius
2127 5028 2314 5095 donis

378 5138 581 5202 quam
626 5116 1077 5203 spiritualibus
1119 5123 1485 5201 augeantur
1505 5125 1572 5182 et
1610 5116 2102 5202 locupletentur.
2148 5113 2313 5197 Qui-

378 5204 503 5272 bus
570 5202 883 5269 docemur
938 5223 1071 5268 non
1127 5201 1257 5267 nisi
1313 5200 1441 5268 Dei
1506 5201 1907 5288 benignitate
1963 5210 2030 5266 et
2092 5201 2312 5268 favore

591 5305 817 5362 Calvino·
839 5319 1022 5375 operm
1069 5300 1192 5364 Vol.
1215 5299 1447 5363 ΧΧΠ.

1754 304 1856 372 IN
1892 303 1949 372 1.
1993 304 2173 372 LIB.
2219 303 2620 372 SAMUEL.
2662 301 2859 370 CAP.
2904 301 2992 370 11.

4223 304 4356 372 370

2420 490 2720 558 homines
2799 489 2908 556 vel
2981 488 3063 555 ad
3130 512 3420 560 summos
3494 493 3774 560 honores
3849 499 3916 561 et
3993 491 4345 580 dignitates

2419 577 2630 655 evehi,
2674 575 2778 642 vel
2821 574 3070 643 divitiis
3109 588 3177 645 et
3216 578 3448 663 opibus
3490 576 3844 665 abundare,
3886 579 4039 647 licet
4078 579 4181 646 vel
4226 602 4350 647 sua

2417 660 2743 728 industria
2783 671 2853 728 et
2893 661 3130 744 labore,
3187 665 3298 730 vel
3341 665 3540 730 etiam
3597 684 3750 733 casu
3793 675 3860 731 et
3902 667 4169 732 fortuna
4258 665 4347 731 le-

2418 747 3087 901 fflffissffixss‘lfflssff
3116 748 3912 920 ἑῗζιῑίἒὶῖὙέἷὲξῃέἕέῗ
3953 751 4347 922 ἓέωςωῖῗ

2416 919 2602 985 Deus
2643 920 2711 985 in
2747 939 2974 985 omnes
3005 940 3113 985 res
3145 932 3393 988 creatas
3426 921 3778 1005 imperium
3812 921 4121 1002 obtineat,
4157 923 4343 990 cuius

2418 1005 2552 1071 vim
2587 1005 2656 1070 in
2691 1004 2867 1088 ipsos
2902 1013 3190 1072 exserat:
3235 1027 3312 1074 ac
3357 1005 3628 1090 proinde
3663 1007 4158 1094 quibuscunque
4191 1008 4343 1075 aliis

2415 1090 2855 1156 fundamentis
2897 1090 3194 1157 nitantur
3234 1093 3537 1171 familiae,
3595 1093 3795 1159 immo
3850 1095 4030 1178 ipsae
4086 1114 4348 1160 monar-

2416 1175 2600 1243 chiae
2658 1185 2725 1241 et
2778 1184 2989 1242 status
3039 1178 3406 1262 quicunque
3464 1178 3867 1257 validissimi,
3929 1189 4145 1246 tamen
4205 1199 4342 1246 cor-

2417 1261 2706 1328 ruituros
2748 1270 2815 1328 et
2855 1262 2924 1327 in
2969 1261 3245 1328 nihilum
3300 1262 3705 1346 redigendos,
3758 1265 4008 1349 quoties
4054 1266 4196 1334 Deo
4239 1265 4345 1331 vi·

2416 1346 2694 1424 debitur,
2773 1347 2903 1414 nisi
2979 1368 3181 1414 manu
3258 1356 3326 1414 et
3398 1347 3622 1416 favore
3689 1350 3897 1435 ipsius
3975 1350 4342 1418 fulciantur.

2417 1432 2858 1514 Quamobrem
2881 1444 3188 1518 parentes
3221 1432 3443 1501 liberis
3477 1435 3700 1503 domos
3735 1435 4149 1503 aedificantes
4183 1437 4343 1505 haec

2415 1519 2628 1586 iacere
2672 1517 3115 1599 fundamenta,
3173 1518 3534 1604 liberosque
3585 1543 3737 1589 suos
3790 1522 4015 1588 eadem
4073 1522 4341 1589 edocere

2417 1610 2690 1688 oportet,
2732 1604 2792 1671 si
2824 1606 2959 1672 suis
3001 1604 3265 1671 familiis
3305 1605 3723 1673 stabilitatem
3768 1608 4050 1692 aliquam
4088 1608 4342 1675 diutur-

2416 1690 2817 1774 nitatemque
2876 1710 3106 1774 parare
3156 1690 3440 1756 student.
3533 1691 3739 1757 Porro
3794 1714 4011 1760 coram
4069 1692 4336 1762 Christo

2414 1776 2714 1842 sacerdos
2774 1774 3224 1842 ambulaturus
3280 1773 3537 1858 dicitur,
3594 1777 3664 1842 id
3715 1785 3835 1856 est,
3892 1799 4109 1845 coram
4169 1801 4341 1866 rege,

2412 1861 2524 1944 qui
2571 1861 2835 1928 Domini
2879 1862 3061 1927 iussu
3103 1861 3479 1946 inungetur.
3567 1863 3753 1930 Tunc
3797 1885 3949 1931 vero
4011 1865 4341 1949 temporis,

2413 1945 2635 2013 nullus
2689 1945 2902 2013 adhuc
2957 1947 3024 2012 in
3070 1947 3315 2015 Israele
3371 1949 3616 2032 regiam
3661 1948 4045 2032 dignitatem
4089 1950 4340 2018 obtine·

2411 2030 2556 2098 bat:
2591 2033 2714 2099 etsi
2749 2032 2924 2117 regis
2958 2031 3217 2117 quidem
3252 2054 3292 2098 a
3339 2032 3423 2098 ud
3449 2034 3674 2100 Mosen
3713 2034 3932 2119 aliqua
3965 2037 4043 2102 fit
4062 2037 4346 2105 mentio:

2411 2138 2643 2184 verum
2686 2127 2908 2184 tamen
2952 2117 3174 2183 nullus
3207 2118 3287 2183 ad
3340 2140 3417 2185 uc
3456 2118 3539 2185 ad
3565 2117 3891 2186 Samuelis
3932 2141 4135 2206 usque
4178 2134 4341 2189 tem-

2410 2223 2575 2287 pora
2616 2224 2732 2269 rex
2777 2204 2998 2269 fuerat
3037 2204 3107 2272 in
3130 2203 3393 2284 Israele,
3435 2204 3547 2271 sed
3592 2205 3735 2271 sine
3778 2226 3932 2291 rege
3976 2205 4340 2291 respublica

2412 2288 2761 2356 israelitica
2817 2288 3033 2355 fuerat
3087 2288 3563 2357 administrata.
3651 2289 3831 2373 Quin
3889 2299 3958 2359 et
4017 2291 4181 2359 illud
4225 2293 4341 2361 ob-

2411 2374 2834 2452 servandum,
2891 2396 2975 2441 ne
3021 2372 3243 2448 Saulis
3298 2375 3558 2459 quidem
3614 2396 3891 2461 regnum
3936 2377 4136 2446 fuisse
4179 2379 4339 2466 legi-

2412 2460 2669 2540 timum,
2713 2461 2836 2527 etsi
2881 2460 3189 2544 populum
3224 2462 3360 2528 suis
3392 2460 3646 2546 legibus
3679 2463 3867 2542 rexit,
3909 2473 3975 2529 et
4008 2463 4339 2532 subditum

2414 2565 2491 2611 ac
2555 2546 3016 2630 obsequentem
3079 2545 3342 2628 habuit,
3407 2548 3549 2632 ipse
3609 2569 3652 2613 a
3716 2546 4022 2615 Samuele
4085 2559 4338 2618 unctus.

2414 2632 2666 2697 Verum
2723 2641 2943 2698 tamen
2999 2630 3177 2698 haud
3235 2632 3379 2697 Deo
3431 2631 3680 2717 placuit
3737 2633 4055 2701 eiusmodi
4119 2634 4343 2704 Saulis

2413 2717 2660 2796 electio,
2719 2737 2885 2802 quae
2944 2717 3254 2783 nimirum
3299 2738 3340 2782 a
3391 2717 3725 2800 seditione,
3779 2740 3905 2785 non
3968 2730 4343 2806 exspectato

2413 2804 2541 2869 Dei
2581 2803 2781 2880 iussu,
2823 2812 3142 2886 coeperat.
3228 2802 3396 2880 Nam
3453 2812 3645 2871 antea
3696 2803 3957 2888 quidem
4002 2806 4183 2872 Deus
4240 2830 4344 2876 re·

2413 2909 2561 2973 gem
2607 2887 2839 2955 Israeli
2882 2886 3256 2969 destinarat,
3319 2886 3433 2956 sed
3478 2888 3985 2972 exspectandum
4044 2901 4188 2957 erat
4226 2887 4343 2978 po·
4407 2887 4412 2892 ’

2413 2973 2568 3058 pulo
2624 2974 2781 3039 dum
2836 2976 2977 3058 ipse
3019 2973 3205 3040 Deus
3261 2995 3480 3061 regem
3541 2974 3747 3052 daret,
3810 2996 3941 3041 non
3984 2976 4187 3061 ipsius
4230 2978 4341 3044 de·

2411 3068 2663 3126 cretum
2705 3060 3081 3146 importuna
3118 3060 3518 3142 flagitatione
3552 3059 4126 3143 praeveniendum.
4193 3063 4342 3130 Pri-

2411 3165 2565 3211 mus
2607 3146 2825 3229 itaque
2868 3166 2986 3211 rex
3028 3144 3294 3212 Israelis
3337 3145 3463 3211 fuit
3497 3144 3737 3224 David,
3784 3144 4039 3212 Christi
4074 3148 4341 3215 Domini

2413 3231 2622 3297 nostri
2674 3232 2908 3316 figura.
2994 3228 3217 3312 Quare
3274 3251 3476 3315 quum
3535 3231 3776 3298 dicitur
3834 3230 4136 3299 sacerdos
4188 3244 4341 3301 ante

2412 3316 2758 3383 Christum
2843 3315 3330 3401 ambulaturus,
3412 3314 3496 3381 ad
3575 3324 3832 3401 tempus
3907 3318 4336 3387 sacerdotium

2412 3402 2847 3470 exercendum
2890 3400 3182 3486 docetur,
3232 3403 3340 3468 cui
3394 3403 3594 3468 finem
3638 3412 3810 3468 esset
3850 3403 4088 3469 summi
4131 3426 4343 3474 sacer-

2400 3487 2583 3572 dotis
2625 3487 2877 3555 Christi
2917 3488 2989 3552 in
3032 3508 3290 3553 carnem
3351 3487 3673 3555 adventus
3717 3487 4160 3572 impositurus,
4185 3493 4190 3497 ’
4214 3513 4339 3576 quo

2412 3579 2705 3657 tempore
2747 3594 2934 3640 suam
2978 3572 3438 3656 perfectionem
3495 3572 3766 3640 ecclesia
3820 3585 4339 3659 consequeretur.

2415 3662 2507 3723 Ac
2569 3659 2839 3743 proinde
2901 3679 3033 3724 non
3097 3657 3364 3724 dubium
3428 3659 3587 3742 quin
3654 3656 3970 3743 propheta
4020 3661 4124 3728 hic
4179 3662 4339 3729 Heli

2415 3743 2752 3828 alloquens
2794 3744 3099 3810 indicarit
3141 3743 3277 3809 fore
3319 3744 3750 3810 sacerdotium
3795 3755 4339 3830 momentaneum,

2414 3831 2542 3896 etsi
2585 3830 2656 3895 in
2698 3830 2901 3914 ipsius
2943 3828 3193 3895 familia
3225 3828 3656 3912 perdurasset,
3702 3827 3893 3897 doceo
3924 3852 4110 3898 suam
4146 3833 4343 3901 ecele-

2414 3917 2578 3983 siam
2624 3914 2704 3980 ad
2750 3915 3021 4000 gloriam
3066 3922 3133 3982 et
3172 3914 3547 3981 felicitatem
3593 3913 3919 3981 duxisset:
3964 3937 4146 4000 quae,
4190 3919 4343 3986 licet

2415 4001 2557 4086 ipse
2599 4000 2905 4068 Christus
2944 4002 3014 4067 in
3073 4021 3267 4068 carne
3328 4000 3595 4066 veniens
3655 4021 3788 4066 non
3845 4001 4075 4068 fuisset
4131 4004 4339 4070 factus

2413 4088 2816 4172 conspicuus,
2861 4096 3084 4153 tamen
3126 4092 3269 4152 erat
3323 4085 3658 4152 ecclesiam
3715 4084 4140 4167 illustratura,
4197 4088 4341 4173 ipso

2415 4194 2559 4240 sese
2617 4171 3142 4257 conspiciendum
3200 4172 3268 4236 in
3329 4170 3604 4237 Davidis
3667 4179 3734 4236 et
3787 4171 4062 4238 aliorum
4125 4174 4340 4258 figura

2414 4257 2785 4342 praebente.
2873 4258 3054 4324 Dicit
3109 4259 3326 4340 itaque
3378 4256 3693 4340 propbeta
3736 4256 3894 4322 Heli
3935 4265 4090 4324 tunc
4131 4259 4190 4323 ei
4233 4278 4338 4324 sa-

2413 4344 2774 4411 cerdotium
2833 4341 3267 4422 adimendum,
3324 4363 3522 4425 quum
3566 4341 3752 4408 Deus
3793 4342 3933 4426 ipse
3977 4342 4179 4410 veluti
4223 4366 4339 4411 ve·

2413 4428 2649 4498 xillum
2712 4429 2942 4496 salutis
3006 4427 3336 4509 extulerit,
3400 4446 3475 4493 ac
3538 4448 3680 4493 sese
3743 4448 3874 4492 non
3938 4427 4178 4495 frustra
4234 4450 4339 4497 re·

2415 4516 2814 4600 demptorem
2863 4535 3003 4581 esse
3035 4512 3394 4598 pollicitum
3434 4533 3504 4578 re
3538 4514 3680 4595 ipsa
3712 4511 4106 4598 patefecerit,
4140 4534 4338 4599 seque

2412 4621 2692 4687 regnare
2735 4599 2902 4666 velle
2961 4598 3341 4666 ostenderit.
3428 4597 3777 4665 Caeterum
3842 4599 4337 4680 observandum,

2414 4694 2690 4771 sequuta
2743 4705 2887 4752 esse
2930 4684 3302 4751 Solomonis
3359 4693 3632 4750 mortem
3691 4691 3982 4767 tempora
4037 4683 4339 4766 infelicia,

2414 4793 2650 4856 nempe
2684 4773 2885 4837 totius
2920 4770 3142 4855 populi
3177 4768 3583 4857 divisionem,
3620 4768 3838 4835 decem
3873 4767 4006 4834 illis
4039 4769 4339 4838 tribubus

2413 4880 2456 4925 a
2498 4856 2777 4925 Davidis
2820 4857 3010 4922 domo
3053 4855 3532 4922 deficientibus:
3599 4874 3674 4920 ac
3717 4853 3991 4937 proinde
4034 4855 4103 4919 in
4148 4853 4337 4922 Solo-

2414 4965 2627 5025 mone,
2671 4963 2804 5009 non
2845 4942 2916 5008 in
2959 4941 3316 5021 Roboamo,
3370 4961 3504 5005 non
3563 4938 3838 5023 denique
3880 4939 3949 5004 in
3995 4940 4140 5006 aliis
4182 4941 4338 5008 ullis

2413 5051 2455 5098 a
2495 5028 2753 5096 Davide
2795 5029 3056 5113 regibus
3097 5025 3390 5093 oriundis
3432 5024 3617 5092 nobis
3657 5023 4170 5112 subsistendum,
4219 5026 4339 5094 sed

2411 5115 2535 5182 sub
2577 5124 2729 5201 typo
2770 5123 2840 5182 et
2880 5116 3091 5199 figura
3146 5112 3492 5179 veritatem
3556 5108 3993 5196 quaerendam
4050 5119 4117 5177 et
4156 5133 4334 5179 com·

2412 5199 2969 5287 prehendendam:
3015 5195 3286 5284 perinde
3340 5217 3415 5263 ac
3472 5196 3530 5262 si
3581 5197 3667 5263 sit
3705 5194 3940 5262 horum
3984 5196 4338 5266 verborum
