5059 6059
259 321 363 388 105

252 529 430 578 vanas
481 511 930 578 excusationes
986 522 1053 578 et
1110 513 1351 600 effugia
1416 535 1847 602 quaeramus,
1910 515 2147 600 quibus

249 596 391 661 vitia
431 605 646 681 tegere
701 617 885 679 posse
946 620 1061 664 nos
1119 621 1487 685 speremus:
1550 601 1663 668 sed
1723 602 1937 685 potius
1996 621 2146 667 cum

248 681 477 748 silentio
534 702 788 748 reorum
849 685 1060 750 instar
1101 707 1335 753 causae
1378 697 1642 755 nostrae
1687 687 2145 754 determinatio

246 767 669 852 exspectanda.
755 769 984 854 Neque
1026 772 1202 839 istud
1262 775 1492 841 acerbe
1534 774 1933 858 molesteque
1977 774 2149 839 ferre

246 875 346 919 nos
383 862 645 936 oportet,
705 857 960 939 quando
1009 858 1226 924 uidem
1284 879 1682 946 magnopere
1742 859 1821 925 ad
1869 858 2148 925 salutem

242 951 501 1004 nostram
545 940 865 1008 conducit.
1015 953 1305 1012 aeterum
1347 944 1511 1011 haec
1570 945 1719 1012 odia
1761 955 1827 1012 et
1868 945 2147 1011 similem

238 1044 500 1108 pugnam
545 1027 905 1110 suscipiant
947 1049 1209 1097 necesse
1268 1040 1384 1110 est,
1441 1041 1758 1117 quotquot
1814 1031 2147 1115 proximos

238 1111 308 1175 de
347 1115 617 1193 peccatis
661 1133 937 1197 arguere
982 1117 1354 1196 instituunt,
1416 1127 1608 1202 prout
1650 1124 1806 1184 sunt
1846 1116 2147 1183 homines

235 1195 547 1261 mendacio
591 1207 655 1261 et
704 1199 981 1267 vanitati
1017 1201 1254 1269 dediti:
1300 1214 1496 1286 atque
1544 1203 1705 1270 adeo
1760 1202 2022 1270 hebetes
2073 1211 2148 1269 ut

235 1281 418 1347 veluti
461 1283 775 1365 quaedam
822 1289 1133 1373 repagula
1177 1289 1347 1355 velle
1372 1291 1515 1356 Deo
1558 1289 1835 1355 obiicere
1874 1289 2143 1354 videan-

231 1377 343 1446 tur,
384 1388 508 1451 quo
553 1368 843 1452 ipsorum
890 1383 1154 1456 peccata
1197 1376 1628 1442 occultentur.
1696 1376 1949 1441 Verum
2040 1376 2143 1440 ni-

229 1473 464 1536 cunque
508 1453 707 1520 alium
753 1459 1234 1541 reprehendere
1276 1464 1520 1546 cogitat
1563 1462 1632 1527 in
1661 1461 1788 1527 Dei
1835 1396 2146 1527 mandata

225 1553 601 1622 peccantem,
645 1551 902 1625 oportet
945 1547 1235 1612 animum
1282 1546 1599 1629 obfirmet,
1666 1568 1748 1612 ne
1795 1545 2144 1614 reluctanti

225 1623 409 1701 cedat,
453 1625 566 1691 sed
614 1630 828 1710 potius
870 1649 990 1712 pro
1040 1632 1214 1697 virili
1249 1644 1479 1718 pergat
1514 1644 1780 1719 peccata
1816 1632 2140 1718 detegere,

220 1721 279 1774 et
332 1712 705 1795 increpare:
771 1733 846 1783 ac
905 1715 1135 1784 docere
1190 1719 1302 1785 lon
1351 1740 1386 1785 e
1442 1720 1581 1784 falli
1644 1719 1968 1803 opinione,
2032 1718 2142 1803 qui

221 1794 422 1860 Deum
469 1797 626 1863 velit
671 1800 915 1881 fallere,
967 1804 1153 1871 cuius
1207 1826 1326 1871 ver
1372 1828 1479 1871 um
1542 1818 1642 1871 est
1698 1804 2141 1870 immutabile:

218 1902 284 1947 so
325 1883 596 1964 proinde
641 1887 918 1953 nimium
963 1889 1381 1972 impudentes
1425 1911 1589 1976 esse,
1655 1893 1766 1976 qui
1826 1889 2142 1956 adversus

215 1966 363 2032 illud
407 1968 695 2036 audeant
737 1993 1145 2057 responsare,
1204 1977 1524 2061 siquidem
1568 1976 1746 2042 illius
1790 1975 2143 2042 commodis

214 2061 274 2116 et
314 2054 579 2121 utilitati
624 2057 863 2138 studet,
923 2081 1124 2145 quum
1182 2060 1372 2129 docet
1430 2074 1802 2146 peccatores
1861 2060 1982 2128 sub
2071 2080 2141 2125 o·

209 2149 376 2205 tente
417 2160 626 2207 manu
672 2140 947 2212 Domini
990 2146 1346 2227 humiliari,
1406 2170 1602 2231 seque
1645 2148 1852 2232 ipsius
1897 2156 2037 2212 tute
2064 2167 2141 2212 ae

205 2225 603 2294 submittere.
699 2229 1083 2298 Necessaria
1140 2254 1300 2301 sane
1360 2235 1656 2302 doctrina
1713 2234 1841 2300 ista
1902 2242 2003 2298 cst
2057 2254 2139 2298 ex

205 2308 316 2375 hoc
360 2312 500 2380 loeo
545 2315 853 2398 eruenda,
915 2337 1045 2401 quo
1092 2317 1358 2386 Samuel
1407 2322 1499 2386 ita
1543 2319 1813 2387 Saulem
1858 2318 2138 2402 compel-

204 2394 386 2461 lavit:
450 2398 610 2466 Sine
666 2421 779 2486 me,
840 2407 899 2469 et
938 2403 1227 2471 indicabo
1269 2405 1399 2472 tibi.
1491 2405 1596 2472 Ex
1638 2405 1874 2489 quibus
1920 2403 2138 2470 verbis

200 2482 471 2565 amplius
520 2499 798 2570 apparet
842 2488 1140 2558 homines
1183 2512 1398 2576 neque
1433 2513 1624 2576 posse
1660 2511 1868 2574 neque
1904 2487 2138 2556 debere

200 2565 409 2666 psum
494 2571 902 2655 loquentem,
983 2585 1048 2640 et
1111 2576 1442 2643 liberrime
1506 2579 1687 2662 ipsos
1752 2584 2136 2661 arguentem

195 2655 528 2736 impedire.
599 2658 691 2723 Et
733 2673 1068 2742 praeterea
1113 2663 1265 2729 licet
1298 2684 1445 2729 cum
1469 2663 1615 2729 Deo
1659 2660 2136 2740 contenderint,

195 2738 630 2809 nihilominus
674 2755 894 2811 tamen
941 2746 1289 2814 adversum
1351 2771 1422 2815 se
1480 2749 1871 2815 sententiam
1924 2746 2136 2813 latum

192 2823 287 2890 iri.
355 2825 815 2913 Conspicuam
859 2833 1035 2900 istud
1082 2844 1183 2901 est
1203 2835 1441 2900 Adami
1481 2846 1546 2902 et
1569 2835 1754 2900 Evae
1790 2842 2133 2917 pareutum

189 2925 569 2980 nostrorum
616 2919 952 3002 exemplis,
994 2940 1160 3004 quae
1203 2921 1503 3005 superius
1547 2921 1774 2987 attuli:
1834 2920 1946 3002 qui
1991 2918 2133 3003 qui·

191 2994 328 3062 dem
371 3020 500 3083 pro
547 3022 672 3068 sua
729 3005 901 3070 virili
959 3027 1102 3073 sese
1158 3008 1482 3073 occultare
1543 3005 1958 3082 studuerunt,
2020 3002 2135 3071 sed

185 3081 467 3150 ficulnea
515 3096 782 3155 tantum
827 3090 1262 3158 adhibuerunt
1306 3093 1489 3159 folia:
1549 3091 1785 3157 deinde
1840 3089 2007 3158 alter
2064 3091 2134 3156 in

187 3168 467 3236 alterum
490 3174 759 3259 culpam
797 3179 1177 3256 reiecerunt,
1214 3177 1325 3244 sed
1371 3179 1557 3244 irrito
1600 3187 1857 3246 conatu.
1923 3175 2134 3242 Num·

182 3254 330 3337 quid
399 3258 589 3324 enim
655 3273 998 3345 propterea
1062 3266 1279 3330 minus
1363 3263 1680 3331 adversus
1756 3263 1932 3348 ipsos
2000 3262 2134 3327 lata

181 3345 511 3409 sententia
560 3355 664 3412 est
708 3369 746 3413 a
789 3347 1124 3416 Domino?
1171 3349 1347 3417 Sane
1393 3351 1495 3416 vir
1539 3348 1804 3435 quidem
1851 3349 1915 3413 in
1964 3369 2131 3414 uxo·

179 3445 311 3493 rem
359 3448 637 3498 omnem
683 3434 943 3517 culpam
987 3435 1283 3502 reiiciens
1314 3457 1454 3502 sese
1488 3455 1732 3519 poenae
1770 3433 2133 3501 subducere

178 3523 448 3582 conatus
498 3527 625 3597 est,
669 3516 1014 3604 deceptum
1060 3543 1132 3588 se
1174 3544 1215 3587 a
1254 3522 1528 3588 muliere
1572 3532 1901 3588 causatus.
1993 3517 2129 3586 Sed

177 3598 381 3666 nihilo
427 3603 661 3671 minus
705 3603 910 3672 aDeo
953 3608 1424 3674 condemnatus
1468 3615 1583 3674 est.
1651 3606 1931 3673 Femina
1979 3626 2132 3672 vero

171 3701 558 3768 serpentem
602 3692 804 3757 veluti
851 3701 1143 3758 autorem
1179 3694 1426 3778 peccati
1463 3695 1823 3760 accusavit:
1872 3690 1986 3758 sed
2028 3692 2128 3758 vel

167 3770 446 3840 invitam
520 3778 815 3860 oportuit
881 3800 920 3843 a
985 3778 1272 3845 Domino
1351 3778 1792 3848 condemnari.
1906 3775 2130 3859 Quare

165 3857 308 3925 illos
354 3861 643 3929 decebat
687 3863 756 3929 in
801 3863 1009 3930 solam
1065 3885 1251 3931 suam
1312 3865 1732 3932 rebellionem
1778 3883 1908 3947 qua
1953 3862 2128 3928 defe-

170 3957 395 4012 cerant
458 3969 504 4014 a
569 3949 851 4016 Domino
907 3950 1258 4029 intuentes,
1323 3951 1571 4016 nullam
1638 3950 2129 4016 excusationem

167 4045 594 4180 Rraetexere.
681 4034 851 4103 Istos
895 4037 963 4100 in
1012 4035 1134 4102 hac
1180 4037 1592 4120 responsione
1615 4034 1779 4102 Saul
1814 4036 2124 4101 imitatur.

229 4139 337 4184 am
398 4122 535 4187 etsi
601 4141 907 4207 magnum
964 4137 1032 4188 et
1090 4123 1458 4206 speciosum
1501 4121 1810 4206 quiddam
1853 4141 2011 4205 prae
2057 4142 2128 4187 se

160 4202 310 4269 tulit
357 4228 448 4273 ne
500 4216 725 4290 posset
769 4208 1212 4286 condemnari,
1280 4209 1568 4292 perrexit
1628 4221 1845 4274 tamen
1908 4206 2128 4274 acrius

159 4289 414 4358 instare
478 4292 840 4376 propheta,
908 4295 1255 4375 fucumque
1319 4295 1565 4372 tollere,
1633 4304 1706 4359 ut
1766 4292 1932 4360 Saul
1992 4314 2124 4357 non

161 4377 356 4443 modo
408 4377 600 4444 nihil
644 4380 1044 4462 promoverit
1099 4378 1526 4464 obloquendo,
1579 4379 1692 4446 sed
1749 4381 1969 4464 potius
2014 4378 2124 4443 de-

161 4465 480 4530 teriorem
533 4486 803 4533 causam
848 4485 1032 4531 suam
1090 4466 1316 4531 fecerit
1359 4464 1676 4532 adversus
1721 4465 1936 4531 Deum
1982 4485 2124 4530 sese

158 4545 612 4617 obfirmando.

326 4635 708 4702 Caeterum
766 4637 873 4703 hic
931 4636 1407 4705 observandum
1452 4635 1827 4706 Samuelem
1884 4656 2120 4720 expro-

155 4718 348 4787 brare
373 4721 588 4789 Sauli
631 4744 758 4788 non
808 4722 1186 4789 interfectos
1230 4745 1269 4788 a
1312 4744 1382 4788 se
1418 4744 1578 4806 quos
1601 4723 1785 4788 Deus
1821 4721 2118 4788 iusserat.

154 4803 303 4886 Qua
347 4809 429 4873 in
481 4828 567 4874 re
613 4809 918 4886 severior,
979 4818 1053 4874 ut
1105 4819 1256 4876 ante
1314 4807 1564 4875 dictum
1622 4818 1742 4892 est,
1800 4808 1923 4874 Dei
1970 4828 2119 4874 sen-

154 4894 364 4959 tentia
408 4894 641 4961 videri
685 4905 919 4979 posset.
1009 4895 1179 4960 Nam
1237 4915 1439 4978 quare
1497 4903 1682 4960 tanta
1737 4893 2009 4959 saevitia
2054 4903 2121 4959 et

154 4975 595 5049 immanitate
637 4981 930 5048 homines
989 4981 1130 5046 sine
1190 4979 1627 5047 misericordia
1667 4977 2116 5045 tollerentur?

154 5063 233 5129 Et
301 5079 670 5150 praeterea
736 5065 1053 5151 quomodo
1131 5066 1380 5151 peccati
1458 5067 1651 5132 unius
1730 5065 2116 5146 vindictam,

154 5149 348 5218 stiam
398 5155 479 5219 in
532 5150 784 5236 aliquot
827 5165 978 5218 ante
1036 5151 1295 5219 saecula
1338 5161 1527 5217 natos
1582 5173 1692 5219 eos
1736 5152 1848 5234 qui
1892 5150 1974 5217 ad
2019 5151 2119 5217 la·

156 5240 421 5307 nienam
464 5235 908 5306 trahebantur
941 5235 1224 5316 admissi,
1262 5235 1557 5303 distulit?
1602 5237 1743 5304 Nae
1779 5236 2118 5303 videretur

1543 325 1642 391 IN
1684 324 1741 391 1.
1786 325 1967 394 LIB.
2013 324 2417 394 SAMUEL.
2462 326 2661 393 OAP.
2720 326 2876 393 XV.

4072 333 4197 400 106

2251 519 2467 601 prima
2508 516 2728 583 fronte
2771 515 2965 582 nimis
3009 515 3299 584 insolens
3349 518 3476 583 ista
3498 517 3626 584 Dei
3660 520 3990 586 severitas.
4058 520 4192 589 Sed

2252 608 2481 668 contra
2542 600 3046 681 observandum,
3104 602 3443 669 adoranda
3498 625 3639 670 esse
3698 605 3887 671 nobis
3934 628 4194 673 summa

2252 709 2401 755 cum
2444 688 2816 754 reverentia
2851 698 2918 754 et
2957 687 3218 754 silentio
3240 688 3368 754 Dei
3408 689 3661 772 iudicia,
3707 712 3906 774 quum
3942 694 4193 759 occulta

2251 773 2437 840 nobis
2480 773 2752 853 fuerint,
2796 774 3291 859 cavendumque
3333 795 3748 860 summopere
3793 798 3876 843 ne
3910 777 4042 845 illis
4086 781 4196 847 ob·

2252 859 2616 943 loquamur.
2707 860 2877 926 Nam
2939 860 3212 927 audacia
3267 871 3489 927 nostra
3533 883 3791 947 semper
3833 865 4190 931 contunde-

2253 953 2379 1026 tur,
2436 954 2504 1011 et
2561 945 2727 1010 nihil
2787 945 3319 1029 promovebimus
3362 957 3586 1014 nostra
3630 949 4005 1016 curiositate
4048 973 4191 1036 per·

2251 1040 2617 1097 scrutantes
2675 1052 2842 1116 quae
2908 1030 3180 1097 adorare
3247 1052 3363 1098 nos
3429 1043 3718 1117 oportet:
3787 1034 3899 1099 sed
3966 1038 4187 1120 potius

2250 1136 2576 1183 summam
2612 1117 3055 1183 confusionem
3093 1119 3165 1182 in
3202 1139 3321 1183 nos
3354 1119 3829 1202 pertrahemus.
3888 1120 4189 1207 Denique

2249 1212 2326 1267 ut
2369 1204 2594 1287 paucis
2653 1223 2793 1268 rem
2850 1211 3050 1268 totam
3110 1203 3503 1287 complectar
3543 1217 3684 1271 esto
3738 1218 3952 1272 ratum
4015 1208 4189 1275 istud

2250 1291 2526 1374 axioma,
2586 1288 2828 1368 Deum,
2872 1289 3027 1355 licet
3068 1310 3294 1355 severe
3338 1300 3510 1376 agat,
3570 1312 3713 1357 esso
3756 1301 3973 1357 tamen
4021 1316 4185 1360 sem-

2250 1397 2367 1459 per
2407 1375 2844 1441 iustissimum
2889 1386 2957 1440 et
3002 1375 3498 1458 aequissimum:
3557 1387 3622 1443 et
3676 1377 3733 1443 si
3797 1378 4186 1446 iudiciorum

2248 1461 2475 1546 ipsius,
2522 1471 2789 1545 propter
2832 1468 3166 1544 stuporem
3230 1460 3416 1528 nobis
3459 1463 3780 1548 innatum,
3845 1465 4012 1531 ratio
4055 1488 4188 1533 non

2248 1555 2517 1627 constet,
2576 1559 2796 1612 tamen
2856 1546 3273 1613 statuendum
3330 1547 3472 1614 sine
3528 1550 4005 1616 concertatione
4048 1573 4190 1622 esse

2247 1633 2658 1715 aequissima,
2703 1642 2771 1696 et
2812 1633 3138 1716 aequitate
3181 1651 3257 1697 ac
3300 1634 3695 1700 rectitudine
3737 1638 3956 1702 omnia
3997 1658 4186 1704 cons-

2241 1725 2402 1783 tare.
2490 1717 2774 1783 Interim
2837 1716 3009 1785 hanc
3068 1717 3430 1784 doctrinam
3492 1719 3573 1785 ad
3632 1741 3825 1786 usum
3887 1735 4183 1789 nostrum

2249 1824 2646 1883 revocemus,
2691 1823 2927 1886 nempe
2952 1804 3096 1869 Deo
3140 1804 3533 1870 maleficium
3580 1806 3837 1890 aliquod
3881 1808 4183 1875 condem-

2247 1902 2465 1967 nante,
2535 1910 2666 1954 uon
2727 1909 2868 1954 esse
2925 1902 3219 1955 nostrum
3281 1891 3601 1957 adversus
3644 1893 3861 1959 Deum
3906 1894 4185 1979 obloqui,

2247 1984 2311 2040 et
2353 1976 2422 2040 in
2466 1977 2605 2041 eius
2649 1973 2889 2041 iudicia
2949 1975 3297 2058 inquirere,
3358 1977 3549 2059 quasi
3607 1980 3887 2045 maiores
3938 1980 4053 2045 illo
4096 1981 4185 2047 si·

2245 2082 2410 2139 mus,
2456 2081 2542 2126 ne
2584 2082 2839 2127 summo
2884 2070 3107 2127 nostro
3149 2061 3437 2145 periculo
3482 2062 3548 2127 id
3586 2065 3938 2148 contingat.
4008 2067 4183 2147 Quid

2247 2148 2485 2213 misero
2531 2146 2629 2212 illi
2676 2146 2949 2213 Achabo
2993 2149 3340 2231 contigerit
3385 2160 3609 2214 notum
3655 2159 3772 2230 est,
3835 2161 4181 2236 postquam

2245 2233 2524 2317 acceptis
2591 2253 2630 2297 a
2696 2231 2841 2297 Deo
2899 2232 3228 2299 mandatis
3296 2232 3375 2298 de
3443 2231 3636 2319 Syris
3726 2237 4183 2321 exstirpandis,

2243 2329 2477 2404 sponte
2522 2326 2744 2384 tamen
2791 2337 2941 2383 cum
2986 2318 3392 2384 Benhadado
3431 2340 3655 2404 paoem
3702 2323 3871 2400 iniit,
3916 2335 4180 2389 conten·

2243 2412 2351 2471 tus
2395 2426 2546 2471 cum
2591 2403 2876 2471 inimicis
2912 2424 3136 2487 paoem
3173 2407 3401 2472 facere.
3470 2405 3605 2472 Sed
3642 2410 3880 2474 missus
3915 2409 3993 2474 ad
4031 2431 4178 2476 eum

2243 2511 2283 2556 a
2338 2488 2624 2556 Domino
2684 2489 3021 2573 propheta,
3080 2488 3206 2555 Dei
3269 2491 3583 2558 iudicium
3641 2492 3771 2576 ipsi
3825 2493 4181 2561 imminens

2241 2585 2506 2659 propter
2548 2574 3026 2643 contumaciam
3072 2578 3344 2661 aperuit,
3387 2578 3501 2644 sed
3537 2577 3757 2644 addito
3793 2580 4002 2664 signo,
4048 2601 4178 2663 quo

2243 2663 2445 2728 miser
2485 2661 2596 2728 ille
2631 2659 2863 2728 Achab
2898 2658 3024 2725 Dei
3071 2660 3305 2728 iudicia
3354 2664 3540 2746 quasi
3586 2664 3716 2730 iam
3762 2677 3918 2731 ante
3961 2667 4181 2733 oculos

2240 2748 2452 2832 posita
2516 2752 2861 2814 metueret.
2972 2746 3197 2828 Quare
3277 2748 3642 2833 phropheta
3709 2751 3836 2816 Dei
3913 2752 4181 2818 nomine

2241 2845 2504 2916 accepto
2546 2843 2776 2917 sponte
2820 2833 2886 2897 in
2936 2833 3099 2898 facie
3143 2833 3417 2900 vulnere
3461 2834 3543 2899 ad
3597 2856 3816 2920 regem
3877 2838 4181 2920 pervenit

2242 2916 2496 3004 Deique
2536 2919 2845 2984 mandata
2880 2919 3183 3002 pertulit:
3222 2918 3787 3004 Quandoquidem,
3824 2922 3936 3000 ait,
3964 2923 4179 2989 iussus

2242 3026 2459 3090 regem
2486 3002 2804 3086 Syrorum
2843 3005 3227 3084 interficere,
3253 3005 3541 3072 maluisti
3566 3008 3794 3074 vivum
3820 3027 4174 3087 reservare,

2240 3111 2595 3175 pacemque
2639 3111 2785 3156 cum
2830 3089 2947 3155 illo
2997 3090 3184 3171 inire,
3245 3113 3438 3176 quam
3483 3090 3626 3158 Deo
3661 3113 3908 3176 parere,
3956 3108 4032 3159 ut
4079 3095 4174 3159 vi-

2239 3174 2351 3243 des
2418 3197 2522 3242 me
2590 3175 3026 3254 vulneratum,
3093 3177 3188 3241 ita
3252 3178 3414 3243 scito
3471 3187 3536 3242 te
3594 3188 3915 3263 tuumque
3972 3179 4172 3245 etiam

2237 3263 2550 3347 populum
2601 3261 2681 3329 ab
2727 3283 2803 3328 eo
2839 3281 3033 3345 quem
3073 3261 3375 3329 dimisisti
3402 3262 3902 3332 vulnerandum.
3949 3263 4176 3347 Quare

2239 3369 2394 3414 vero
2429 3347 2756 3433 propheta
2789 3347 2900 3413 ille
2938 3347 3181 3414 vulnus
3218 3349 3285 3413 in
3322 3371 3393 3416 se
3429 3348 3601 3415 ultro
3635 3348 3925 3434 recepit?
3972 3371 4175 3434 quare

2236 3454 2307 3500 se
2351 3434 2473 3501 hoc
2519 3434 2751 3500 habitu
2795 3434 2935 3517 regi
2979 3433 3261 3499 obtulit?
3349 3435 3624 3518 Nempe,
3682 3446 3757 3501 ut
3801 3437 4176 3503 ostenderet

2235 3519 2381 3585 Deo
2426 3519 2766 3585 mandanti
2812 3520 2954 3585 sine
2998 3520 3135 3585 ulla
3178 3519 3690 3587 contradictione
3726 3521 4176 3608 obtemperan-

2236 3604 2410 3671 dum.
2498 3609 2597 3672 Ac
2658 3604 2929 3689 proinde
2988 3627 3189 3689 quum
3235 3606 3418 3674 Deus
3476 3607 3927 3690 blasphemum
3988 3608 4173 3675 illum

2236 3691 2562 3778 Syrorum
2639 3711 2863 3776 regem
2944 3691 3418 3758 Benhadadum
3507 3694 3783 3759 interfici
3862 3694 4175 3776 iussisset,

2232 3777 2598 3861 oportuisse
2640 3776 3002 3844 vindictam
3064 3776 3142 3843 de
3188 3776 3300 3842 illo
3343 3778 3508 3857 fleri,
3566 3789 3634 3844 et
3690 3801 3772 3845 ex
3816 3779 3945 3846 Dei
3989 3801 4173 3846 man·

2235 3862 2384 3929 dato
2443 3863 2638 3929 morti
2697 3863 2858 3929 dari.
2948 3860 3138 3944 Quae
3196 3883 3399 3947 quum
3444 3886 3483 3929 a
3527 3885 3679 3949 rege
3726 3865 3995 3932 Achabo
4040 3887 4173 3932 non

2233 3951 2367 4016 sint
2431 3971 2515 4015 ex
2576 3948 2705 4014 Dei
2770 3947 3110 4015 voluntate
3177 3950 3481 4034 perfecta,
3549 3950 3619 4015 in
3693 3952 3905 4034 ipsum
3973 3952 4171 4018 etiam

2235 4035 2543 4100 damnum
2589 4035 2968 4101 recisurum.
3062 4033 3254 4116 Quod
3298 4036 3670 4120 exemplum
3714 4057 3863 4103 cum
3925 4037 4051 4102 isto
4093 4036 4176 4101 de

2232 4141 2360 4204 quo
2407 4141 2584 4187 nune
2628 4121 2884 4204 agimus
2927 4121 3253 4199 convenit,
3297 4119 3484 4186 Deus
3528 4124 3702 4187 enim
3751 4132 3942 4188 vocat
3976 4124 4175 4188 Ama·

2230 4206 2451 4273 lecitas
2495 4214 2881 4289 peccatores.
2971 4205 3248 4273 Minime
3304 4206 3564 4289 quidem
3627 4207 3801 4292 quod
3857 4206 3969 4290 qui
4027 4217 4169 4273 tum

2232 4292 2547 4358 vivebant
2604 4293 2674 4356 in
2718 4291 3062 4358 Israelitas
3112 4293 3334 4358 iniurii
3390 4294 3667 4360 fuissent
3728 4303 3793 4359 et
3850 4292 4166 4371 crudeles,

2228 4389 2344 4444 aut
2389 4378 2558 4463 quod
2608 4398 2719 4443 eos
2764 4378 2997 4443 itinere
3080 4377 3376 4444 rohibere
3413 4389 3794 4457 tentassent,
3840 4386 3907 4444 et
3940 4399 3981 4443 a
4018 4396 4166 4462 pos-

2226 4466 2513 4530 sessione
2561 4472 2775 4529 terrae
2818 4484 3015 4546 quam
3109 4485 3228 4530 eus
3271 4465 3430 4548 ipsis
3475 4464 3742 4531 dederat
3781 4462 4161 4531 excludere:

2226 4574 2265 4615 n
2353 4572 2436 4616 ue
2480 4550 2659 4615 enim
2705 4559 2846 4614 tum
2893 4570 3093 4633 quum
3139 4548 3206 4615 id
3252 4551 3547 4635 contigit,
3607 4550 3719 4615 isti
3766 4550 3907 4615 nati
3952 4559 4162 4615 erant.

2227 4572 2359 4703 82}
2405 4635 2836 4701 nihilominus
2862 4635 3042 4700 Deus
3090 4635 3229 4701 vult
3272 4639 3344 4700 in
3388 4636 3468 4701 iis
3510 4636 3624 4718 qui
3671 4645 3808 4700 tum
3855 4634 4166 4700 vivebant

2223 4730 2484 4806 patrum
2519 4720 3065 4806 ingratitudinem
3104 4721 3362 4788 ulcisci:
3409 4718 3954 4804 quemadmodum
3977 4721 4162 4786 Deus

2222 4810 2419 4874 etiam
2465 4808 2774 4885 minatur,
2820 4827 2891 4872 se
2934 4808 3004 4872 in
3049 4808 3307 4873 tertiam
3354 4816 3422 4871 et
3466 4815 3766 4890 quartam
3812 4827 4014 4890 usque
4057 4827 4164 4889 ge-

2222 4895 2628 4960 nerationem
2686 4892 3128 4976 improborum
3195 4893 3490 4957 ulturum
3548 4893 3651 4959 sui
3695 4901 4164 4976 contemptum.

2222 4978 2371 5062 Qua
2433 4982 2502 5045 in
2556 5001 2628 5047 re
2695 4989 2916 5045 tamen
2977 4979 3377 5044 iustissimus
3435 4988 3498 5043 et
3557 4978 3991 5063 aequissimus
4033 4977 4161 5044 suit

2219 5066 2455 5132 iudex:
2500 5067 2648 5149 quis
2693 5067 2865 5131 enim
2918 5065 3200 5145 obsecro,
3251 5084 3332 5129 ex
3369 5072 3554 5129 tanta
3587 5063 3702 5130 illa
3744 5063 4161 5129 multitudine

2221 5173 2406 5218 suam
2450 5152 2628 5235 apud
2673 5150 2890 5217 Deum
2936 5149 3371 5216 innocentiam
3422 5147 3760 5216 tuebitur?
3850 5148 4160 5232 Quando-

2220 5237 2482 5323 quidem
2528 5238 2733 5323 igitur
2777 5245 3028 5302 certum
3073 5244 3174 5301 est
3219 5256 3449 5302 omnes
3490 5256 3531 5301 a
3572 5235 3862 5302 maximo
3904 5234 3987 5302 ad
4030 5235 4161 5301 mi-
