5059 6059
821 317 950 388 519

823 508 1047 574 minus
1090 506 1172 572 ad
1215 527 1359 573 eam
1418 506 1682 573 divinae
1725 504 2089 571 voluntatis
2138 505 2575 590 cognitionem
2619 526 2768 590 per-

824 593 1052 660 venire
1096 614 1214 659 nos
1250 601 1510 675 oportet
1544 591 1676 676 qua
1697 591 2074 658 roboremur
2107 599 2175 655 et
2215 589 2296 655 ad
2333 592 2529 656 finem
2568 612 2771 673 usque

824 677 1001 746 vitae
1049 699 1562 762 perseveremus.
1648 676 1753 743 Ad
1813 676 1985 744 hanc
2039 675 2475 761 cognitionem
2522 675 2772 743 accedit

822 763 1061 831 fiducia
1118 765 1185 829 in
1229 762 1452 829 Deum
1514 784 1709 847 quem
1764 761 2166 828 defensorem
2215 777 2281 828 et
2331 771 2767 846 protectorem

822 860 1116 918 nostrum
1141 850 1210 914 in
1239 848 1454 916 -rebus
1489 847 1788 915 adversis
1827 848 1963 913 fore
1998 848 2260 933 scimus,
2306 856 2372 913 et
2405 848 2476 913 in
2515 869 2593 914 eo
2616 869 2770 914 con-

821 935 1214 1019 quiescimus
1258 945 1324 1000 et
1363 935 1540 1001 ultro
1577 955 1698 1000 nos
1742 934 1866 1017 ipsi
1898 933 2276 1001 subiicimus
2320 944 2518 1017 atque
2565 934 2772 1018 ipsius

821 1022 1214 1105 patefactam
1254 1019 1443 1087 nobis
1467 1020 1879 1086 voluntatem
1906 1020 2379 1104 amplectimur.
2426 1020 2519 1086 Et
2555 1019 2773 1087 hacte-

822 1129 950 1175 nus
991 1105 1071 1172 de
1113 1106 1250 1172 ista
1285 1107 1656 1206 cognitione
1703 1106 1949 1173 dictum
1995 1116 2152 1171 esto.

991 1191 1137 1258 Iam
1186 1192 1470 1276 amphus
1516 1191 1715 1257 etiam
1777 1191 2227 1275 expendamus
2263 1189 2490 1257 Saulis
2534 1191 2773 1257 oratio-

821 1298 976 1344 nem
1018 1279 1090 1343 in
1115 1299 1264 1361 qua,
1309 1278 1462 1344 licet
1505 1278 1948 1362 cognitionem
1994 1275 2236 1343 habere
2271 1297 2342 1352 se
2383 1278 2773 1362 profiteatur

821 1363 1197 1430 divinarum
1258 1363 1761 1447 promissionum
1823 1362 2072 1429 Davidi
2130 1383 2248 1446 per
2285 1362 2521 1443 ,Saulis
2581 1363 2773 1428 mini-

822 1450 1095 1515 sterium
1155 1450 1511 1520 factarum.
1575 1457 1799 1515 tamen
1859 1469 2045 1514 suam
2101 1449 2622 1515 incredulitatem
2667 1448 2773 1514 vel

822 1537 1040 1624 potius
1084 1537 1530 1616 arrogantiam
1576 1534 1908 1619 patefacit,
1969 1534 2136 1617 quod
2184 1554 2332 1601 cum
2376 1535 2520 1600 Deo
2565 1534 2775 1601 veluti

821 1622 1060 1705 pacisci
1104 1621 1173 1685 in
1209 1619 1494 1686 Davidis
1538 1641 1818 1704 persona
1857 1620 2035 1686 velit.
2082 1619 2253 1685 Nam
2301 1621 2418 1685 ait:
2465 1620 2612 1706 Eyo
2649 1621 2776 1687 scio

822 1712 879 1772 te
934 1712 1342 1791 reynaturum
1396 1727 1557 1772 esse.-
1622 1706 1852 1789 Itaque
1911 1727 2043 1770 non
2109 1706 2494 1787 indignatur
2562 1726 2774 1789 neque

824 1813 1006 1857 more
1050 1793 1240 1858 solito
1284 1791 1709 1859 excandescit
1753 1791 1823 1856 in
1869 1792 2021 1869 iras,
2066 1790 2180 1856 sed
2225 1812 2296 1857 se
2339 1813 2488 1859 cum
2514 1791 2775 1857 Davide

823 1879 1193 1961 transigere
1239 1877 1407 1944 velle
1454 1877 1762 1957 ostendit,
1810 1886 1883 1941 ut
1927 1876 1997 1941 in
2040 1887 2374 1960 posterum
2422 1898 2775 1961 persuasus

822 1963 910 2028 sit
944 1962 1272 2028 Davidem
1331 1976 1479 2048 post
1533 1963 1738 2046 ipsius
1795 1960 2044 2027 obitum
2107 1961 2343 2029 semini
2398 1983 2517 2030 suo
2563 1963 2773 2047 parci·

824 2049 1067 2116 turum'.
1157 2048 1263 2113 Ex
1325 2048 1563 2132 quibus
1624 2056 1901 2132 apparet
1956 2048 2022 2113 in
2079 2068 2208 2131 qua
2273 2050 2582 2134 opinione
2638 2047 2774 2114 Da-

822 2134 1039 2201 videm
1104 2133 1433 2213 habuerit,
1501 2156 1738 2217 nempe
1806 2131 1971 2199 nihil
2038 2133 2256 2217 ipsum
2322 2134 2639 2200 adversus
2704 2155 2774 2199 se

821 2230 1277 2303 suscepturum
1377 2241 1586 2304 neque
1689 2238 1894 2296 nova,
1966 2219 2239 2287 consilia
2349 2222 2774 2305 agitaturum.

818 2305 1150 2373 Mil-abilis
1194 2328 1355 2372 sane
1400 2305 1702 2386 mutatio,
1745 2304 1918 2389 quod
1964 2305 2077 2389 qui
2110 2314 2306 2371 antea
2341 2313 2523 2371 tanto
2554 2308 2775 2371 furore

821 2390 1146 2457 Davidem
1173 2392 1256 2458 ad
1279 2404 1560 2458 mortem
1603 2389 2133 2475 persequebatur,
2176 2401 2243 2457 et
2275 2391 2774 2475 quibuscunque

865 2484 1080 2542 oterat
1142 2478 1406 2543 iniuriis
1466 2478 1812 2553 afficiebat,
1881 2498 1952 2542 se
2012 2477 2144 2542 iam
2200 2487 2333 2542 tam
2395 2477 2647 2545 facilem
2709 2487 2776 2543 et

903 2564 1178 2645 nignum
1217 2562 1545 2647 praebeat.
1604 2562 1739 2630 Sed
1770 2561 2293 2648 quandoquidem
2342 2570 2773 2648 regnaturum

821 2646 1151 2714 Davidem
1194 2649 1459 2727 sciebat,
1502 2670 1704 2731 quare
1748 2670 1878 2714 non
1926 2660 2160 2733 sponte
2203 2649 2451 2734 regiam
2491 2649 2776 2734 dignita-

822 2740 956 2798 tem
982 2732 1281 2799 eiurabat
1303 2744 1372 2799 et
1396 2731 1648 2799 Davidi·
1688 2733 2032 2801 tradebat?
2081 2733 2305 2817 Quare
2327 2755 2532 2820 quum
2558 2745 2777 2803 certus

820 2828 995 2886 esset
1038 2817 1119 2884 de
1163 2818 1296 2886 Dei
1340 2818 1689 2885 voluntate
1733 2840 1869 2885 non
1915 2819 2090 2886 ultro
2133 2820 2353 2887 cedit?
2413 2821 2584 2887 Nam
2627 2823 2775 2905 quis

821 2904 920 2974 illi
967 2903 1139 2972 hanc
1175 2905 1653 2971 confessionem
1692 2906 1990 2985 extorsit,
2036 2905 2168 2973 nisi
2203 2906 2340 2973 sola
2374 2906 2779 2974 conscientia

819 3011 958 3077 qua
997 2990 1186 3057 intus
1231 2989 1598 3076 urgebatur
1643 3000 1710 3057 et
1751 2992 2086 3077 urebatur,
2141 3001 2210 3058 et
2267 3003 2581 3078 tanquam
2625 3013 2775 3077 per-

819 3084 1022 3164 petuo
1086 3077 1397 3143 carnifice
1464 3076 1910 3156 cruciabatur,
1992 3078 2138 3143 Deo
2200 3078 2397 3144 etiam
2463 3087 2776 3162 tanquam

819 3181 1080 3230 summo
1102 3162 1321 3227 iudice
1346 3163 1537 3228 illum
1574 3160 1953 3229 excitante?
1998 3161 2443 3244 Quamobrem
2478 3164 2779 3249 cognitae

819 3247 950 3316 Dei
1007 3247 1344 3315 voluntati
1400 3268 1524 3314 nos
1579 3247 1759 3314 ultro
1819 3247 2138 3315 subiicere
2183 3249 2530 3331 discamus,
2574 3249 2776 3315 nihil-

821 3354 958 3419 que
1001 3332 1323 3401 adversus
1366 3332 1555 3399 illam
1601 3334 1952 3418 suscipere,
2008 3333 2125 3402 sed
2168 3356 2396 3401 omnes
2438 3336 2775 3420 cogitatio·

821 3441 939 3490 nes
984 3430 1053 3485 et
1097 3421 1392 3486 actiones
1438 3427 1699 3485 nostras
1758 3429 1991 3504 sponte
2044 3421 2170 3504 ipsi
2212 3421 2655 3501 subiiciamus,
2712 3430 2781 3487 et

821 3504 1116 3607 pedibus,
1162 3505 1494 3586 manibus,
1540 3506 1770 3586 oculis,
1815 3504 2118 3572 omnibus
2163 3506 2443 3590 denique
2480 3505 2780 3573 sensibus

822 3613 894 3656 in
938 3610 1081 3656 eam
1126 3591 1366 3657 intenti
1408 3591 1641 3658 simus.
1692 3589 1872 3659 Sunt
1904 3591 2080 3658 enim
2117 3592 2460 3659 individuo
2494 3593 2782 3677 quodam

826 3696 1006 3743 nexu
1050 3675 1227 3742 inter
1270 3698 1342 3744 se
1366 3677 1724 3745 coniuncta
1768 3676 1932 3745 fides
1971 3678 2044 3741 in
2069 3676 2311 3759 Deum,
2355 3688 2423 3744 et
2464 3678 2537 3744 in
2573 3677 2781 3762 ipsius

826 3761 1201 3841 veritatem,
1246 3772 1311 3827 et
1356 3783 1518 3829 vera
1561 3763 1932 3829 obedientia
1975 3763 2044 3828 in
2081 3763 2384 3831 omnibus
2427 3763 2498 3828 in
2544 3762 2782 3847 quibus

827 3865 1138 3914 exercere
1182 3868 1304 3914 nos
1329 3847 1473 3914 Deo
1519 3848 1861 3934 placuerit.
1910 3849 2264 3916 Caeterum
2298 3849 2781 3916 observandum

823 3933 1087 4016 iniquos
1108 3932 1279 3999 velle
1314 3933 1580 4018 quidem
1619 3955 1768 4000 cum
1792 3933 1938 4001 Deo
1974 3934 2234 4019 pacisci,
2281 3934 2393 4001 sed
2428 3957 2565 4002 non
2594 3956 2784 4020 posse

830 4025 1058 4087 tamen
1123 4039 1352 4101 pacem
1421 4021 1755 4103 consequi.
1842 4020 1989 4087 Pax
2050 4021 2227 4086 enim
2294 4040 2490 4105 quam
2559 4020 2784 4088 fideles

826 4112 1055 4191 optare
1080 4102 1344 4184 debent,
1390 4125 1469 4171 ea
1494 4114 1596 4171 est
1623 4114 1698 4171 ut
1721 4105 1802 4173 ad
1839 4108 2058 4190 ipsum
2093 4105 2495 4185 accedamus,
2544 4104 2783 4172 eidem·

827 4212 957 4278 que
1001 4190 1309 4276 coniungi
1348 4200 1417 4257 et
1460 4191 1640 4256 uniri
1683 4191 2084 4268 studeamus,
2144 4199 2213 4257 et
2261 4192 2437 4257 ultro
2489 4191 2589 4257 illi
2631 4212 2783 4259 con-

826 4277 1016 4361 iungi
1059 4275 1367 4358 velimus,
1428 4277 1543 4360 qui
1603 4284 1703 4341 est
1760 4278 1898 4343 sola
1957 4276 2268 4362 perfectio
2324 4297 2785 4360 summumque

825 4364 1120 4431 omnium
1169 4362 1437 4428 bonum.
1484 4361 1685 4428 Hanc
1727 4362 1809 4428 ob
1852 4383 2113 4428 causam
2157 4362 2546 4446 nominatim
2589 4362 2785 4429 divus

825 4448 1079 4516 Paulus
1151 4446 1341 4514 docet
1407 4467 1536 4514 nos
1599 4468 1719 4531 per
1778 4447 1974 4515 fidem
2032 4468 2258 4532 pacem
2310 4446 2641 4514 obtinere:
2709 4469 2786 4515 ac

825 4533 1107 4622 proinde
1151 4531 1484 4599 increduli
1532 4532 1659 4598 sibi
1702 4553 1931 4618 pacem
1978 4534 2260 4617 aliquam
2299 4533 2784 4618 imaginantur:

828 4621 946 4688 sed
989 4621 1084 4685 ita
1126 4627 1351 4684 tamen
1411 4626 1488 4685 ut
1527 4617 1673 4684 Deo
1721 4629 1979 4704 tergum
2024 4617 2392 4702 obvertant,
2450 4629 2517 4687 et
2574 4621 2787 4705 magis

828 4727 906 4775 ac
949 4705 1163 4789 magis
1205 4703 1617 4771 obdurentur
1680 4713 1749 4771 et
1792 4705 2228 4789 obstupefiant
2263 4715 2337 4772 ut
2377 4706 2603 4772 nullus
2647 4725 2781 4772 am-

876 4791 1009 4858 lius
1051 4790 1344 4857 remedio
1406 4790 1594 4858 locus
1637 4792 1944 4875 supersit,
2004 4791 2558 4875 quemadmodum
2601 4790 2788 4858 docet

891 4876 1099 4954 aulus,
1160 4897 1292 4942 non
1339 4898 1680 4960 superesse
1726 4876 2011 4963 amplius
2058 4878 2220 4961 ipsis
2262 4877 2476 4944 ullum
2519 4898 2785 4945 sensum

830 4963 1155 5032 malorum
1214 4962 1451 5046 quibus
1509 4972 1853 5048 urgentur.
1942 4961 2359 5048 Quapropter
2417 4963 2501 5030 ad
2561 4984 2786 5030 veram

992 5068 1061 5113 m
1105 5067 1146 5113 a
1187 5047 1336 5114 Deo
1379 5049 1905 5135 consequendam
1951 5068 2085 5113 non
2145 5048 2358 5133 longis
2401 5049 2787 5131 ambagibus

903 5156 1019 5201 eus
1061 5134 1476 5218 quaerendus
1520 5144 1638 5214 est,
1700 5155 1914 5219 neque
1958 5155 2249 5218 unquam
2305 5136 2784 5218 procrastinan-

830 5223 1012 5302 dum,
1068 5219 1182 5286 sed
1228 5220 1495 5288 vocanti
1534 5220 1685 5287 Deo
1748 5218 2236 5304 obsequendum
2291 5228 2359 5286 et
2412 5221 2623 5307 ipsius
2663 5241 2781 5288 vo-

2330 316 2746 383 HOMILIA
2793 315 3261 384 LXXXVIII.

4628 318 4720 384 520

2875 505 3115 572 luntati
3151 504 3537 590 parendum,
3582 517 3660 570 ut
3692 524 3915 571 veram
3952 511 4019 569 et
4056 511 4533 587 permanentem

2873 613 3315 675 assequamur.
3403 590 3582 673 Quid
3626 610 3783 676 ergo
3828 590 4102 675 profecit
4147 588 4313 656 Saul
4356 611 4501 655 cum
4538 589 4728 659 Davide

2875 678 3100 745 volens
3158 675 3438 761 pacisci?
3501 675 3678 745 Sane
3723 677 3981 743 videtur
4035 674 4168 740 otio
4226 685 4292 741 et
4350 676 4735 760 tranquillitati

2873 784 3028 830 suae
3049 763 3470 840 consuluisse,
3515 774 3582 828 et
3603 773 3915 846 tanquam
3961 762 4145 827 factis
4186 759 4468 827 induciis
4496 772 4735 845 opportu-

2872 870 3034 914 num
3079 861 3340 933 tempus
3383 848 3744 933 explendae
3788 848 4079 914 malitiae
4137 866 4333 930 quam
4375 849 4547 912 intus
4581 848 4736 914 occul·

2875 935 3090 1014 tabat,
3148 945 3577 1019 exspectasse.
3664 934 3757 999 Et
3814 942 4076 1017 pectore
4124 933 4293 998 fovit
4335 933 4639 998 tristitiam
4666 935 4739 1000 vel

2874 1023 3160 1086 furorem
3208 1021 3423 1105 potius
3468 1040 3598 1103 quo
3644 1018 3959 1085 adversus
4000 1016 4326 1084 Davidem
4373 1020 4741 1086 exaestuabat.

2876 1106 3178 1190 Denique
3224 1107 3304 1172 de
3348 1127 3467 1172 sua
3512 1106 3875 1191 pertinacia
3928 1104 4097 1171 nihil
4153 1103 4488 1170 remittere
4529 1103 4742 1172 volebat.

2872 1192 3014 1258 Nos
3056 1212 3215 1259 vero
3276 1203 3508 1257 contra
3575 1193 3779 1276 ipsius
3836 1191 4141 1275 exemplo
4204 1188 4527 1256 discamus
4574 1212 4744 1257 omncs

2877 1278 3257 1345 affectiones
3292 1287 3360 1343 et
3402 1278 3606 1343 animi
3652 1277 4174 1361 perturbationes
4218 1296 4482 1355 exuere,
4528 1296 4603 1342 nc
4636 1275 4748 1359 quid

2877 1384 2999 1430 nos
3032 1363 3349 1447 impediat
3391 1362 3739 1446 quominus
3784 1357 3867 1427 ad
3910 1361 4129 1427 Deum
4172 1361 4569 1441 accedamus,
4617 1371 4672 1426 et
4699 1362 4747 1426 in

2877 1449 3083 1535 ipsius
3114 1449 3409 1515 veritatis
3445 1460 3512 1513 et
3553 1448 3861 1515 bonitatis
3905 1458 4220 1532 paternae
4253 1446 4613 1532 cognitione
4644 1467 4748 1530 per·

2877 1556 3271 1615 severemus,
3317 1544 3393 1601 ut
3437 1533 3975 1618 tranquillitatem
4020 1532 4430 1618 spiritualem
4472 1552 4624 1615 quae
4656 1532 4753 1598 sols

2878 1642 3204 1687 summum
3252 1619 3495 1686 bonum
3531 1636 3630 1687 est
3665 1640 3807 1686 asse
3856 1639 4110 1697 namur,
4146 1629 4213 1684 et
4246 1639 4320 1685 re
4352 1620 4500 1702 ipsa
4517 1619 4749 1701 experia-

2877 1727 3029 1772 mur
3053 1707 3268 1773 Deum
3295 1728 3439 1773 esse
3476 1717 3773 1771 nostrum
3856 1708 4218 1772 efensorem
4256 1723 4332 1770 ac
4367 1714 4755 1788 protectorem,

2877 1813 2954 1858 ac
3019 1813 3283 1875 scopum
3352 1793 3615 1858 unicum
3684 1790 3767 1857 ad
3833 1812 4027 1873 quem
4095 1790 4433 1856 collimare
4490 1788 4753 1855 debemus.

2879 1879 3155 1943 Interim
3202 1898 3361 1944 vero
3417 1897 3616 1960 quum
3665 1874 3935 1945 Saulem
3992 1875 4295 1942 audimus
4337 1874 4618 1942 voluisse
4651 1893 4759 1940 cum

2878 1962 3138 2029 Davide
3163 1964 3396 2046 pacisci
3421 1964 3684 2047 suisque
3704 1962 3900 2029 rebus
3922 1962 4260 2028 consulere
4294 1960 4366 2025 in
4394 1983 4472 2026 eo
4509 1973 4757 2043 tanquan

2879 2050 2948 2115 in
2998 2049 3259 2133 speculo
3320 2049 3844 2132 contemplemur
3902 2046 4390 2113 incredulorum
4446 2046 4688 2112 consilia
4716 2053 4763 2109 et

2879 2138 3189 2201 rationes.
3267 2134 3442 2201 Nam
3485 2156 3597 2199 eos
3643 2132 4205 2218 deprehendemus
4247 2141 4433 2198 metu
4477 2140 4543 2197 et
4592 2132 4761 2197 formi-

2881 2220 3033 2286 dine
3077 2221 3410 2305 perculsos
3447 2222 3736 2286 rationes
3769 2240 4083 2302 quaerere
4119 2216 4356 2303 quibus
4393 2218 4541 2297 sibi,
4580 2227 4765 2283 etsusc

2880 2308 3212 2373 securitati
3266 2306 3645 2384 consulant,
3718 2307 3830 2389 qui
3889 2305 4073 2370 nullo
4134 2307 4308 2388 ipsos
4392 2311 4764 2388 persequente

2882 2403 3214 2472 tremunt,
3278 2393 3529 2475 sibique
3594 2392 3843 2474 aliquas
3910 2391 4051 2456 dari
4118 2389 4424 2456 inducias
4490 2397 4764 2471 expetunt.

2883 2479 3136 2544 Verum
3198 2498 3400 2561 quum
3459 2478 3820 2544 adversarii
3878 2479 4013 2542 sint
4068 2485 4135 2541 et
4193 2477 4420 2541 hostes
4456 2476 4642 2541 iurati
4674 2473 4765 2538 Dei

2880 2565 2993 2648 qui
3039 2563 3199 2629 deus
3239 2573 3339 2630 est
3382 2566 3575 2648 pacis,
3619 2560 3941 2646 quomodo
3983 2583 4208 2647 pacem
4235 2558 4619 2645 requirent?
4670 2558 4767 2623 No·

2879 2649 3082 2732 igitur
3116 2649 3379 2715 illorum
3418 2649 3719 2734 exemplo
3742 2658 3972 2714 contra
3993 2648 4322 2714 discamus
4348 2641 4770 2713 inaestimabile

2881 2737 3124 2804 bonum
3185 2757 3328 2802 esse
3384 2755 3609 2819 pacem
3674 2734 3917 2800 babere
3970 2753 4121 2799 cum
4165 2732 4311 2798 Deo
4356 2742 4432 2798 et
4486 2733 4555 2796 in
4595 2728 4766 2796 eodem

2881 2822 3338 2905 conquiescere
3371 2835 3439 2887 et
3473 2843 3556 2886 ex
3593 2821 3814 2886 animo
3836 2820 4234 2885 detestemur
4265 2827 4332 2884 et
4356 2818 4771 2884 abhorreamus

2882 2907 3298 2990 iniquitatem
3345 2906 3824 2973 incredulorum
3864 2926 4030 2987 quae
4059 2903 4211 2970 illos
4246 2923 4287 2968 a
4310 2905 4460 2969 Deo
4496 2901 4769 2983 disiungit

2883 3004 2950 3059 et
2992 2993 3124 3059 illis
3166 2991 3414 3058 similes
3458 2992 3603 3057 fieri
3644 3012 4054 3075 summopere
4097 3011 4475 3057 caveamnr.
4531 2989 4625 3054 Ac
4658 3004 4772 3051 sane

2881 3079 3127 3145 multos
3168 3077 3432 3162 quidem
3459 3077 3756 3143 videmus
3800 3077 3965 3143 nihil
4005 3076 4322 3142 adversus
4347 3075 4567 3141 Deum
4599 3081 4771 3155 aperto

2884 3163 3126 3231 audere
3170 3174 3239 3229 et
3281 3164 3349 3230 in
3390 3164 3667 3248 privatis
3710 3161 4093 3248 quibusdam
4155 3162 4352 3228 factis
4396 3161 4603 3245 ipsius
4637 3162 4771 3223 metu

2883 3247 3169 3329 retineri,
3213 3248 3328 3315 sed
3374 3271 3504 3315 non
3538 3249 3687 3315 ideo
3722 3260 3942 3314 tamen
3973 3247 4179 3313 verbo
4216 3247 4340 3313 niti
4378 3247 4771 3317 fundamento.

2880 3355 3092 3418 neque
3136 3355 3331 3402 veras
3373 3333 3615 3402 habere
3639 3338 3706 3400 in
3744 3336 3974 3400 timore
3994 3332 4126 3399 Dei
4168 3332 4446 3413 radices,
4488 3352 4612 3416 quo
4651 3327 4773 3393 duce

2882 3422 3084 3487 vitam
3131 3441 3321 3487 suam
3367 3420 3450 3486 ad
3509 3421 3717 3505 ipsius
3760 3418 4195 3487 obedientiam
4238 3417 4609 3484 instituant.
4675 3409 4773 3479 Sed

2881 3515 3138 3571 tantum
3175 3518 3423 3572 motum
3462 3507 3740 3590 aliquem
3780 3526 3920 3572 esse
3956 3515 4026 3572 et
4052 3506 4319 3570 inanem
4357 3504 4667 3587 impetum
4694 3516 4772 3580 qm

2881 3592 3104 3659 statim
3129 3603 3494 3658 evanescat.
3534 3591 3727 3673 Quod
3753 3612 3954 3675 quum
4001 3592 4096 3657 ita
4138 3592 4227 3655 sit
4267 3610 4395 3655 nos
4431 3588 4612 3654 decet
4640 3593 4775 3650 tanto

2886 3677 3105 3762 magis
3127 3677 3385 3743 incitari
3431 3678 3510 3743 ad
3536 3678 3753 3743 Deum
3799 3679 3865 3743 in
3891 3678 4170 3744 veritate
4204 3685 4270 3741 et
4304 3675 4595 3759 puritate
4624 3689 4770 3755 quse·

2884 3764 3184 3842 rendum,
3246 3784 3330 3830 ne
3373 3763 3566 3829 modo
3616 3765 3685 3828 in
3729 3762 3924 3836 hanc,
3975 3762 4169 3827 modo
4227 3763 4299 3826 in
4344 3761 4534 3828 illam
4574 3766 4773 3842 partem

2884 3851 3298 3934 fluctuemus,
3356 3847 3471 3916 sed
3527 3851 3591 3914 in
3650 3848 3983 3934 proposito
4027 3856 4412 3914 constanter
4454 3860 4776 3930 persevere-

2885 3956 3054 4016 mus,
3112 3946 3181 3999 et
3223 3934 3421 4001 nullis
3464 3935 3933 4001 tentationibus
3976 3933 4057 4000 ab
4101 3933 4316 4001 officio
4362 3931 4773 3998 dimoveamur.

3056 4018 3202 4086 Iam
3240 4043 3398 4088 vero
3452 4021 3582 4086 alia
3638 4041 3721 4086 ex
3780 4029 3964 4104 parte
4006 4018 4287 4085 Davidis
4348 4014 4773 4084 humanitem

2887 4105 3388 4186 consideremus,
3450 4107 3563 4190 qui
3620 4105 4046 4171 iureiurando
4103 4104 4293 4171 Sauli
4348 4124 4426 4169 se
4482 4101 4565 4169 ad
4612 4098 4773 4182 ipsius

2886 4191 3389 4276 postulationem
3436 4190 3805 4276 adstringit.
3883 4190 4055 4257 Nam
4098 4200 4355 4274 poterat
4413 4189 4529 4254 ille
4566 4181 4772 4271 quidm

2886 4277 3115 4342 multis
3137 4277 3613 4345 conditionibus
3637 4275 3903 4343 Saulem
3935 4275 4367 4360 adstringere.
4416 4294 4541 4340 nec
4560 4269 4771 4366 dubiutn

2887 4371 3004 4440 est,
3050 4362 3107 4427 si
3154 4363 3306 4429 talis
3340 4363 3571 4429 fuisset
3603 4361 3732 4428 Dei
3770 4362 4099 4440 voluntas,
4144 4362 4305 4445 quin
4350 4365 4701 4443 exoptasset
4724 4372 4772 4446 ιη

2885 4448 3102 4531 quiete
3144 4458 3210 4514 et
3268 4448 3441 4515 domi
3485 4451 3689 4515 vitam
3734 4451 4057 4533 privatam
4101 4448 4349 4525 vivere,
4410 4459 4482 4513 et
4535 4448 4598 4510 in
4636 4449 4771 4506 teum

2889 4535 3065 4600 victu
3105 4544 3169 4600 et
3204 4533 3433 4600 habitu
3480 4536 3757 4618 pastoris
3799 4533 3928 4600 Dei
3982 4534 4397 4600 voluntatem
4432 4535 4771 4622 exspectat?-

2888 4618 3023 4688 Sed
3082 4619 3400 4703 quidquid
3455 4620 3545 4686 sit
3599 4642 3821 4687 errare
3874 4619 4064 4686 illum
4121 4618 4313 4684 Deus
4362 4618 4590 4692 voluit,
4638 4619 4693 4678 et
4722 4625 4769 4672 m

2886 4705 3216 4771 montibus
3282 4704 3553 4790 degere,
3619 4716 3688 4773 et
3771 4718 3851 4772 ut
3913 4719 4109 4771 antea
4197 4706 4273 4769 in
4329 4703 4545 4770 antris
4601 4699 4769 4791 latap-

2886 4790 3337 4860 Nibilominus
3380 4802 3600 4858 tamen
3635 4814 3707 4860 se
3742 4791 4160 4859 iureiurando
4182 4787 4413 4858 Saulis
4457 4784 4769 4880 adstringi}

2885 4878 3080 4945 Unde
3124 4878 3450 4945 discemus
3492 4899 3644 4945 eum
3687 4878 3770 4944 ad
3826 4877 4063 4963 praxin
4104 4896 4423 4944 revocare
4462 4869 4623 4959 quod
4657 4865 4769 4933 dn*

2885 4963 3063 5032 Psal.
3129 4962 3249 5031 34:
3324 4963 3793 5048 Inquirendam
3852 4984 4113 5049 pacem,
4178 4975 4245 5030 et
4309 4951 4765 5058 persequi-eqd&

2887 5070 3051 5131 eam,
3093 5052 3288 5116 etiam
3311 5050 3370 5116 si
3392 5071 3517 5116 nos
3538 5050 3770 5136 fugere
3794 5049 4116 5128 videatur,
4150 5057 4220 5115 et
4240 5048 4401 5116 licet
4421 5068 4541 5114 nos
4572 5051 4765 5109 uumfl

2884 5145 3386 5222 persequantur,
3444 5136 3770 5221 patienter
3815 5143 4036 5201 tamen
4078 5145 4525 5220 opportunum
4566 5143 4676 5194 tem

2886 5222 3291 5290 liberationis
3334 5221 3862 5307 exspectandum,
3921 5228 3990 5287 et
4024 5242 4146 5306 pro
4188 5219 4444 5288 viribus
4485 5234 4623 5285 cum
