5059 6059
797 330 927 397 555

798 540 987 606 reges
1029 517 1286 603 legibus
1320 536 1548 600 parere
1583 520 1652 581 et
1686 515 1913 582 subiici
1950 523 2223 598 oportet,
2268 537 2353 582 ne
2393 515 2518 582 sibi
2557 512 2746 597 quid-

798 608 900 673 vis
959 605 1154 671 licere
1211 601 1668 688 persuadeant,
1729 600 1846 666 sed
1903 602 2292 667 constitutos
2354 600 2743 684 populorum

797 702 1083 758 rectores
1144 691 1372 765 sciant,
1433 695 1506 752 ut
1571 708 1655 752 ex
1699 687 1829 753 Dei
1891 688 2090 754 verbo
2145 686 2496 771 pendeant,
2560 695 2629 751 et
2673 687 2742 749 in

795 777 1204 843 subditorum
1260 772 1601 841 commoda
1659 793 1779 838 sua
1833 774 2058 839 omnia
2113 772 2390 839 consilia
2452 781 2741 837 vertant.

798 861 932 930 Sed
990 877 1235 944 quanta
1289 860 1639 942 corruptiO,
1699 868 1946 943 quanta
2003 858 2180 925 labes
2226 858 2406 925 hunc
2444 856 2744 924 ordinem

795 950 928 1014 iam
983 945 1232 1013 dudum
1289 943 1579 1012 invasit?
1667 945 1838 1010 Nam
1899 946 2023 1011 sibi
2065 946 2287 1010 omnia
2327 944 2525 1011 licere
2570 942 2744 1008 arbi-

796 1043 1078 1113 trantur,
1139 1043 1206 1098 et
1264 1053 1334 1098 se
1390 1030 1538 1116 lege
1584 1031 1710 1098 Dei
1771 1051 1901 1096 non
1949 1033 2182 1114 teneri,
2240 1051 2449 1115 neque
2492 1029 2746 1096 cultum

795 1121 938 1188 eius
980 1120 1065 1184 ad
1107 1139 1177 1185 se
1222 1119 1547 1202 pertinere
1589 1117 1990 1183 existimant.
2047 1115 2200 1199 Qua
2243 1117 2313 1181 in
2359 1138 2430 1182 re
2473 1135 2745 1199 magno-

794 1226 953 1291 pere
1010 1204 1352 1269 falluntur.
1453 1201 1618 1268 Inde
1684 1206 1760 1268 fit
1822 1212 1915 1280 ut,
1984 1202 2233 1268 abiecto
2293 1200 2425 1268 Dei
2490 1202 2742 1278 timore,

798 1291 1305 1359 dominationem
1372 1289 1724 1373 superbam
1785 1299 1848 1354 et
1916 1287 2247 1353 crudelem
2313 1289 2383 1352 in
2448 1286 2745 1353 subditos

800 1386 1168 1453 exerceant,
1233 1385 1300 1440 et
1353 1375 1498 1440 illos
1558 1396 1690 1441 non
1748 1374 1874 1440 alio
1929 1394 2128 1456 quam
2187 1373 2541 1439 bestiarum
2604 1373 2743 1438 loco

798 1463 1119 1530 habeant:
1164 1482 1236 1527 se
1272 1481 1426 1527 vero
1463 1468 1731 1545 propter
1767 1459 2273 1525 dominationem
2312 1470 2498 1524 extra
2538 1458 2746 1523 homi·

796 1569 956 1615 num
1037 1547 1334 1613 ordinem
1399 1547 1648 1631 positos
1713 1554 1962 1629 putent,
2049 1557 2120 1611 ut
2184 1546 2313 1610 iam
2378 1567 2510 1610 non
2580 1544 2744 1609 alios

795 1635 1078 1703 honores
1121 1654 1315 1717 quam
1354 1632 1609 1698 divinos
1643 1633 1724 1700 ab
1763 1631 2137 1697 hominibus
2172 1631 2490 1715 flagitent.
2536 1630 2742 1713 Atqui

793 1730 1047 1788 certum
1073 1731 1172 1785 est
1206 1718 1453 1802 regiam
1499 1738 1756 1784 omnem
1795 1717 2307 1784 dominationem
2343 1737 2486 1782 esse
2520 1717 2745 1781 minis-

796 1807 1169 1873 tratoriam:
1226 1805 1347 1884 aio,
1406 1805 1692 1887 inquam,
1750 1825 1939 1889 reges
1993 1824 2141 1871 esse
2204 1803 2332 1867 Dei
2385 1822 2610 1867 servos
2668 1822 2744 1867 ac

795 1893 1149 1969 ministros,
1196 1911 1273 1956 ac
1316 1890 1584 1973 proinde
1630 1899 1926 1973 oportere
1962 1899 2038 1954 ut
2083 1897 2359 1955 noscant
2401 1909 2472 1954 se
2514 1907 2556 1953 a
2597 1887 2743 1953 Deo

797 1995 1109 2062 tanquam
1171 1998 1328 2042 suos
1384 1975 1637 2059 legatos
1692 1976 1952 2059 populis
2016 1975 2399 2041 commissos
2464 1973 2574 2058 qui
2635 1994 2744 2040 res

796 2065 1004 2149 ipsius
1047 2062 1326 2128 fideliter
1369 2061 1850 2140 administrent,
1895 2071 1962 2126 et
2003 2059 2226 2144 populi
2271 2081 2495 2126 curam
2542 2059 2743 2125 habe·

797 2160 930 2217 ant.
1020 2150 1257 2231 Itaque
1301 2147 1452 2213 licet
1495 2147 1868 2230 principum
1914 2157 2328 2212 terrenorum
2371 2165 2614 2230 magna
2657 2146 2746 2212 sit

799 2239 868 2302 in
926 2235 1175 2302 mundo
1234 2241 1544 2316 potestas,
1606 2241 1826 2298 tamen
1885 2254 2026 2299 sese
2071 2232 2200 2297 Dei
2242 2242 2309 2297 et
2351 2231 2741 2315 populorum

799 2343 942 2389 esse
986 2320 1322 2386 ministros
1366 2337 1441 2383 ac
1485 2338 1709 2384 servos
1745 2327 2106 2403 agnoscant
2140 2338 2406 2384 necesse
2441 2326 2560 2384 est.
2608 2316 2741 2383 Sed

801 2429 997 2493 quam
1054 2406 1248 2491 pauci
1308 2404 1637 2488 principes
1692 2401 1774 2470 de
1817 2403 1923 2470 his
1966 2404 2164 2471 rebus
2208 2404 2375 2471 serio
2420 2423 2494 2469 co
2543 2405 2739 2468 itant:

801 2513 1000 2577 quam
1059 2490 1249 2556 multi
1298 2488 1421 2556 sibi
1479 2490 1711 2555 laxant
1768 2490 2058 2556 habenas
2101 2498 2168 2557 et
2210 2511 2367 2557 suae
2420 2511 2502 2556 vo
2530 2488 2743 2554 untati

801 2600 877 2645 ac
918 2578 1172 2644 libidini
1214 2574 1603 2659 indulgent?
1650 2574 1870 2642 David
1912 2576 2054 2660 ipse
2098 2583 2235 2642 tam
2280 2575 2561 2659 insignis
2604 2574 2741 2658 pie-

800 2673 954 2743 tate,
1022 2673 1285 2745 tamque
1348 2661 1627 2727 eximius
1681 2663 2021 2745 propheta,
2088 2683 2220 2728 non
2283 2671 2503 2726 tamen
2571 2659 2743 2743 quod

798 2750 945 2835 lege
995 2748 1123 2814 Dei
1183 2746 1747 2832 praescribebatur
1802 2748 2194 2814 observavit.
2288 2747 2472 2812 Alios
2530 2745 2742 2829 legem

795 2837 927 2902 Dei
986 2835 1222 2913 docuit,
1288 2830 1402 2899 sed
1466 2833 1625 2915 ipse,
1692 2835 1888 2900 rebus
1931 2833 2234 2900 secundis
2299 2834 2530 2912 elatus,
2598 2852 2740 2897 eam

796 2921 1107 2989 oblivioni
1144 2918 1431 2985 tradidit.
1490 2919 1740 2985 Multas
1784 2921 1959 2986 enim
2005 2940 2242 2986 uxores
2290 2920 2401 2984 uni
2448 2919 2744 3000 superin-

797 3008 1018 3075 duxit:
1065 3006 1209 3072 auri
1255 3015 1320 3070 et
1356 3005 1613 3090 argenti
1651 3006 1786 3070 vim
1821 3007 2176 3072 maximam
2213 3006 2445 3089 coegit,
2482 3003 2743 3070 thesau-

793 3116 904 3161 ros
939 3093 1179 3159 multos
1215 3092 1592 3168 cumulavit,
1631 3111 1799 3173 quae
1834 3101 2056 3157 tamen
2094 3093 2315 3157 omnia
2349 3091 2515 3175 lege,
2557 3090 2744 3156 cuius

797 3203 866 3247 se
911 3179 1206 3263 alioquin
1250 3178 1538 3242 maximo
1583 3180 1792 3243 teneri
1837 3177 2052 3243 studio
2097 3199 2229 3242 non
2276 3175 2492 3243 dubiis
2536 3176 2743 3259 signis

793 3268 948 3334 fecit
1010 3273 1340 3340 testatum,
1410 3260 1937 3349 prohibebantur.
2028 3261 2470 3345 Quamobrem
2538 3281 2740 3345 quum

794 3362 1047 3417 tantam
1091 3371 1234 3417 esse
1269 3350 1402 3416 vim
1450 3349 1912 3415 dominationis
1955 3348 2314 3423 videamus,
2377 3357 2452 3414 ut
2495 3347 2739 3432 princi·

793 3458 909 3522 pes
973 3438 1149 3520 ipsos
1213 3444 1534 3512 excaecet,
1600 3435 2024 3519 cogitandum
2088 3444 2407 3519 quantum
2472 3433 2742 3499 libertas

793 3524 1178 3591 beneficium
1225 3523 1331 3600 sit,
1377 3542 1578 3605 quum
1625 3520 1810 3588 Deus
1854 3540 2001 3588 eam
2046 3521 2245 3587 alicui
2287 3520 2585 3605 largitur.
2641 3523 2742 3586 Ac

795 3630 955 3674 sane
1005 3628 1175 3691 quae
1233 3606 1343 3672 hic
1400 3627 1441 3672 a
1484 3593 1795 3673 Samuele
1847 3609 2231 3687 recitantur,
2298 3608 2438 3673 loco
2493 3625 2740 3689 poenae

793 3703 965 3772 sunt,
1003 3693 1174 3777 quod
1212 3692 1689 3759 inaestimabile
1725 3701 2058 3777 acceptum
2098 3714 2137 3758 a
2172 3694 2316 3759 Deo
2352 3691 2742 3758 beneficium

794 3779 1115 3847 libertatis
1159 3778 1439 3863 populus
1483 3778 1879 3865 repudiaret,
1939 3799 2289 3865 regemque
2333 3787 2582 3862 peteret
2625 3798 2742 3860 pro

793 3886 870 3933 eo
925 3864 1359 3948 gubernatore
1425 3884 1619 3947 quem
1676 3863 1861 3931 Deus
1924 3866 2296 3944 suscitabat,
2356 3865 2542 3931 cuius
2606 3873 2743 3928 tam

793 3950 1137 4016 familiaris
1177 3957 1319 4015 erat
1360 3950 1729 4016 auctoritas.
1791 3951 2027 4034 Itaque
2070 3960 2208 4017 tam
2251 3970 2525 4034 aequam
2573 3958 2741 4014 tam-

789 4058 917 4123 que
953 4036 1380 4102 honorificam
1417 4036 1860 4102 conditionem
1895 4037 2210 4121 populum
2248 4060 2382 4102 non
2418 4036 2739 4101 ferentem

790 4122 1081 4208 oportuit
1124 4122 1324 4187 etiam
1368 4140 1526 4187 suae
1562 4123 1952 4189 temeritatis
1986 4144 2232 4207 poenas
2274 4123 2478 4188 luere.
2521 4121 2740 4203 Atque

790 4209 1030 4277 idcirco
1075 4205 1347 4273 Samuel
1406 4206 1528 4274 hcc
1586 4207 1727 4274 loco
1770 4209 1959 4275 varia
1999 4230 2244 4294 genera
2279 4209 2586 4293 proponit
2629 4227 2737 4272 ec-

791 4316 941 4363 rum
986 4314 1258 4360 casuum
1302 4300 1369 4358 et
1403 4292 1936 4376 compilationum
1981 4295 2215 4378 quibus
2249 4293 2514 4362 obnoxii
2549 4301 2742 4359 erant

796 4382 1047 4466 regiam
1091 4379 1601 4445 dominationem
1646 4389 2041 4465 expetentes.
2088 4381 2258 4447 Nam
2303 4379 2744 4465 potentissimi

799 4469 1040 4552 quique
1095 4465 1428 4550 principes
1483 4473 1552 4529 et
1593 4467 1980 4532 monarchae
2023 4467 2413 4550 plerumque
2456 4465 2524 4531 in
2574 4465 2743 4530 hanc

796 4565 1051 4638 partem
1096 4559 1408 4635 peccant:
1452 4571 1615 4634 quos
1658 4571 1819 4617 vere
1857 4552 2104 4619 similes
2141 4552 2357 4620 dicere
2391 4571 2742 4635 possumus

796 4639 1055 4723 magnis
1112 4634 1355 4722 fluviis,
1414 4656 1693 4719 quornm
1738 4636 2278 4706 inundationibus
2332 4647 2548 4703 terrae
2592 4658 2743 4703 cum

798 4724 1119 4790 fructibus
1162 4723 1357 4808 longe
1397 4722 1655 4805 lateque
1699 4733 2067 4805 vastantur,
2126 4732 2202 4790 nt
2245 4723 2451 4791 veluti
2496 4721 2744 4790 diluvio

799 4810 1084 4894 quodam
1126 4810 1504 4876 obruantur.
1550 4812 1650 4875 Ac
1690 4830 1848 4876 sane
1884 4811 2118 4878 Esaias
2153 4810 2277 4877 hac
2313 4810 2528 4875 utitur
2562 4808 2745 4874 simi-

797 4895 1095 4975 litudine,
1156 4914 1359 4979 quum
1418 4896 1646 4961 foedus
1687 4897 1768 4963 ab
1811 4896 2134 4963 Israelitis
2178 4896 2548 4979 quaesitum
2594 4917 2742 4962 cum

799 4981 1149 5068 Aegyptiis
1207 4990 1323 5047 aut
1378 5002 1528 5048 cum
1573 4984 1701 5048 Ass
1751 4982 1868 5048 riis
1912 4982 2105 5067 longe
2149 5005 2219 5049 se
2262 4981 2743 5066 potentioribus

799 5069 1173 5151 exprobrat,
1234 5068 1340 5135 his
1384 5066 1636 5135 verbis:
1742 5072 2022 5151 ropterea
2063 5070 2226 5151 quod
2266 5068 2503 5150 sprevit
2537 5088 2744 5150 popu·

801 5155 907 5220 lus
960 5155 1077 5218 iste
1132 5174 1335 5235 aquas
1380 5152 1732 5219 Schiloachi
1788 5159 2001 5220 euntes
2041 5156 2293 5234 sensim,
2341 5159 2395 5218 et
2434 5153 2747 5235 qaudium

800 5245 891 5305 est
943 5239 1117 5321 apud
1163 5239 1484 5307 Retzinem
1542 5244 1599 5305 et
1650 5239 1859 5320 filium
1905 5239 2251 5309 Remuliae.
2340 5238 2525 5304 Nulli
2570 5241 2746 5306 enim

2447 322 2861 391 HOMILIA
2903 322 3165 390 XXIX.

4640 329 4748 396 556

2848 522 3041 579 erant
3082 511 3568 596 Hierosolymis
3611 513 3797 579 fluvii
3842 513 4076 597 rapidi,
4120 513 4346 598 quales
4385 515 4458 580 in
4490 515 4754 602 Aegypto

2847 606 2916 663 et
2958 597 3326 664 Chaldaea:
3371 609 3563 682 atque
3607 599 3848 667 idcirco
3891 600 4211 683 propheta
4253 602 4552 667 meminit
4583 622 4756 685 aqua-

2848 705 2995 749 rum
3039 682 3438 762 Schiloachi,
3484 705 3763 768 quarum
3809 693 4257 770 contemptum
4292 688 4530 770 populo
4560 707 4758 773 expro-

2847 771 3015 847 brat,
3075 789 3151 836 ac
3204 771 3496 836 minatur
3540 781 3765 836 contra
3807 774 3949 837 fore
3992 780 4069 838 ut
4113 792 4319 856 aquae
4361 773 4612 839 illorum
4649 776 4757 842 flu·

2848 857 3100 921 minum
3144 855 3536 922 fortissimae
3579 866 3648 921 et
3691 858 4151 941 amplissimae,
4210 868 4552 942 permeent
4586 860 4759 926 Iehu-

2848 941 3019 1019 dam,
3085 942 3411 1008 inundent
3476 962 3552 1009 ac
3609 951 3967 1022 transeant,
4025 953 4092 1009 et
4155 963 4366 1027 usque
4425 944 4507 1010 ad
4548 945 4760 1013 collum

2847 1029 3245 1113 pertingant.
3334 1027 3785 1112 Metaphorica
3843 1039 3982 1095 tota
4042 1029 4159 1095 illa
4207 1041 4312 1097 est
4375 1031 4597 1112 oratio,
4651 1053 4763 1115 qus

2847 1135 2980 1180 non
3023 1113 3285 1196 quidem
3331 1116 3683 1198 exprobrat
3724 1115 3962 1199 populo
3997 1115 4422 1199 cupiditatem
4468 1115 4640 1182 illam
4672 1118 4764 1183 vel

2847 1201 3204 1266 vanitatem
3246 1201 3464 1283 potius
3514 1201 3723 1266 totius
3761 1201 3938 1269 orbis
3972 1201 4369 1269 obtinendae
4404 1202 4764 1269 dominatio·

2848 1287 2983 1352 nis:
3021 1284 3133 1350 sed
3158 1287 3396 1351 initum
3442 1286 3672 1351 foedus
3706 1307 3854 1353 cum
3890 1286 4265 1370 potentibus
4301 1288 4584 1373 regibus,
4622 1309 4765 1373 quos

2845 1373 3102 1456 magnis
3121 1373 3340 1437 fluviis
3361 1381 3716 1454 comparat,
3759 1391 3800 1437 a
3819 1373 4052 1457 quibus
4075 1375 4294 1457 potius
4326 1374 4768 1459 submergendi

2844 1459 2977 1522 sint
2998 1477 3194 1540 quam
3227 1457 3603 1524 adiuvandi.
3651 1459 3765 1525 Sic
3787 1459 4172 1543 plerumque
4193 1460 4430 1527 accidit
4464 1461 4770 1545 plerisque

2844 1544 3121 1628 populis,
3186 1545 3328 1627 ipsa
3391 1565 3609 1609 rerum
3673 1546 4082 1628 experientia
4147 1556 4334 1612 teste.
4440 1547 4608 1612 Nam
4667 1545 4770 1612 ubi

2843 1630 3170 1713 principes
3210 1632 3655 1714 angustiorem
3692 1629 4009 1696 ditionem
4049 1630 4368 1711 obtinent,
4407 1643 4476 1698 et
4517 1632 4772 1698 modum

2844 1716 2916 1780 in
2959 1712 3302 1801 exigendis
3346 1717 3609 1783 tributis
3642 1733 3708 1782 et
3751 1716 4185 1800 vectigalibus
4227 1727 4519 1797 servant,
4561 1717 4771 1803 opibus

2845 1801 2983 1867 suis
3041 1800 3286 1867 subditi
3343 1800 3706 1869 abundant:
3764 1801 3880 1868 sed
3940 1803 4335 1871 monarchae
4378 1813 4541 1870 sunt
4580 1805 4774 1871 instar

2845 1886 3411 1971 rapidissimorum
3448 1889 3744 1953 amnium
3780 1889 3976 1973 longe
4008 1897 4077 1955 et
4112 1888 4244 1956 late
4279 1901 4490 1956 terras
4526 1903 4775 1956 vastan-

2847 1973 3032 2053 tium,
3078 1987 3141 2038 et
3184 1975 3297 2056 qui
3340 1973 3748 2040 voluntatem
3784 1994 3904 2057 pro
3948 1976 4205 2040 ratione
4239 1996 4380 2042 esse
4418 1976 4667 2056 volunt,
4709 1995 4774 2040 ac

2845 2058 3118 2142 proinde
3174 2058 3487 2143 quidquid
3548 2060 3893 2140 voluerint,
3951 2061 4095 2127 fieri
4153 2071 4455 2145 oportere
4497 2073 4773 2140 censent,

2847 2144 3366 2228 quandoquidem
3410 2146 3607 2212 licere
3641 2148 3862 2212 omnia
3895 2147 4163 2232 regibus
4197 2151 4326 2212 iam
4370 2146 4628 2232 pridem
4664 2147 4776 2213 sibi

2845 2240 3325 2314 persuaserunt.
3416 2232 3639 2313 Quare
3695 2234 3764 2297 in
3821 2254 3961 2297 rem
4019 2253 4206 2299 suam
4249 2243 4512 2300 tantum
4555 2236 4778 2300 attenti

2846 2325 3018 2396 sunt,
3086 2327 3282 2399 atque
3335 2317 3476 2383 sola
3534 2317 3823 2398 libidine,
3890 2339 4021 2384 non
4080 2320 4353 2385 consilio
4409 2331 4478 2385 et
4535 2320 4776 2386 ratione

2847 2425 2985 2468 rem
3022 2403 3347 2484 publicam
3371 2413 3641 2488 gerunt:
3688 2423 3816 2487 qua
3838 2405 4096 2471 ratione
4133 2426 4173 2470 a
4217 2426 4375 2472 vera
4410 2405 4778 2470 humilitate

2845 2498 2912 2555 et
2961 2487 3371 2554 humanitate
3416 2488 3761 2556 recedunt:
3828 2501 4027 2573 atque
4071 2492 4232 2557 adeo
4277 2491 4456 2556 mille
4511 2490 4780 2558 nocendi

2846 2582 3025 2641 artes
3068 2575 3358 2657 quotidie
3402 2577 3798 2661 excogitant,
3847 2595 4049 2659 quum
4096 2597 4288 2642 nemo
4331 2579 4588 2644 interea
4651 2597 4782 2643 sese

2847 2680 3191 2744 opponere,
3237 2662 3368 2726 imo
3412 2683 3496 2727 ne
3538 2661 3800 2745 quidem
3842 2662 4097 2729 hiscere
4138 2662 4397 2728 audeat.
4455 2665 4552 2728 At
4587 2683 4784 2746 quam

2846 2746 3055 2831 pauci,
3092 2765 3168 2810 ac
3191 2768 3273 2812 ne
3315 2746 3426 2812 vix
3462 2747 3724 2829 quidem
3761 2769 3799 2813 e
3833 2747 4061 2818 multis
4103 2747 4392 2814 millibus
4433 2770 4633 2824 unus,
4670 2751 4784 2815 hu·

2848 2832 3182 2897 munitatis
3219 2833 3677 2914 meminerunt,
3713 2854 3914 2917 seque
3953 2855 4029 2899 eo
4066 2855 4272 2917 usque
4306 2833 4691 2913 demittunt,
4723 2845 4786 2900 ut

2847 2940 2995 2986 cum
3042 2917 3456 3001 simplicitate
3514 2926 3581 2985 et
3624 2920 4004 3003 integritate
4046 2921 4450 2986 subditorum
4513 2941 4786 2988 suorum

2847 3003 3185 3071 commoda
3228 3012 3297 3070 et
3340 3005 3690 3070 utilitatem
3735 3005 3873 3072 suis
3927 3015 4362 3090 anteponant:
4430 3014 4499 3072 et
4541 3007 4619 3072 in
4670 3008 4790 3072 Dei

2848 3092 3081 3156 timore
3136 3092 3313 3175 ipsos
3370 3091 3444 3156 in
3500 3099 3731 3156 mutua
3794 3112 3955 3175 pace
3997 3101 4066 3159 et
4108 3091 4455 3159 concordia
4498 3092 4786 3160 foveant.

2847 3177 3101 3243 Contra
3157 3195 3353 3259 quam
3412 3175 3689 3242 studiosi
3740 3187 3899 3243 sunt
3955 3196 4093 3244 non
4158 3177 4351 3243 modo
4414 3179 4790 3247 autoritatis

2848 3283 3002 3328 suae
3056 3262 3570 3345 amplificandae,
3626 3272 3695 3328 et
3744 3265 3956 3348 magis
4013 3284 4090 3331 ac
4132 3264 4346 3349 magis
4387 3266 4790 3332 confirman-

2848 3348 2990 3429 dae,
3048 3348 3163 3414 sed
3219 3349 3495 3415 nocendi
3537 3357 3606 3415 et
3645 3349 3897 3432 rapinis
3942 3370 4017 3416 ac
4059 3349 4642 3434 compilationibus
4688 3373 4792 3419 va·

2848 3436 2965 3501 riis
3008 3433 3280 3518 populos
3332 3433 3628 3501 subditos
3671 3434 4041 3518 spoliandi?
4129 3434 4297 3501 Inde
4353 3438 4430 3502 fit
4485 3447 4564 3501 ut
4611 3438 4792 3505 clau·

2846 3542 2952 3588 sos
3009 3520 3232 3587 oculos
3285 3530 3353 3585 et
3408 3540 3604 3585 aures
3663 3521 3745 3585 ad
3790 3522 4179 3588 miserorum
4225 3522 4571 3588 hominum
4622 3525 4793 3591 cala·

2847 3606 3113 3673 mitates
3155 3615 3223 3672 et
3257 3605 3554 3671 miserias
3587 3606 3892 3687 habeant,
3935 3616 4003 3673 et
4034 3607 4354 3674 clamores
4392 3628 4467 3675 ac
4503 3612 4795 3694 gemitus

2846 3694 3138 3776 ipsorum
3195 3693 3391 3777 parvi
3434 3692 3709 3758 faciant:
3776 3701 4085 3777 tantoque
4149 3695 4662 3778 impotentiores
4727 3716 4796 3762 ac

2845 3779 3190 3845 ferociores
3223 3779 3374 3855 sint,
3412 3785 3656 3861 quanto
3689 3779 3968 3845 maiores
4003 3800 4146 3846 esse
4179 3778 4262 3846 de
4290 3801 4410 3847 sua
4428 3783 4796 3865 tyrannide

2846 3865 3235 3930 miserorum
3279 3863 3757 3947 quaerimonias
3801 3865 4196 3932 audiverint.
4241 3867 4350 3932 Ex
4384 3865 4636 3951 quibus
4684 3869 4799 3934 dis-

2845 3950 3125 4017 cendum
3172 3960 3273 4015 est
3308 3956 3631 4034 quantum
3675 3950 3764 4016 sit
3807 3949 4128 4018 libertatis
4169 3950 4432 4031 donum,
4475 3961 4547 4019 et
4591 3974 4796 4038 quam

2857 4036 3134 4119 benigne
3176 4036 3362 4101 Deus
3419 4056 3569 4102 cum
3611 4037 3869 4119 populis
3924 4036 4057 4103 illis
4113 4047 4286 4122 agat,
4342 4037 4583 4121 quibus
4661 4062 4796 4107 em

2844 4122 3142 4206 largitur,
3202 4121 3313 4188 ubi
3369 4121 3496 4206 ipsi
3555 4123 3980 4206 magistratus
4023 4123 4278 4208 legibus
4321 4133 4480 4189 sunt
4522 4125 4798 4204 subditi,

2846 4208 3146 4289 nihilque
3189 4207 3568 4276 moliuntur.
3595 4229 3636 4273 a
3678 4207 3925 4292 seipsis,
3971 4210 4374 4276 sedratione
4417 4218 4487 4276 et
4519 4213 4800 4278 consilio

2846 4314 2986 4360 rem
3031 4302 3287 4378 gerunt,
3333 4294 3520 4359 cuius
3553 4294 3751 4360 etiam
3790 4293 4054 4361 tandem
4091 4297 4409 4362 rationem
4443 4305 4614 4363 sunt
4658 4298 4802 4366 red·

2848 4380 3066 4445 dituri.
3110 4378 3430 4464 Magnum
3467 4381 3688 4464 igitur,
3723 4381 4010 4462 inquam,
4044 4382 4363 4448 libertatis
4397 4382 4800 4452 beneficium

2847 4486 2888 4530 a
2930 4464 3070 4532 solo
3113 4463 3258 4531 Deo
3303 4465 3457 4549 Opt.
3506 4467 3686 4533 Max.
3731 4467 4113 4550 profectum.
4159 4467 4660 4536 Verumtamen
4697 4473 4804 4556 qui

2848 4572 3080 4637 regum
3140 4572 3216 4618 ac
3275 4552 3777 4619 monarcharum
3839 4553 4269 4620 dominationi
4323 4563 4482 4620 sunt
4526 4556 4804 4635 subditi,

2848 4645 2917 4705 et
2981 4658 3145 4720 quos
3203 4638 3387 4704 Deus
3452 4638 3805 4722 tyrannide
3866 4638 4130 4706 illorum
4193 4650 4475 4722 exercet,
4533 4641 4594 4707 si
4648 4645 4802 4729 quid

2849 4725 3168 4791 adversus
3202 4746 3311 4791 eos
3346 4724 3721 4807 moliantur,
3768 4735 3882 4790 aut
3916 4725 4335 4793 rebellionem
4370 4726 4804 4808 meditentur,

2848 4830 2983 4876 non
3046 4817 3303 4875 tantum
3365 4811 3621 4877 ratione
3680 4819 3745 4875 et
3796 4813 4068 4879 consilio
4110 4833 4353 4897 carere,
4405 4812 4526 4880 sed
4566 4827 4805 4883 mente

2848 4896 3022 4981 capti
3067 4895 3395 4961 videntur.

3021 4980 3211 5064 Quae
3255 5001 3414 5048 vero
3457 4982 3635 5046 inter
3679 4984 3934 5066 reliqua
3977 4984 4389 5070 tryrannidis
4443 4986 4638 5053 mala
4685 4988 4806 5056 Sa-

2850 5069 3025 5134 muel
3092 5067 3198 5134 hic
3261 5077 3601 5144 memorat,
3680 5077 3840 5135 sunt
3900 5070 4101 5137 etiam
4158 5070 4586 5150 observanda,
4670 5074 4806 5142 fere

2850 5155 3185 5228 nimirum,
3230 5157 3523 5252 πῇῇςνοε
3561 5155 3848 5236 ipsorum
3889 5162 3948 5221 et
3988 5159 4209 5223 vineas
4247 5179 4321 5224 ac
4363 5157 4584 5224 oliveta
4640 5165 4805 5229 aad·

2840 5242 3002 5324 piat,
3048 5247 3103 5306 et
3143 5241 3242 5308 det
3283 5239 3483 5306 'servis
3523 5241 3679 5308 suis.
3725 5241 3895 5308 Nam
3939 5262 4026 5308 ex
4068 5244 4152 5310 iis
4185 5253 4458 5328 apparet
4491 5242 4806 5315 homines
