5059 6059
336 405 438 470 445

1543 401 1646 467 IN
1689 402 1744 468 Ι.
1790 403 1969 469 LIB.
2017 402 2418 471 SAMUEL.
2482 402 2684 469 CAP.
2726 402 2999 469 XXIII.

4152 410 4282 476 446

331 615 466 671 mus,
523 591 964 657 laborantibus
1036 592 1355 675 proximis
1422 590 1741 656 auxilium
1809 591 2014 670 ferre,
2095 612 2225 656 non
2337 593 2524 658 nobis
2569 593 2818 672 debeat,
2866 614 3074 676 neque
3117 604 3272 658 sunt
3306 592 3590 675 amplius
3612 615 3826 660 novae
3849 595 4282 665 revelationes

330 685 737 763 exspectantes
798 689 871 741 ut
938 697 1058 741 nos
1116 678 1375 761 magnis
1416 677 1813 743 clamoribus
1873 676 2225 743 advocent:

330 768 423 837 sed
459 764 570 829 Dei
615 771 1032 847 praeceptum
1094 763 1443 842 intuentes,
1502 765 1689 829 cuius
1748 764 2056 845 quoniam
2101 784 2227 828 vox

324 863 540 922 nostras
581 870 770 915 aures
813 859 1128 932 perpetuo
1172 847 1369 914 ferire
1428 847 1635 927 debet,
1693 848 1919 913 demus
1963 868 2228 933 operam

325 953 386 1008 ut
419 936 610 1003 maius
650 934 912 1017 pondus
955 955 1112 1019 erga
1159 954 1278 1000 nos
1322 955 1518 1017 quam
1543 936 1836 1000 omnium
1886 936 2226 1000 homiuum

319 1029 689 1109 importunae
750 1040 939 1087 voces
998 1019 1253 1086 habeat.
1342 1018 1518 1087 Sane
1576 1021 1785 1085 fateor
1840 1040 1963 1086 nos
2017 1023 2228 1102 magis

320 1112 389 1179 ad
434 1105 930 1173 misericordiam
975 1107 1150 1171 flecti
1194 1104 1429 1171 debere
1463 1106 1848 1171 miserorum
1891 1108 2225 1172 hominum

316 1195 559 1270 fletibus,
605 1201 902 1258 nostram
946 1212 1211 1275 operam
1255 1192 1790 1274 implorantibus:
1852 1192 1968 1257 sed
2028 1191 2225 1256 etiam

316 1285 401 1350 aio
439 1299 549 1344 nos
589 1278 800 1344 teneri
843 1278 1199 1343 commodis
1242 1279 1531 1360 ipsorum
1583 1276 1864 1352 studere,
1923 1287 1991 1342 et
2048 1276 2227 1342 labo·

311 1366 572 1436 rantibus
606 1385 799 1448 opem
822 1363 1014 1444 ferre,
1051 1364 1205 1428 licet
1238 1364 1365 1446 ipsi
1389 1363 1471 1428 ad
1508 1385 1624 1429 nos
1649 1383 1779 1428 non
1804 1364 2224 1446 confugiant:

313 1465 370 1521 et
404 1451 686 1520 sufficere
731 1449 965 1515 debere
1011 1447 1183 1531 quod
1228 1470 1268 1514 a
1314 1448 1457 1514 Deo
1503 1470 1831 1529 vocamur,
1875 1460 1941 1513 et
1984 1448 2224 1514 sollici·

312 1551 518 1618 tamur,
574 1534 847 1602 docente
903 1535 1060 1618 quid
1122 1556 1162 1600 a
1206 1535 1396 1601 nobis
1441 1535 1729 1602 officium
1770 1543 2072 1601 nostrum
2120 1554 2223 1599 re·

342 1627 513 1691 uirat.

306 1647 341 1710 q
453 1709 676 1791 Neque
723 1727 880 1774 vero
913 1715 1135 1772 tamen
1173 1707 1499 1773 Davidem
1538 1715 1782 1772 temere
1817 1705 2225 1772 Oeilensibus

301 1797 451 1862 ferre
511 1792 845 1878 suppetias
914 1794 1246 1868 videmus,
1328 1793 1449 1858 etsi
1516 1792 2000 1858 laborantibus:
2066 1811 2223 1857 nam

303 1901 440 1949 sane
479 1882 711 1964 ingens
756 1880 1090 1944 temeritas
1135 1878 1368 1944 fuisset
1411 1879 1466 1943 si
1510 1879 1580 1942 in
1627 1887 1761 1943 tam
1797 1897 2223 1943 numerosum

299 1967 794 2034 Philistaeorum
878 1965 1239 2030 exercitum
1321 1963 1544 2029 David
1630 1964 1859 2048 paucis
1946 1964 2225 2047 stipatus

296 2052 595 2118 militibus
643 2051 958 2134 impetum
1005 2051 1280 2127 fecisset,
1327 2059 1394 2115 et
1438 2050 1852 2134 arrogantiae
1895 2049 2114 2134 potius
2156 2056 2226 2113 et

296 2137 626 2204 temeritati
674 2157 871 2220 quam
916 2134 1287 2202 fortitudini
1329 2146 1395 2201 et
1431 2136 1658 2201 virtuti
1711 2134 1937 2200 datum
1974 2134 2222 2213 fuisset,

292 2225 407 2289 nisi
447 2222 589 2289 Deo
637 2223 821 2306 prius
868 2223 1168 2289 invocato
1213 2222 1396 2288 nisus
1441 2222 1689 2305 fuisset,
1743 2232 1811 2287 et
1868 2220 1952 2286 ab
2010 2241 2086 2286 eo
2142 2219 2224 2285 de

291 2309 493 2375 futura
547 2308 827 2375 victoria
886 2310 1127 2373 certior
1185 2308 1398 2374 factus
1457 2319 1649 2373 esset.
1736 2306 1957 2372 David
2018 2306 2226 2390 igitur

287 2395 435 2460 nihil
482 2407 733 2461 temere
776 2395 1080 2477 suscepit,
1126 2393 1239 2460 sed
1275 2414 1402 2476 quo
1439 2393 1662 2459 debuit
1697 2391 1925 2458 ordine
1961 2390 2223 2476 singula

289 2480 792 2547 administravit:
838 2479 966 2546 Dei
1010 2479 1185 2546 enim
1232 2480 1635 2545 voluntatem
1693 2479 2062 2545 sciscitatus
2120 2487 2223 2542 est

283 2575 623 2650 antequam
650 2564 1004 2649 quidquam
1028 2564 1517 2650 aggrederetur.
1575 2565 1784 2630 Porro
1806 2585 1934 2648 qua
1968 2564 2222 2629 ratione

283 2652 486 2717 Deum
557 2651 922 2718 sciscitatus
988 2652 1092 2726 sit,
1159 2671 1294 2715 non
1358 2650 1786 2734 exprimitur,
1852 2649 1966 2715 sed
2032 2649 2222 2716 facile

280 2736 597 2822 colligitur
643 2757 731 2802 ex
775 2746 1086 2819 sequente
1119 2736 1446 2803 sententia
1479 2736 1884 2819 interposita,
1929 2735 2043 2819 qui
2076 2754 2222 2799 mos

280 2839 375 2889 est
413 2844 643 2890 sacrae
686 2823 950 2907 linguae
972 2832 1051 2887 ut
1093 2843 1287 2905 saepe
1316 2831 1667 2905 antequam
1705 2821 1953 2905 aliquid
1997 2820 2221 2886 verbis

280 2928 657 2994 expressum
701 2910 807 2987 sit,
852 2907 1277 2993 intelligatur.
1349 2908 1483 2974 Per
1517 2907 1732 2992 ephod
1778 2908 1792 2922 '
1847 2908 1978 2973 'tur
2023 2906 2222 2971 inter·

275 3010 571 3079 rogatum
622 3017 665 3061 a
709 2992 971 3060 Davide
1016 2993 1379 3059 Dominum
1428 3004 1718 3077 apparet.
1773 2929 1951 3058 lgm
1995 3002 2220 3059 autem

275 3091 418 3147 ante
484 3080 776 3148 vidimus
838 3079 1209 3146 sacerdotes
1288 3078 1616 3164 quoddam
1697 3100 1925 3146 omnes
2004 3076 2221 3163 ephod

270 3177 561 3251 gestasse
607 3166 783 3250 quod
826 3165 954 3231 fuit
996 3165 1260 3251 signum
1319 3166 1625 3250 puritatis
1683 3175 1751 3231 et
1804 3165 2220 3250 perfectionis

272 3272 428 3335 quae
470 3254 546 3318 in
595 3252 890 3319 Domino
934 3265 1158 3318 nostro
1201 3250 1355 3317 Iesu
1399 3251 1668 3317 Christo
1710 3260 1828 3317 est.
1920 3248 2053 3318 Sed
2094 3250 2219 3315 fuit

266 3337 474 3422 ephod
521 3338 960 3425 praecipuum
1003 3338 1243 3404 summi
1286 3336 1655 3416 sacerdotis,
1700 3346 1775 3403 ut
1801 3336 1963 3422 *alibi
1998 3336 2219 3402 docui·

265 3444 428 3507 mus,
471 3425 548 3491 in
598 3444 732 3510 quo
777 3432 917 3489 erat
952 3423 1336 3489 Thummim
1379 3433 1447 3490 et
1480 3422 1692 3504 Urim,
1736 3422 1955 3504 id-est,
1998 3422 2218 3507 splen·

264 3508 379 3576 dor
433 3521 504 3577 et
567 3510 904 3595 perfectio.
1007 3508 1156 3590 Quo
1215 3529 1513 3576 summus
1576 3509 1877 3576 sacerdos
1940 3506 2221 3575 amiculo

263 3596 694 3675 vestiebatur,
739 3616 943 3679 quum
977 3595 1061 3661 ad
1094 3595 1315 3662 Deum
1349 3616 1729 3662 accessurus
1763 3605 1925 3674 erat,
1968 3606 2036 3660 et
2069 3607 2223 3660 ante

260 3680 495 3749 faciem
553 3683 987 3767 appariturus
1043 3700 1193 3747 cum
1248 3681 1571 3765 precibus,
1631 3692 1709 3747 ut
1766 3681 2220 3747 exaudiretur:

259 3768 444 3851 quasi
507 3791 656 3835 non
726 3767 1011 3867 amplius
1078 3767 1436 3833 humanam
1500 3776 1804 3832 naturam
1872 3768 2221 3832 retineret:

256 3853 367 3919 sed
435 3852 728 3939 speciali
795 3853 1116 3937 dignitate
1182 3863 1252 3918 et
1312 3854 1710 3937 perfectione
1789 3851 1938 3935 plus
2021 3872 2220 3936 quam

251 3940 560 4025 angelica
609 3949 792 4006 esset
834 3939 1133 4005 amictus.
1222 3939 1443 4004 Huius
1500 3939 1706 4023 igitur
1761 3937 1903 4016 loci,
1962 3938 2032 4002 in
2092 3957 2220 4020 quo

251 4023 474 4092 David
540 4026 795 4094 dicitur
851 4022 1214 4091 Dominum
1272 4024 1745 4109 interrogasse,
1814 4044 2047 4090 sensus
2103 4033 2220 4104 est,

244 4131 361 4194 per
404 4112 650 4195 ephod
694 4113 1100 4179 sciscitatum
1158 4130 1302 4176 esse
1349 4112 1476 4177 Dei
1535 4110 1959 4177 voluntatem.
2047 4110 2221 4176 Nam

245 4208 309 4262 et
351 4198 564 4282 paulo
602 4209 761 4282 post
782 4198 1114 4280 sequitur:
1160 4195 1593 4263 Abiatharum
1617 4196 1975 4280 fugientem
2000 4216 2219 4263 secum

239 4284 456 4366 ephod
523 4284 864 4351 attulisse.
917 4305 932 4312 ·
965 4283 1275 4366 Denique
1336 4282 1662 4349 Davidem
1721 4281 2020 4349 videmus
2086 4303 2222 4348 non

240 4379 515 4449 temere,
569 4390 796 4453 neque
839 4368 975 4435 suis
1000 4368 1252 4434 viribus
1274 4370 1589 4435 confisum
1622 4389 2040 4453 progressum
2075 4388 2221 4434 esse

237 4453 575 4523 adversus
627 4455 1051 4531 Philistaeos‚
1104 4452 1217 4521 sed
1262 4475 1405 4520 sese
1447 4457 1627 4520 intra
1667 4453 1911 4520 limites
1968 4453 2221 4520 modes·

234 4541 364 4608 tiae
411 4541 867 4619 continuisse,
912 4540 1210 4624 nihilque
1252 4541 1395 4607 sine
1416 4540 1561 4607 Deo
1583 4540 1966 4623 suscepisse.
2037 4539 2219 4621 Quo—

231 4627 433 4695 modo
484 4646 673 4696 vero
718 4628 845 4694 Dei
891 4626 1296 4693 voluntatem
1355 4628 1572 4710 potuit
1625 4628 1912 4694 rescire?
1966 4625 2221 4709 Nempe

233 4715 412 4779 viam
488 4735 537 4780 a
616 4714 770 4779 Deo
834 4714 1310 4796 praescriptam
1375 4721 1726 4794 sequutus,
1793 4722 1859 4777 et
1919 4712 2221 4777 veritatis

229 4797 443 4880 ipsius
490 4809 701 4867 certo
743 4801 950 4865 fretus
986 4798 1376 4864 testimonio.
1441 4798 1620 4863 Hinc
1652 4798 1873 4881 itaque
1895 4796 2220 4864 discamus

223 4885 398 4950 nihil
447 4884 780 4970 aggredi,
824 4885 953 4950 nisi
996 4883 1142 4950 Deo
1188 4883 1369 4968 prius
1409 4883 1728 4961 consulto,
1772 4893 1847 4949 ut
1891 4883 1971 4947 de
2016 4884 2220 4967 ipsius

226 4971 608 5037 voluntate
663 4971 974 5037 certiores
1016 4972 1269 5035 fiamus.
1341 4968 1518 5036 Sane
1553 4969 1746 5034 hodie
1780 4969 2042 5052 quidem
2087 4989 2219 5035 non

221 5053 578 5124 habemus
645 5075 796 5122 eam
855 5055 1332 5123 caeremoniam
1407 5057 1593 5121 cuius
1652 5056 1777 5121 fuit
1832 5076 1994 5121 usus
2053 5054 2220 5139 legis

217 5141 766 5209 caeremonialis
811 5151 1120 5225 tempore,
1166 5142 1420 5206 nullum
1444 5143 1620 5207 enim
1665 5141 1875 5226 ephod
1908 5141 2222 5207 habemus

213 5228 720 5296 sacerdotale:
799 5228 915 5295 sed
988 5228 1078 5292 in·
1126 5227 1329 5294 sacris
1397 5237 1529 5292 tam
1597 5237 1890 5311 apertam
1957 5226 2221 5292 divinae

213 5315 622 5382 voluntatis
694 5313 1196 5382 declarationem
1253 5312 1600 5394 habemus,
1658 5326 1734 5379 ut
1789 5333 1869 5379 ea
1924 5313 2221 5380 sufficere

2332 679 2832 760 exspectandae.
2878 677 3104 759 Quare
3148 677 3320 761 quod
3367 678 3600 744 Esaias
3645 681 3968 764 propheta
4008 702 4128 747 nos
4164 682 4279 747 do·

2332 775 2436 828 cet
2480 785 2892 848 usurpemus,
2951 776 3028 830 ut
3084 765 3156 829 in
3200 765 3501 830 omnibus
3555 767 3802 832 nostris
3860 768 4151 833 consiliis
4211 780 4278 834 et

2332 847 2904 917 deliberationibus
2964 851 3106 915 Deo
3157 849 3403 932 primas
3451 861 3674 933 partes
3731 852 4132 919 tribuamus:
4211 863 4281 919 et

2333 956 2405 999 os
2449 937 2654 1017 ipsius
2691 936 3194 1020 interrogemus,
3237 934 3305 999 id
3347 950 3467 1016 est,
3511 957 3903 1019 quaeramus
3986 939 4113 1004 uod
4162 960 4280 1005 nos

2330 1021 2472 1104 ipse
2518 1020 2706 1087 docet
2747 1033 2812 1087 et
2850 1033 3112 1106 gratum
3158 1031 3225 1086 et
3267 1032 3600 1104 acceptum
3650 1023 3865 1089 habet.
3984 1037 4278 1091 aeterum

2330 1106 2639 1190 quoniam
2686 1107 2847 1173 adeo
2903 1107 3122 1173 hebeti
3180 1128 3407 1172 sumus
3464 1108 3748 1192 ingenio,
3809 1124 3883 1175 ut
3939 1110 4092 1176 licet
4147 1110 4279 1177 Dei

2331 1192 2641 1260 voluntas
2698 1194 2861 1258 satis
2918 1213 3239 1275 superque
3298 1193 3487 1258 nobis
3542 1195 3615 1259 in
3673 1196 3877 1278 ipsius
3933 1195 4132 1261 verbo
4192 1197 4281 1261 sit

2329 1281 2675 1362 patefacta,
2734 1301 2866 1344 non
2913 1279 3237 1363 possimus
3297 1289 3515 1342 tamen
3564 1299 3705 1344 eam
3752 1291 3973 1346 mente
4016 1282 4278 1364 assequi

2329 1378 2396 1429 et
2473 1364 3060 1447 comprehendere,
3137 1364 3644 1446 confugiendum
3723 1379 3825 1431 est
3905 1367 3987 1431 ad
4066 1368 4276 1434 sancti

2328 1453 2603 1534 spiritus
2649 1453 2950 1537 gratiam,
2996 1463 3070 1515 ut
3114 1451 3256 1534 ipse
3302 1470 3419 1515 nos
3476 1472 3594 1516 suo
3654 1451 3904 1520 lumine
3966 1453 4275 1519 illustret.

2330 1537 2582 1603 Idcirco
2625 1558 2745 1623 per
2790 1536 3177 1620 prophetam
3220 1535 3405 1601 Deus
3466 1536 3548 1600 iis
3592 1537 4115 1605 maledictionem
4163 1537 4278 1605 de-

2328 1625 2600 1691 nunciat
2656 1626 2768 1707 qui
2830 1622 3104 1689 consilia
3161 1622 3305 1687 sine
3349 1620 3636 1688 Domino
3692 1624 3941 1704 ineunt,
3998 1642 4276 1708 quorum

2326 1710 2753 1794 cogitationes
2796 1708 2878 1774 ad
2922 1708 3140 1773 Deum
3185 1728 3318 1773 non
3365 1709 3777 1791 perveniunt,
3839 1718 3913 1775 ut
3957 1710 4113 1794 quid
4157 1730 4274 1775 ex-

2327 1794 2549 1880 pediat
2591 1796 2773 1878 ipsis,
2820 1805 3232 1878 cognoscant.
3321 1793 3614 1859 Verbum
3663 1797 3835 1860 enim
3884 1817 4121 1876 meum,
4176 1797 4275 1860 in·

2328 1882 2489 1965 quit,
2534 1902 2663 1946 non
2702 1881 3076 1957 admittunt,
3123 1893 3189 1942 et
3231 1880 3534 1962 spiritum
3560 1901 3781 1945 meum
3815 1891 4278 1948 contemnunt:

2327 1988 2457 2051 quo
2515 1967 2659 2033 loco
2702 1966 2832 2031 Dei
2878 1966 3153 2031 verbum
3212 1984 3358 2029 cum
3418 1965 3623 2047 ipsius
3677 1968 3912 2052 spiritu
3974 1967 4282 2050 coniungi

2326 2052 2649 2119 videmus.
2738 2051 3181 2133 Quamobrem
3227 2072 3312 2116 ne
3357 2071 3433 2116 eo
3478 2051 3785 2118 audaciae
3833 2054 4280 2133 deveniamus,

2328 2149 2406 2205 ut
2446 2159 2566 2222 pro
2620 2149 2847 2204 nostro
2904 2136 3176 2201 arbitrio
3235 2157 3341 2202 res
3397 2149 3658 2203 nostras
3722 2138 4280 2217 administremus,

2326 2224 2606 2290 Davidis
2678 2223 3052 2307 exemplum
3119 2222 3368 2287 imitari
3441 2221 3785 2304 debemus,
3855 2244 4090 2309 nempe
4152 2244 4276 2290 nos

2329 2312 2469 2377 Deo
2534 2309 2961 2392 obsequentes
3034 2308 3378 2391 praebere,
3457 2318 3524 2374 et
3602 2310 3766 2375 nihil
3847 2312 3991 2377 sine
4066 2310 4277 2395 ipsius

2325 2396 2665 2463 voluntate
2709 2395 3074 2479 suscipere:
3121 2393 3667 2477 quemadmodum
3705 2406 3958 2462 certum
4005 2407 4104 2463 est
4150 2416 4272 2463 nos

2325 2502 2664 2565 nunquam
2725 2480 2890 2546 bono
2949 2481 3215 2546 consilio
3260 2479 3721 2557 destituendos,
3781 2502 3981 2564 quum
4038 2483 4101 2546 in
4151 2480 4273 2546 hu-

2325 2568 2605 2633 militate
2648 2566 3045 2633 incedemus.
3116 2565 3287 2630 Nam
3326 2576 3399 2630 ut
3441 2577 3595 2631 ante
3638 2566 3796 2645 dixi,
3841 2589 4033 2634 sacra
4074 2568 4274 2650 scrip·

2326 2663 2477 2719 tura
2519 2652 2710 2718 nobis
2753 2650 3011 2718 abunde
3054 2651 3429 2736 suppeditat
3484 2651 3866 2738 doctrinam,
3922 2673 4052 2736 qua
4109 2652 4274 2719 duce

2325 2749 2552 2806 nostra
2630 2737 2905 2805 consilia
2983 2757 3322 2821 regamus:
3408 2735 3642 2803 deinde
3723 2739 3994 2822 spiritus
4074 2739 4275 2804 etiam

2326 2837 2591 2892 sanctus
2632 2824 3053 2908 prudentiam
3097 2831 3165 2887 et
3209 2823 3665 2888 discretionem
3709 2824 4103 2909 suppeditat.
4169 2823 4274 2889 Ne

2326 2931 2400 2977 er
2446 2933 2484 2975 o
2529 2930 2992 2997 segnescamus
3036 2907 3206 2975 docti
3250 2926 3290 2972 a
3312 2906 3619 2989 Domino,
3663 2909 3774 2974 sed
3811 2912 4029 2993 ipsum
4054 2910 4275 2994 potius

2327 3018 2399 3063 se
2446 2997 2556 3063 ulo
2601 3016 2963 3080 precemur,
3020 3005 3097 3060 ut
3140 3015 3262 3060 nos
3318 3004 3543 3060 sancto
3597 3014 3715 3060 suo
3773 2996 4011 3081 spiritu
4065 3006 4273 3079 regat.

2500 3083 2706 3149 Porro
2782 3080 3034 3147 Davidi
3100 3078 3562 3164 respondetur,
3632 3092 3706 3145 ut
3776 3081 4089 3146 audacter
4145 3088 4270 3147 eat.

2338 3167 2528 3245 Vade,
2572 3167 2807 3251 inquit,
2851 3166 3237 3249 etpercuties
3256 3163 3651 3244 Phaestum,
3694 3171 3752 3231 et
3775 3164 4017 3234 ceilam
4055 3185 4274 3232 serva-

2323 3253 2439 3321 bis.
2506 3253 2948 3335 Quamobrem
2994 3272 3065 3317 se
3086 3251 3313 3318 David
3357 3250 3441 3316 ad
3464 3248 3942 3334 expeditionem
3980 3261 4275 3335 apparat.

2327 3338 2462 3408 Sed
2504 3361 2654 3407 ecce
2698 3339 2922 3424 gravis
2956 3337 3145 3404 illum
3182 3343 3447 3403 exercet
3480 3337 3774 3416 tentatio,
3823 3336 4277 3405 recusantibus

2322 3427 2488 3493 viris
2530 3426 2645 3510 qui
2689 3446 2838 3492 cum
2883 3445 2961 3491 eo
3002 3433 3196 3489 erant
3231 3423 3438 3506 sequi.
3508 3421 3699 3500 Nam,
3745 3423 4086 3508 inquiunt,
4139 3442 4272 3491 ecce

2321 3531 2436 3579 nos
2476 3511 2578 3578 hic
2617 3513 2691 3578 in
2726 3509 2974 3576 Iudaea
3012 3510 3409 3576 consistentes
3447 3508 3752 3592 tiramus,
3922 3514 4024 3575 nto
4224 3509 4240 3524 ⁶

2320 3598 2382 3664 si
2422 3596 3408 3664 ierimusinceaamadverm
3448 3593 3795 3678 cymino?
3829 3594 4274 3662 iustinorum?

2322 3684 2462 3751 Nos
2504 3684 2744 3768 exiguo
2789 3701 3065 3748 numero
3122 3700 3370 3763 sumus,
3426 3675 3523 3744 illi
3583 3701 3738 3747 vero
3792 3680 4003 3757 multi,
4065 3700 4273 3763 quare

2322 3772 2651 3837 sexcentis
2695 3769 2921 3834 mortis
2957 3765 3265 3850 periculis
3299 3765 3701 3844 obiiciemur,
3745 3765 4272 3851 quandoquidem

2321 3855 2433 3921 hic
2488 3856 2561 3922 in
2618 3854 2862 3920 nostris
2916 3853 3187 3918 latebris
3246 3851 3471 3935 procul
3531 3851 3612 3916 ab
3671 3851 3987 3935 hostibus,
4045 3865 4271 3918 tamen

2326 3942 2749 4008 vehementer
2792 3935 3190 4004 metuimus?
3250 3935 3674 4003 Contrarium
3732 3939 4024 4022 profecto
4083 3937 4271 4005 vide-

2325 4028 2518 4094 batur
2560 4026 2737 4093 istud
2777 4044 3090 4109 responso
3134 4021 3309 4107 quod
3354 4022 3685 4090 Dominus
3730 4024 4018 4091 dederat.
4100 4023 4273 4089 Nam

2324 4113 2382 4180 si
2424 4114 2772 4181 victoriam
2797 4110 3038 4177 Davidi
3084 4128 3513 4176 concessurus
3535 4126 3696 4188 erat,
3742 4131 3860 4177 cur
3902 4130 4035 4175 non
4070 4109 4271 4174 etiam

2323 4198 2606 4265 Davidis
2664 4198 2989 4264 sociorum
3055 4195 3310 4260 animos
3375 4192 3782 4277 disponebat,
3860 4205 3931 4261 et
3992 4192 4270 4260 audaces

2322 4283 2647 4352 efficiebat
2704 4283 2786 4347 ad
2845 4280 3172 4347 Davidem
3232 4278 3463 4345 ducem
3522 4278 3972 4362 sequendum?
4041 4277 4268 4359 Quare

2325 4370 2590 4437 videtur
2630 4368 2950 4453 quaedam
2993 4368 3061 4432 in
3122 4366 3267 4432 istis
3327 4385 3470 4431 esse
3530 4366 3969 4432 contradictio.
4059 4362 4269 4447 Atqui

2327 4456 2543 4523 David
2576 4455 2761 4521 hanc
2804 4453 3253 4519 difficultatem
3312 4461 3595 4535 superat,
3653 4452 3736 4517 ad
3780 4451 4000 4517 Deum
4057 4449 4268 4534 preci·

2324 4542 2445 4607 bus
2504 4541 2923 4624 confugiens,
2997 4547 3068 4604 et
3129 4538 3448 4603 rationem
3521 4538 3761 4604 investi
3810 4557 3930 4603 ans
3997 4556 4270 4602 suorum

2326 4631 2622 4694 timorem
2666 4639 2736 4692 et
2773 4625 3225 4691 infirmitatem
3269 4621 3661 4707 depellendi.
3808 4633 3962 4689 anto
4005 4621 4271 4706 quidem

2322 4714 2435 4779 ille
2491 4723 2674 4779 metu
2733 4732 2998 4778 suorum
3044 4709 3390 4777 videbatur
3452 4709 3719 4792 percelli
3764 4729 3971 4792 posse,
4037 4715 4114 4773 ut
4169 4707 4269 4771 in-

2323 4811 2509 4883 cepto
2535 4798 2908 4864 desisteret:
2955 4796 3070 4863 sed
3107 4806 3330 4861 tamen
3352 4794 3670 4861 adversus
3707 4793 3985 4878 quodvis
4018 4792 4267 4858 malum

2321 4884 2861 4969 investigandum
2907 4881 3268 4948 remedium
3313 4901 3443 4945 non
3487 4879 3855 4964 ignorabat,
3917 4881 4057 4945 Deo
4103 4877 4268 4943 illud

2321 4971 2656 5037 offerente.
2745 4969 3039 5035 Rursum
3096 4968 3298 5050 igitur
3352 4964 3433 5030 ad
3494 4969 3708 5034 Deum
3768 4967 4078 5049 confugit,
4134 4983 4268 5027 non

2320 5058 2465 5142 ipse
2509 5057 2777 5140 quidem
2838 5056 3144 5120 dubitans
3200 5053 3280 5117 de
3328 5050 3447 5116 Dei
3506 5053 3866 5130 voluntate,
3912 5054 4015 5118 cui
4074 5049 4268 5133 plane

2323 5142 2790 5226 acquiescebat.
2878 5141 3029 5206 Non
3076 5160 3237 5204 sane
3276 5134 3510 5203 similis
3553 5154 3697 5204 erat
3740 5135 4113 5212 incredulis,
4154 5134 4268 5218 qui

2324 5250 2582 5312 semper
2625 5228 2941 5293 differunt
2984 5241 3049 5290 et
3094 5243 3424 5307 uunquam
3460 5224 3676 5307 parati
3720 5236 3878 5292 sunt
3910 5225 4130 5290 Deum
4173 5241 4270 5287 se-

2325 5315 2468 5399 qui:
2528 5327 2599 5380 et
2640 5318 2697 5379 si
2737 5316 2904 5379 forte
2946 5320 3202 5377 motum
3246 5310 3531 5391 aliquem
3589 5310 3831 5377 bonum
3892 5308 4265 5387 habuerint,
