5059 6059
288 319 402 387 565

288 521 611 577 venturum
670 504 781 587 qui
840 524 960 569 rex
1013 514 1155 569 erat
1218 525 1258 569 a
1313 524 1385 569 se
1443 502 1845 588 designatus,
1906 523 2103 586 quem
2160 525 2199 569 a

285 592 568 665 Samuele
611 591 769 674 ungi
812 589 1032 656 vellet.

436 679 647 761 Atque
690 679 853 742 baec
910 685 1014 741 est
1056 696 1314 742 summa
1358 676 1555 740 totius
1600 674 1796 741 huius
1839 675 2072 760 capitis
2116 674 2199 740 ad

288 769 447 834 hunc
508 784 706 845 usque
773 762 1017 828 locum:
1098 762 1213 827 ubi
1277 761 1564 843 primum
1633 762 2035 826 advertenda
2099 774 2200 827 est

284 849 677 938 genealogiae
722 846 947 914 Saulis
991 847 1191 931 longa
1234 846 1602 929 descriptio,
1649 868 1731 911 ex
1768 867 1899 929 qua
1933 867 2201 931 cognos-

283 956 485 1005 camus
540 934 829 999 denotari
889 933 1180 998 nondum
1223 932 1571 998 advenisse
1629 953 1910 1017 regnum
1953 931 2116 997 illud
2159 953 2199 997 a

280 1024 410 1089 Deo
463 1020 870 1104 promissum.
958 1018 1123 1084 Erat
1181 1020 1357 1083 enim
1403 1015 1561 1085 Saul
1608 1018 1688 1083 de
1732 1018 1908 1083 tribu
1954 1018 2196 1084 Benia-

282 1107 445 1184 mini,
488 1104 904 1190 praedixerat
945 1117 1163 1170 autem
1206 1102 1405 1170 Iacob
1458 1103 1569 1169 ille
1614 1103 2001 1187 patriarcha,
2059 1105 2195 1170 fore

281 1207 345 1260 ut
382 1193 458 1258 de
499 1191 667 1257 Iuda
708 1212 829 1256 rex
871 1190 1171 1270 oriretur,
1227 1191 1413 1256 cuius
1455 1190 1524 1253 in
1568 1210 1649 1255 ea
1689 1199 2021 1274 sceptrum
2064 1204 2194 1255 sta-

283 1280 571 1354 biliretur,
651 1276 756 1342 his
821 1276 1070 1343 verbis:
1146 1275 1292 1341 Non
1361 1277 1685 1360 auferetur
1744 1281 2055 1358 sceptrum
2119 1277 2196 1342 de

280 1365 448 1445 Iuda,
502 1369 557 1428 et
605 1363 736 1430 dux
786 1362 864 1427 de
901 1362 1136 1444 femore
1191 1363 1346 1436 eius,
1409 1362 1592 1427 donee
1647 1361 1855 1426 veniat
1896 1361 2006 1443 qui
2048 1363 2193 1427 mit·

277 1451 475 1517 levidus
517 1454 642 1529 θείς
696 1453 753 1512 et
792 1448 933 1528 ipse
988 1449 1107 1512 erit
1147 1448 1512 1528 exspectatio
1547 1448 1845 1530 peritiam.
1935 1445 2194 1530 Quibus

280 1536 475 1601 verbis
530 1533 1084 1617 primogeniturae
1142 1532 1247 1597 ius
1305 1544 1374 1597 et
1429 1534 1610 1615 regia
1667 1531 1951 1617 dignitas
1995 1532 2192 1598 tribui

276 1622 426 1687 Iuda
477 1620 798 1685 defertur:
858 1638 937 1685 ac
993 1617 1263 1701 proinde
1320 1618 1691 1683 Beniamini
1752 1618 1994 1683 tribum
2062 1641 2191 1685 non

276 1705 591 1773 attinebat.
683 1703 869 1769 Deus
927 1704 1146 1788 itaque
1201 1724 1427 1787 regem
1485 1702 1565 1770 de
1625 1701 1801 1769 tribu
1860 1703 1974 1770 illa
2029 1706 2190 1771 dans

275 1793 509 1877 populo,
552 1789 882 1857 indicabat
925 1809 1057 1854 nou
1101 1810 1243 1856 esse
1278 1788 1441 1854 illud
1483 1810 1556 1854 re
1603 1811 1760 1854 num
1801 1787 2190 1874 legitimum,

276 1879 412 1945 licet
467 1876 549 1943 ad
608 1890 872 1960 tempus
926 1874 1254 1956 toleraret,
1313 1874 1487 1958 quod
1591 1876 1851 1958 einceps
1896 1876 2190 1958 pluribus

275 1984 738 2048 persequemur,
805 1970 874 2026 et
930 1972 1082 2026 ante
1139 1963 1269 2026 iam
1337 1961 1693 2044 attigimus.
1783 1965 2001 2044 Atque
2065 1961 2191 2028 hoc

275 2049 700 2116 testimonium
736 2048 863 2112 fuit
897 2046 1377 2114 misericordiae
1413 2067 1542 2131 qua
1576 2067 1735 2131 erga
1767 2068 1959 2113 suum
1998 2069 2193 2131 popu-

276 2136 413 2212 lum,
474 2135 627 2200 licet
686 2133 1055 2216 indignum,
1114 2133 1387 2199 affectus
1452 2144 1610 2198 erat.
1700 2132 1924 2214 Quum
1987 2133 2191 2218 igitur

277 2222 439 2287 Deus
476 2218 880 2294 hominibus,
941 2238 1316 2301 quanquam
1362 2217 1656 2303 indignis
1697 2220 1925 2301 parcit,
1973 2231 2190 2284 tamen

276 2306 565 2373 admiscet
619 2304 940 2390 quaedam
1009 2304 1401 2369 documenta
1464 2303 1699 2387 quibus
1764 2303 1845 2369 de
1908 2307 2190 2388 peccatis

274 2391 752 2470 admoneantur,
809 2411 891 2454 ne
937 2390 1061 2455 Dei
1106 2389 1413 2466 bonitate,
1460 2402 1536 2455 ut
1578 2391 1713 2454 fere
1756 2390 1983 2466 solent,
2030 2390 2190 2457 abu·

272 2491 497 2543 tantur.
546 2476 700 2542 Hoc
743 2476 1157 2558 perspicuum
1193 2487 1296 2541 est
1336 2476 1406 2539 in
1440 2473 1562 2542 hac
1598 2474 1821 2541 Saulis
1852 2476 2189 2552 electione,

271 2586 386 2646 qua
426 2564 607 2629 Deus
667 2560 932 2644 quidem
976 2561 1426 2627 Israelitarum
1487 2561 1791 2626 misertus
1849 2573 1969 2645 est,
2039 2562 2189 2627 dato

271 2671 406 2733 rege
460 2670 586 2732 quo
658 2647 820 2713 duce
886 2646 1205 2712 adversus
1260 2646 1648 2712 Philistaeos
1714 2660 2059 2712 uterentur
2122 2657 2191 2712 et

271 2733 755 2800 adiuvarentur:
816 2733 887 2797 iu
943 2752 1069 2816 quo
1125 2732 1253 2798 Dei
1310 2731 1753 2798 misericordia
1809 2746 1877 2800 et
1932 2753 2190 2800 summa

265 2831 530 2904 potestas
607 2819 935 2903 apparuit.
1038 2816 1171 2886 Sed
1237 2817 1529 2886 vicissim
1601 2817 1811 2883 voluit
1872 2818 2186 2902 populum

262 2906 550 2990 castigari
612 2904 696 2970 de
752 2905 1131 2989 importuna
1187 2903 1299 2968 illa
1356 2904 1529 2987 regis
1588 2902 1917 2987 petitione,
1976 2924 2017 2967 a
2058 2925 2188 2989 qua

264 3013 376 3057 non
432 2991 822 3057 destiterant
883 2989 1305 3074 praemoniti:
1363 2989 1517 3056 licet
1573 2989 1684 3054 diu
1741 2989 2183 3072 impletionem

265 3076 699 3161 promissionis
764 3075 1144 3141 distulisset.
1244 3075 1436 3154 Nam,
1520 3087 1597 3139 ut
1662 3084 1815 3140 ante
1878 3075 2185 3156 diximus,

267 3164 424 3229 dubii
480 3175 548 3229 et
603 3161 842 3228 incerti
903 3161 1016 3226 diu
1070 3159 1199 3227 huc
1241 3161 1398 3227 illuc
1441 3161 1762 3226 fluctuare
1806 3173 2185 3243 potuerant:

267 3261 322 3313 et
366 3251 658 3334 cogitare
715 3245 1091 3313 Samuelem
1153 3247 1291 3312 suis
1333 3246 1528 3312 rebus
1572 3258 1639 3311 et
1682 3246 1967 3311 filiorum
2010 3268 2183 3313 com-

265 3334 452 3401 modis
505 3348 571 3399 et
630 3333 967 3398 autoritati
1026 3330 1480 3399 consulentem
1536 3332 1781 3397 lactare
1836 3332 2013 3417 ipsos
2070 3354 2184 3414 spe

264 3421 440 3496 inani,
484 3441 691 3503 quum
737 3418 992 3483 nullum
1037 3416 1250 3484 adhuc
1293 3418 1544 3483 exitum
1581 3418 2028 3501 promissionis
2060 3420 2181 3486 sibi

265 3505 332 3571 de
388 3527 538 3590 rege
604 3506 815 3571 factae
884 3503 1214 3569 viderent:
1281 3502 1397 3570 sed
1461 3503 1660 3586 quieti
1719 3516 1787 3568 et
1844 3505 2183 3587 tranquilli

265 3591 562 3673 patienter
604 3590 1057 3674 impletionem
1100 3588 1279 3656 illius
1323 3597 1726 3671 exspectant.
1792 3588 1993 3672 Atqui
2039 3591 2182 3655 aui-

262 3678 369 3743 mis
421 3679 559 3744 suis
617 3697 999 3760 responsum
1058 3675 1220 3740 illud
1281 3673 1551 3740 Domini
1606 3674 1973 3758 expendere
2037 3676 2181 3743 illos

261 3764 591 3845 oportebat,
653 3773 721 3828 et
776 3761 947 3827 serio
1005 3761 1292 3844 cogitare
1337 3760 1418 3825 de
1463 3760 1803 3844 tyrannico
1846 3760 1958 3825 illo
2002 3772 2180 3827 statu

263 3868 433 3930 quem
489 3850 631 3915 fore
682 3848 805 3914 sub
865 3848 1154 3931 expetito
1214 3867 1368 3931 rege
1411 3844 1594 3910 Deus
1639 3867 1758 3930 per
1804 3843 2181 3912 Samuelem

261 3933 676 4015 praedixerat.
764 3930 901 3999 Sed
962 3944 1191 3997 contra
1246 3953 1380 3996 non
1438 3932 1975 3997 animadvertunt
2026 3953 2180 3999 con-

262 4020 585 4085 tumaciam
645 4039 835 4086 suam
890 4028 958 4083 et
1004 4017 1447 4096 rebellionem,
1514 4037 1705 4100 quam
1790 4018 2179 4116 impunitam

258 4104 411 4186 apud
494 4106 717 4173 Deum
806 4106 946 4170 fore
1023 4103 1147 4170 sibi
1233 4101 1648 4187 persuadent,
1720 4125 1904 4185 quasi
1962 4103 2178 4169 Deum

259 4191 366 4255 sibi
415 4192 792 4258 devinctum
850 4189 1149 4256 habeant.
1242 4193 1461 4273 Atque
1516 4189 1607 4253 ita
1670 4189 1961 4255 vidimus
2034 4189 2180 4255 illo-

259 4297 388 4344 rum
473 4275 931 4361 pervicaciam,
1008 4295 1212 4359 quum
1316 4288 1779 4357 praemonente
1864 4274 2009 4340 Deo
2098 4274 2179 4340 de

260 4373 415 4428 statu
476 4364 725 4440 futur0,
792 4369 1281 4445 responsarunt,
1347 4380 1485 4424 non
1547 4360 1642 4425 ita
1704 4361 1860 4427 fore.
1948 4360 2180 4443 Itaque

260 4468 450 4531 neque
483 4448 762 4514 moleste
798 4447 1095 4512 tulerunt
1129 4457 1373 4513 statum
1409 4447 1594 4510 illum
1619 4447 1935 4520 futurum.
1974 4469 2181 4530 neque

258 4543 504 4614 peccata
525 4556 651 4600 sua
671 4548 1138 4617 coguoverunt,
1182 4555 1264 4598 ex
1311 4534 1548 4616 quibus
1588 4543 2020 4617 agnoscerent
2055 4533 2181 4599 Dei

260 4617 595 4685 bonitatem
656 4619 909 4685 malitia
950 4640 1072 4685 sua
1129 4618 1330 4686 fuisse
1386 4619 1804 4701 superiorem.
1893 4619 2179 4683 Verum-

260 4706 571 4770 enimvero
604 4705 880 4771 crimine
921 4716 1265 4789 propterea
1301 4727 1430 4771 uon
1466 4714 1834 4783 caruerunt,
1872 4715 1941 4768 et
1961 4724 2178 4770 coram

262 4787 388 4854 Deo
430 4789 620 4856 deiici
661 4803 726 4855 et
768 4812 910 4857 sese
954 4790 1304 4858 humiliare
1347 4789 1589 4875 agnitis
1625 4789 1904 4873 peccatis
1944 4789 2179 4856 debue-

260 4889 415 4940 runt.
520 4875 1029 4943 Observandum
1102 4877 1368 4962 insuper
1434 4876 1514 4944 de
1588 4874 2178 4942 Beniaminitarum

264 4960 438 5039 tribu,
494 4962 695 5027 fuisse
752 4962 935 5027 illam
986 4963 1432 5048 superioribus
1488 4962 1766 5029 saeculis
1826 4982 2032 5045 paene
2077 4962 2178 5025 in-

265 5047 619 5113 ternecione
669 5047 970 5127 deletam,
1030 5048 1200 5131 quod
1245 5051 1536 5116 sexcenti
1582 5062 1830 5134 tantum
1880 5048 2179 5113 homines

263 5130 415 5196 cladi
453 5134 944 5216 superfuissent.
1033 5134 1178 5200 Hac
1213 5134 1293 5199 de
1338 5157 1535 5202 causa
1577 5134 1771 5217 paulo
1817 5144 1963 5217 post
2008 5131 2176 5199 Sau-

263 5214 380 5284 lem
418 5219 754 5287 audiemus
797 5242 868 5286 se
912 5241 953 5284 a
993 5221 1202 5287 tribus
1244 5243 1403 5288 suae
1445 5222 1771 5306 paucitate
1812 5231 1881 5285 et
1924 5218 2179 5304 exigui-

1598 314 1695 379 IN
1740 316 1794 382 I.
1838 315 2020 383 LIB.
2069 314 2469 384 SAMUEL.
2516 316 2717 383 OAP.
2763 315 2889 381 IX.

4107 318 4238 385 566

2302 515 2437 572 tate
2479 506 2575 572 sic
2618 516 3075 572 excusantem:
3123 509 3230 572 Au
3275 527 3408 572 non
3451 505 3885 572 Biniaminita
3925 527 4072 573 sum
4113 507 4244 573 mi·

2300 592 2577 657 nimuse
2614 592 2911 659 tribubus
2954 591 3236 670 Israelis,
3279 608 3346 658 et
3390 593 3636 657 familia
3677 612 3826 657 mea
3866 592 4095 658 infima
4138 604 4243 659 est

2300 678 2594 743 omnium
2639 677 3036 744 familiarum
3094 699 3135 743 a
3201 675 3499 744 tribubus
3543 677 3958 745 Biniaminis.
4045 677 4241 745 Unde

2298 772 2573 847 apparet
2636 763 2854 829 Deum
2935 763 3007 828 in
3073 762 3278 830 Saule
3355 784 3540 829 suam
3606 766 3887 848 gratiam
3951 763 4243 832 voluisse

2297 847 2758 933 magnifacere.
2804 848 2973 914 Nam
3008 848 3066 914 si
3098 870 3217 914 rex
3254 848 3332 914 de
3364 850 3538 914 tribu
3561 849 3728 915 Iuda
3756 859 3875 914 aut
3895 847 4240 934 Ephraim,

2298 947 2414 1000 aut
2456 934 2677 1018 aliqua
2719 934 2846 999 alia
2889 934 3308 1000 multitudine
3344 934 3488 1000 aliis
3519 957 3650 1000 non
3674 935 3982 1000 inferiore
4003 934 4239 1001 fuisset

2296 1020 2563 1098 electus,
2625 1041 2758 1085 non
2814 1019 2975 1086 adeo
3016 1020 3366 1104 conspicua
3409 1021 3641 1087 fuisset
3683 1041 3894 1104 neque
3938 1021 4240 1087 miranda

2298 1107 2426 1171 Dei
2468 1105 2696 1190 gratia,
2752 1118 2947 1188 atque
3005 1126 3206 1188 quum
3266 1106 3348 1172 de
3390 1105 3890 1173 Biniaminitica
3942 1108 4237 1172 omnium

2296 1192 2566 1258 minime
2609 1190 2924 1275 populosa
2966 1191 3253 1258 delectus
3295 1202 3411 1258 est.
3478 1191 3672 1259 Unde
3713 1201 3989 1276 apparet
4022 1192 4240 1259 Deum

2296 1277 2588 1343 voluisse
2645 1276 2902 1343 illustre
2959 1288 3026 1342 et
3079 1277 3339 1361 insigne
3391 1298 3534 1343 esse
3586 1299 3776 1343 suum
3831 1278 4239 1357 beneficium,

2296 1384 2381 1428 ne
2424 1362 2507 1428 ab
2551 1362 2923 1430 hominibus
2966 1361 3328 1445 profectum
3365 1363 3719 1429 videretur.
3788 1360 4055 1431 Saulem
4094 1363 4237 1447 qui-

2295 1447 2442 1514 dem
2499 1449 2706 1515 fateor
2763 1449 2834 1513 in
2880 1447 3130 1514 familia
3173 1469 3291 1514 sua
3334 1449 3581 1532 primas
3626 1448 3966 1533 dignitatis
4009 1459 4235 1531 partes

2294 1534 2670 1616 obtinuisse,
2726 1534 2902 1618 quod
2953 1546 3131 1599 esset
3176 1533 3433 1600 iuvenis
3490 1545 3559 1600 et
3614 1533 3899 1617 elegans,
3957 1535 4118 1600 adeo
4161 1546 4237 1601 ut

2295 1642 2486 1686 nemo
2530 1628 2706 1686 esset
2747 1641 2784 1686 e
2826 1620 2979 1686 filiis
2997 1618 3268 1686 Israelis
3300 1619 3664 1704 elegantior
3699 1639 3809 1686 eo:
3854 1621 3935 1685 ab
3960 1619 4235 1688 humero

2293 1727 2411 1772 suo
2454 1727 2722 1772 sursum
2768 1727 2998 1771 versus
3040 1705 3234 1770 altior
3279 1715 3415 1770 toto
3461 1705 3718 1789 populo.
3806 1705 3971 1770 Fuit
4010 1706 4234 1790 itaque

2296 1789 2456 1858 Saul
2493 1791 2856 1875 praestanti
2898 1791 3110 1857 forma
3145 1792 3268 1868 vir,
3312 1803 3378 1856 et
3412 1792 3693 1857 eximius
3728 1792 3901 1857 inter
3929 1792 4230 1875 reliquos.

2292 1874 2428 1943 Sed
2473 1877 2896 1943 nihilominus
2924 1898 2961 1942 e
2999 1877 3208 1943 tribus
3231 1876 3641 1942 Beniamini:
3684 1876 4104 1960 quamobrem
4147 1878 4232 1946 ad

2294 1975 2555 2028 tantum
2647 1962 2988 2048 dignitatis
3064 1961 3341 2047 gradum
3435 1983 3567 2027 non
3664 1964 3951 2045 potuisse
4038 1963 4234 2034 illum

2292 2049 2434 2115 sine
2497 2048 2762 2133 speciali
2827 2048 2956 2113 Dei
3021 2047 3480 2114 benevolentia
3543 2048 3889 2132 pervenire
3944 2049 4233 2116 certissi-

2293 2156 2476 2200 mum
2519 2134 2664 2200 fuit.

2462 2219 2683 2303 Atque
2734 2220 2815 2285 de
2851 2218 3061 2285 tribus
3083 2218 3462 2285 Beniamini
3499 2219 3878 2285 narratione
3911 2218 4231 2288 hactenus

2292 2305 2537 2371 dictum
2562 2316 2722 2384 esto,
2768 2305 3073 2389 deinceps
3107 2303 3573 2387 expendamus,
3607 2325 3771 2387 quae
3806 2303 3887 2371 de
3919 2305 4231 2373 asinabus

2292 2392 2669 2458 recitantur.
2732 2392 2816 2458 In
2839 2391 3075 2475 quibus
3108 2389 3368 2456 divinae
3403 2390 3854 2475 providentiae
3896 2389 4232 2476 singulare

2291 2478 2629 2561 speculum
2689 2477 2876 2544 nobis
2942 2477 3352 2561 proponitur,
3440 2476 3752 2544 adversus
3817 2497 4233 2544 communem

2294 2564 2707 2630 fortuitorum
2763 2584 3036 2630 casuum
3091 2562 3484 2646 opinionem.
3573 2559 3752 2642 Quid
3795 2563 3991 2644 enim,
4044 2563 4230 2629 obse·

2292 2668 2424 2732 οπο,
2480 2669 2824 2717 commune
2878 2647 3205 2713 habebant
3262 2647 3482 2712 asinae
3543 2645 3762 2714 Saulis
3815 2670 3965 2715 cum
4022 2668 4231 2733 regno

2291 2732 2604 2801 Israelis?
2694 2733 2863 2817 Quis
2918 2754 3047 2799 non
3107 2733 3281 2799 dicat
3323 2731 3591 2799 Saulem
3649 2754 3689 2798 a
3732 2745 3918 2815 patre
3961 2734 4230 2802 fortuito

2290 2817 2374 2884 ad
2431 2821 2840 2904 quaerendas
2893 2821 3111 2885 asinas
3169 2817 3526 2899 dimissum,
3586 2829 3651 2882 et
3698 2815 3962 2886 Saulem
4014 2821 4234 2887 asinas

2291 2915 2712 2988 quaerentem
2771 2905 3019 2972 factum
3080 2925 3222 2970 esse
3273 2917 3504 2970 contra
3547 2925 3731 2987 spem
3774 2924 3961 2969 suam
4005 2925 4230 2989 regem

2290 2989 2601 3058 Israelis?
2670 2991 2852 3057 Sane
2871 2989 3128 3074 profani
3160 2988 3460 3055 homines
3494 2987 3664 3056 hanc
3698 2988 3990 3073 legentes
4022 2988 4234 3056 histo-

2290 3076 2455 3143 riam
2518 3078 2587 3142 in
2654 3097 2873 3143 errore
2937 3076 3049 3140 illo
3115 3083 3181 3141 et
3245 3074 3549 3158 opinione
3614 3075 3825 3158 magis
3888 3076 4229 3160 magisque

2290 3164 2786 3244 confirmantur,
2840 3157 3110 3227 fortuna
3167 3161 3239 3225 in
3297 3158 3541 3225 mundo
3600 3158 3764 3227 duce
3806 3160 4030 3227 omnia
4070 3183 4228 3228 con·

2289 3250 2561 3332 tingere.
2650 3249 2746 3314 Ec
2792 3248 2893 3314 uis
2937 3268 3111 3329 vere,
3170 3245 3327 3312 solis
3382 3247 3680 3312 sensibus
3723 3245 4012 3313 externis
4055 3245 4229 3313 iudi-

2286 3334 2489 3416 cibus,
2553 3355 2687 3400 nou
2796 3332 3130 3417 ecipiatur,
3194 3352 3395 3415 quum
3438 3330 3705 3397 Saulem
3774 3331 3938 3396 nihil
4003 3333 4229 3402 minus

2327 3442 2480 3486 uam
2539 3419 2619 3486 de
2673 3440 2879 3504 regno
2935 3419 3353 3503 cogitantem,
3408 3417 3652 3484 viderit
3711 3415 4124 3502 designatum
4184 3440 4227 3487 a

2338 3505 2594 3572 amuele
2640 3526 2862 3590 regem
2905 3504 3375 3582 Israelitarum,
3421 3514 3490 3568 et
3532 3503 3613 3568 ab
3658 3501 3881 3568 eodem
3927 3517 4226 3584 unctum,

2283 3603 2357 3657 ut
2423 3592 2540 3656 toti
2606 3590 2841 3675 populo
2906 3588 3400 3655 dominaretur?
3511 3589 3620 3653 En
3677 3586 3997 3671 quomodo
4055 3612 4225 3674 quae

2282 3677 2582 3744 sensibus
2648 3679 2889 3742 nostris
2967 3675 3240 3742 fortuita
3321 3672 3666 3754 videntur,
3746 3672 3929 3739 Deus
3994 3683 4222 3744 tamen

2282 3773 2592 3847 tanquam
2658 3762 3045 3830 documenta
3107 3760 3413 3845 proponit
3470 3781 3553 3825 ex
3605 3759 3842 3842 quibus
3900 3761 4218 3847 quidquid

2284 3850 2351 3914 in
2417 3861 2554 3914 toto
2612 3859 2940 3913 terrarum
2995 3846 3149 3912 orbe
3208 3846 3550 3911 fortuitum
3593 3865 3736 3910 esse
3777 3845 4057 3929 videtur,
4102 3847 4217 3913 ad-

2282 3933 2563 4000 mirabili
2591 3934 2716 3999 Dei
2759 3933 3010 4000 consilii
3053 3931 3502 4017 providentiae
3545 3930 3834 3997 tribuere
3869 3930 4218 4003 discamus.

2285 4022 2499 4103 Atque
2546 4019 2738 4085 valde
2782 4020 3146 4086 necessaria
3188 4027 3290 4082 est
3336 4017 3494 4082 baec
3538 4015 3851 4101 doctrina,
3911 4017 4056 4083 sine
4097 4040 4228 4101 qua

2283 4126 2636 4190 nunquam,
2681 4117 2756 4171 ut
2800 4104 3000 4182 decet,
3046 4125 3256 4186 neque
3301 4102 3428 4168 Dei
3467 4101 3778 4168 beneficia
3813 4103 4229 4186 magnifacie÷

2281 4213 2447 4270 mus,
2494 4212 2703 4275 neque
2746 4202 3037 4256 autorem
3081 4190 3368 4276 ipsorum
3414 4185 3853 4254 laudabimus:
3914 4189 4224 4271 quemad·-

2283 4276 2550 4343 modum
2628 4275 3000 4342 incredulos
3064 4286 3133 4340 et
3197 4273 3489 4340 ethnicos
3555 4273 3855 4339 videmus
3919 4275 4224 4343 fortunae

2283 4357 2502 4430 rerum
2563 4362 2856 4428 omnium
2915 4360 3454 4445 gubernationem
3513 4359 3904 4425 attribuisse.
3994 4359 4223 4442 Neque

2287 4448 2573 4514 vicissim
2619 4447 2748 4513 Dei
2793 4447 3049 4512 iudiciis
3091 4447 3520 4526 afficeremur,
3575 4465 3743 4528 quae
3799 4444 3868 4509 in
3913 4447 4223 4512 mortales

2282 4534 2695 4618 inopinantes
2735 4533 3052 4598 immittit.
3097 4531 3399 4615 Namque
3440 4526 3759 4596 increduli
3795 4528 4006 4594 solent
4041 4531 4222 4596 fren-

2283 4622 2512 4686 dentes
2556 4619 2783 4684 fraena
2826 4619 3156 4699 mandere,
3203 4617 3348 4683 Deo
3391 4617 3568 4702 ipsos
3608 4614 3812 4681 variis
3858 4616 4067 4699 plagis
4119 4617 4220 4682 af-

2278 4706 2581 4788 fligente,
2658 4726 2869 4788 neque
2933 4715 3151 4770 tamen
3217 4704 3299 4769 ad
3365 4704 3580 4787 ipsum
3646 4720 4018 4797 assurgere:
4099 4701 4220 4772 sed

2281 4813 2606 4858 venenum
2665 4804 3046 4875 spumantes
3103 4788 3417 4858 adversus
3463 4786 3676 4869 ipsum
3720 4784 4076 4869 indignari,
4142 4810 4224 4858 ao

2279 4877 2486 4944 veluti
2529 4876 2944 4944 contumeliis
2990 4887 3228 4958 petere.
3316 4872 3491 4953 Quid
3546 4869 3685 4935 ita?
3773 4869 4027 4955 Nempe
4086 4895 4224 4941 non

2280 4974 2522 5030 norunt
2588 4983 2814 5028 omnes
2870 4983 2910 5027 a
2968 4957 3110 5027 Deo
3176 4959 3559 5025 afflictiones
3624 4976 3910 5032 manare,
3977 4959 4220 5041 quibus

2280 5062 2590 5132 tanquam
2636 5049 3132 5133 apparitoribus,
3186 5046 3390 5111 utitur
3446 5040 3527 5106 ad
3573 5040 3979 5107 voluntatem
4025 5066 4220 5113 suam

2278 5134 2742 5202 declarandam
2832 5133 3206 5199 hominibus
3295 5127 3406 5213 qui
3485 5128 3701 5210 ipsum
3780 5125 4218 5199 offenderunt.

2279 5222 2493 5288 Tanto
2569 5221 2815 5287 maiore
2885 5220 3089 5304 igitur
3167 5214 3619 5284 observatione
3691 5210 3853 5364 {5⁸:³⁰
3923 5216 4224 5285 doctrina
