5059 6059
256 307 370 375 589

256 502 411 570 nihil
466 521 729 569 movere
793 501 1113 586 oportuit,
1176 501 1295 569 sed
1358 502 1432 567 in
1490 521 1612 568 sua
1674 500 2046 570 conditione
2111 509 2181 569 et

256 597 414 660 statu
475 588 752 673 pristino
819 607 1107 669 manere,
1171 595 1238 655 et
1302 607 1446 655 sese
1509 589 1604 654 ita
1660 606 2047 672 componere
2100 595 2180 654 ut

256 675 408 744 nihil
428 694 673 741 novum
708 694 785 741 ao
819 673 1111 741 insolens
1144 674 1459 742 accidisse
1492 674 1619 758 ipsi
1652 681 2174 760 cognosceretur.

254 762 710 829 Verumtamen
768 760 1096 827 invitatus
1146 758 1230 826 ad
1273 759 1644 845 prandium,
1703 772 1771 826 et
1810 760 1885 825 in
1923 780 2179 826 summo

255 850 379 916 loco
419 868 460 913 a
504 844 812 913 Samuele
861 845 1213 913 collocatus
1268 847 1502 924 fuerat,
1561 865 1638 914 ac
1696 846 1972 913 caeteris
2006 846 2178 911 invi·

256 934 395 1001 tatis
442 933 779 1017 praelatus
796 983 813 1014 ,
879 931 996 999 sed
1064 933 1158 999 ita
1214 940 1291 1000 ut
1342 932 1523 999 illius
1579 932 1847 1000 honoris
1912 952 2179 998 causam

251 1039 461 1088 omnes
535 1019 951 1119 ignorarent:
1032 1037 1240 1119 quum
1313 1018 1699 1119 praesertim
1776 1037 1912 1119 non
1988 1018 2180 1118 aliter

253 1126 436 1258 {⁸³23
459 1103 2179 1275 αἳὲἓῗρὲὲὶῃῗέἕῗὲζὲέζᾞέἓηωνιωὲζὲἓῖἰ

253 1279 446 1353 datur,
489 1285 560 1343 et
591 1276 939 1360 pascendis
972 1275 1282 1362 gregibus
1315 1283 1541 1344 vacet:
1576 1296 1652 1344 ac
1686 1276 1961 1362 proinde
1996 1274 2179 1342 nulla

255 1364 396 1431 dum
449 1381 520 1427 re
574 1363 587 1377 '
634 1382 673 1427 e
731 1361 1077 1448 dignitatis
1139 1362 1386 1430 indicia
1447 1371 1824 1447 appareant.
1926 1364 2023 1430 At
2082 1361 2179 1428 sic

250 1451 478 1518 factum
594 1468 711 1515 eus
768 1449 1006 1527 voluit3
1074 1469 1159 1515 ne
1214 1455 1369 1514 ante
1419 1448 1851 1515 constitutum
1916 1456 2178 1532 tempus

252 1534 547 1622 prodiret,
601 1543 717 1600 aut
772 1554 916 1600 sese
968 1534 1320 1619 ingereret,
1379 1534 1496 1601 sed
1536 1534 1867 1620 patienter
1909 1552 2176 1617 exspec-

251 1629 408 1698 taret
448 1620 658 1687 donec
701 1640 858 1686 eum
900 1620 971 1685 in
1015 1620 1304 1687 medium
1347 1619 1760 1706 produceret,
1809 1629 1877 1686 et
1917 1619 2177 1704 qualem

250 1727 378 1775 esse
416 1706 623 1773 vellet
684 1705 1100 1790 patefaceret.
1188 1706 1366 1773 Hinc
1409 1706 1615 1791 igitur
1670 1705 2000 1774 discamus
2041 1725 2178 1772 non

250 1793 470 1870 efferri,
513 1791 635 1858 sed
678 1792 735 1858 si
778 1812 947 1876 quae
981 1790 1170 1858 Deus
1210 1792 1284 1858 in
1322 1813 1443 1858 nos
1486 1791 1657 1857 dona
1701 1791 2067 1872 contulerit,
2111 1799 2180 1858 et

249 1877 455 1945 eadem
496 1876 575 1943 in
617 1877 805 1945 nobis
839 1877 1095 1945 occulta
1127 1898 1270 1944 esse
1304 1877 1606 1958 voluerit,
1640 1900 1725 1945 ne
1760 1877 2179 1963 indignemur

249 1973 354 2032 aut
383 1964 659 2030 moleste
692 1964 981 2030 feramus
1015 1964 1073 2030 si
1107 1985 1240 2030 nou
1276 1972 1437 2031 sunt
1470 1962 1775 2031 omnibus
1804 1964 2177 2049 conspicua,

249 2060 309 2117 et
364 2070 496 2116 non
566 2049 950 2116 excellimus
1017 2058 1094 2116 ut
1156 2048 1574 2116 admirationi
1636 2049 1877 2117 simus:
1943 2070 2176 2117 verum

250 2137 546 2220 tantisper
623 2146 1077 2220 exspectemus
1142 2134 1301 2202 dum
1366 2137 1389 2201 i
1438 2158 1509 2202 se
1571 2135 1920 2220 Dominus,
1985 2143 2179 2219 prout

249 2221 396 2289 utile
426 2230 491 2288 et
524 2219 952 2287 commodum
984 2241 1128 2288 esse
1161 2221 1291 2305 ipsi
1327 2222 1394 2289 vi
1475 2221 1671 2303 bitur,
1703 2243 1846 2287 rem
1882 2230 2178 2306 coeptam

247 2315 629 2393 promoveat,
673 2315 743 2373 et
781 2307 923 2391 ipse
967 2328 1087 2372 nos
1126 2308 1199 2372 in
1234 2307 1522 2375 medium
1558 2307 1893 2394 producat.
1957 2309 2178 2391 Atque

247 2395 602 2461 necessaria
644 2405 746 2460 est
785 2390 977 2460 nobis
1021 2392 1186 2459 haec
1228 2394 1543 2460 doctrina.
1631 2393 1807 2459 Nam
1856 2393 2002 2478 ipso
2044 2414 2176 2460 usu

248 2479 535 2546 discimus
588 2500 786 2563 quam
827 2479 1001 2547 levia
1043 2478 1179 2545 sint
1219 2487 1448 2546 nostra
1503 2479 1787 2564 ingenia,
1844 2488 1911 2546 et
1950 2499 2176 2546 morae

244 2566 665 2651 impatientia,
707 2585 909 2649 quum
953 2564 1419 2649 promissiones
1460 2565 1710 2650 aliquas
1742 2586 1783 2632 a
1802 2563 1948 2631 Deo
1989 2585 2174 2632 acce-

248 2651 463 2736 pimus,
497 2657 578 2717 ut
610 2652 733 2717 vix
769 2659 1153 2735 exspectare
1184 2650 1507 2735 possimus
1623 2673 1661 2717 r
1691 2651 2172 2737 impatientiam

250 2737 417 2804 cuius
456 2738 526 2804 in
571 2744 912 2822 posterum
954 2736 1417 2819 promissiones
1448 2672 1786 2804 haffimus.
1863 2736 2174 2822 Exempli

250 2824 456 2908 gratia,
499 2824 559 2891 si
602 2842 740 2908 qua
781 2842 1097 2908 urgemur
1127 2822 1517 2904 calamitate,
1560 2844 1646 2890 ex
1682 2843 1814 2908 qua
1844 2821 2172 2889 liberatio-

248 2929 384 2975 nem
421 2908 611 2976 Deus
665 2910 1026 2993 promittat,
1084 2929 1206 2975 nos
1260 2911 1476 2991 primo
1533 2929 1794 2994 quoque
1849 2908 1973 2989 die,
2037 2909 2171 2975 imo

249 2995 425 3061 etiam
456 3005 796 3063 momento
840 2994 1023 3061 illam
1066 2995 1210 3061 fleri
1246 2994 1604 3063 vellemus:
1664 2994 1996 3079 quiescere
2036 3015 2174 3061 non

389 3102 595 3159 umus,
655 3090 726 3147 et
777 3079 909 3165 ipsi
964 3080 1141 3146 ultro
1198 3081 1507 3165 angimur
1549 3080 1633 3148 ab
1675 3079 2019 3148 affectibus
2060 3101 2173 3147 ve—

248 3099 748 3234 mentioribus
792 3166 1081 3251 abrepti:
1136 3166 1483 3252 Deumque
1540 3166 1859 3234 vellemus
1898 3167 1970 3235 vi
2011 3188 2172 3251 qua-

251 3251 384 3319 dam
437 3253 522 3320 ad
580 3261 917 3320 momento
973 3271 1168 3320 suum
1211 3273 1379 3337 opus
1419 3252 1826 3337 implendum
1868 3260 1938 3321 et
1975 3254 2171 3338 perfi-

250 3338 531 3406 ciendum
594 3337 882 3424 adigere.
990 3336 1140 3420 Quo
1197 3340 1411 3425 magis
1472 3341 1680 3426 igitur
1742 3338 1828 3406 ad
1892 3338 2171 3406 nimiam

250 3425 836 3509 praecipitationem
856 3444 1087 3492 sumus
1120 3424 1458 3509 proclives,
1503 3446 1581 3493 eo
1600 3426 1813 3512 magis
1845 3425 2173 3494 discamus

250 3510 376 3577 Deo
395 3512 665 3597 signum
700 3509 962 3594 aliquod
996 3512 1247 3597 gratiae
1280 3532 1437 3578 suae
1471 3519 1539 3578 et
1571 3511 1816 3579 favoris
1850 3512 2173 3597 largiente

250 3596 500 3663 meliora
534 3617 799 3680 semper
833 3616 1117 3681 sperare,
1153 3605 1223 3663 et
1262 3598 1590 3681 patienter
1623 3598 2051 3664 constitutum
2087 3597 2170 3664 ab

250 3680 374 3766 ipso
404 3693 671 3768 tempus
706 3693 1120 3766 exspectare:
1163 3703 1240 3748 ac
1275 3681 1793 3749 vehementiores
1828 3693 1896 3750 et
1913 3685 2172 3750 ferven-

250 3769 425 3835 tiores
467 3781 734 3835 nostres
776 3769 1052 3835 affectus
1092 3768 1412 3848 fraenare,
1472 3769 1710 3853 quibus
1749 3769 2026 3835 nimium
2067 3770 2171 3835 in-

250 3853 500 3940 dulgere
543 3856 937 3940 plerumque
981 3854 1287 3922 solemus.

398 3942 730 4023 Deinceps
787 3960 945 4007 vere
998 3939 1271 4007 Samuel
1326 3939 1567 4007 dicitur
1620 3939 1889 4008 iussisse
1950 3940 2171 4010 Saulis

248 4045 505 4108 puerum
547 4026 874 4103 secedere,
919 4047 1124 4109 quum
1168 4035 1342 4092 esset
1382 4026 1601 4109 ipsum
1644 4028 1717 4092 in
1759 4049 1981 4112 regem
2016 4049 2170 4095 unc-

249 4122 432 4213 turus.
519 4111 789 4194 Quibus
845 4112 1068 4178 verbis
1122 4114 1421 4212 superior
1473 4112 1772 4179 doctriua
1826 4114 2039 4199 magis
2093 4135 2172 4182 ac

247 4217 437 4350 32⁸2?
462 4197 1284 4369 {gffifffflsszfffflffi
1316 4196 2174 4353 {fflissffl{¹⁰5²00¹'ff1¹2¹31

249 4369 427 4435 tionis
489 4371 717 4456 regiae
776 4389 992 4436 coram
1056 4371 1267 4455 ipsius
1329 4370 1578 4454 puero?
1723 4371 1802 4437 ed
1855 4373 1951 4438 ita
2004 4372 2173 4439 solet

248 4453 413 4523 Deus
451 4457 714 4540 operari
755 4476 955 4541 supra
997 4454 1324 4523 humanos
1363 4477 1628 4523 sensus:
1688 4478 1898 4541 neque
1940 4477 2011 4524 se
2052 4479 2171 4542 pa-

251 4541 395 4607 titur
451 4542 701 4609 nostris
756 4541 1012 4626 legibus
1068 4543 1445 4627 constringi,
1511 4551 1626 4608 aut
1685 4544 1768 4609 ad
1826 4543 2170 4610 arbitrium

249 4635 524 4694 nostrum
569 4628 891 4712 componi.
979 4628 1214 4711 Itaque
1267 4637 1466 4713 prout
1519 4630 1645 4713 ipsi
1685 4629 1901 4714 placet
1943 4651 2169 4713 opera-

250 4721 373 4793 tur3
428 4715 609 4799 quod
666 4715 822 4781 licet
879 4715 1066 4780 nobis
1118 4714 1405 4781 insolens
1447 4715 1770 4797 videatur,
1829 4727 2050 4783 tamen
2094 4737 2171 4782 eo

251 4800 441 4884 magis
483 4821 608 4867 nos
650 4807 909 4883 eportet
951 4801 1210 4867 incitari
1252 4808 1329 4865 ιιι
1370 4800 1453 4866 ad
1497 4800 1623 4867 Dei
1669 4809 1900 4868 nutum
1947 4814 2014 4868 et
2054 4803 2171 4869 ob·

253 4886 529 4967 sequium
590 4907 710 4953 nos
769 4906 1250 4971 componamus,
1310 4893 1377 4951 et
1435 4887 1747 4972 quidquid
1800 4889 1940 4973 agit
1995 4909 2169 4954 com·

252 4969 599 5053 prebemus,
656 4972 811 5039 licet
864 4974 1124 5039 viarum
1179 4972 1387 5056 ipsius
1441 4974 1778 5058 incognita
1832 4973 2028 5057 plane
2083 4976 2171 5041 sit

255 5053 424 5152 nobis
474 5059 663 5138 ratio,
721 5058 925 5125 donec
978 5059 1253 5142 ipsemet
1308 5060 1643 5143 signorum
1708 5081 1874 5143 quae
1919 5060 2170 5127 dederit

254 5143 774 5223 significationem
815 5145 958 5228 ipso
1002 5153 1244 5210 eventu
1287 5144 1710 5227 demonstret,
1754 5155 1819 5211 et
1862 5147 1930 5212 in
1974 5167 2166 5230 quem

254 5244 429 5293 usum
470 5251 549 5296 ea
593 5231 821 5297 referri
865 5229 1027 5297 velit
1081 5230 1440 5316 significet:
1496 5240 1692 5315 atque
1748 5232 1911 5299 adeo
1967 5253 2168 5316 quare

1598 312 1700 380 IN
1745 312 1799 378 1.
1845 313 2025 378 LIB.
2073 311 2475 383 SAMUEL.
2521 314 2716 383 CAP.
2763 313 2854 382 X.

4098 314 4229 382 590

2278 504 2652 574 istiusmodi
2693 506 3011 572 rationem
3055 523 3223 588 quae
3264 502 3454 569 nobis
3494 501 3683 568 initio
3725 522 3856 567 non
3901 502 4225 569 satisfacit

2277 593 2521 659 inierit.
2621 589 2723 658 Ac
2792 612 2951 657 sane
3020 591 3075 658 si
3134 610 3218 655 ex
3270 608 3501 656 sensus
3557 589 3767 654 nostri
3822 588 4079 654 ratione
4138 587 4221 655 de

2280 686 2413 744 toto
2455 679 2583 745 isto
2619 677 2880 763 negotio
2915 675 3439 754 iudicaverimus,
3483 672 3654 739 nihil
3689 674 3819 739 nisi
3862 673 4220 741 absurdum

2277 764 2647 832 videbimus
2712 772 2780 829 et
2842 761 2923 830 ab
2989 761 3174 829 omni
3235 769 3416 830 recta
3479 760 3897 827 consiliorum
3963 761 4219 827 ratione

2280 851 2605 917 alienum:
2659 870 2863 933 quum
2916 847 3299 933 praesertim
3343 848 3520 913 intra
3561 866 3802 930 paucos
3846 846 3983 913 dies
4026 866 4215 930 opor·

2282 948 2450 1003 teret
2471 935 2743 1003 Saulem
2787 955 3007 1020 regem
3053 934 3464 1017 designatum
3508 939 3650 999 e‘sse
3691 931 3912 1015 palam
3955 932 4216 999 demon-

2279 1023 2498 1089 strari.
2587 1020 2814 1104 Quare
2854 1041 3010 1105 ergo
3053 1020 3241 1085 Deus
3283 1039 3419 1085 non
3463 1019 3607 1085 vult
3646 1019 3854 1103 ipsius
3894 1019 4215 1085 famulum

2278 1108 2347 1174 id
2411 1110 2479 1175 in
2543 1107 2913 1193 praesentia
2975 1103 3258 1173 rescire?
3348 1103 3573 1187 Quare
3635 1104 3891 1171 nullum
3956 1112 4217 1171 exstare

2280 1195 2478 1261 huius
2496 1193 2856 1262 vocationis
2885 1191 3058 1276 apud
3092 1190 3298 1258 ullum
3323 1191 3696 1258 mortalium
3721 1188 4213 1257 testimonium?

2280 1279 2460 1349 Sane
2515 1280 2806 1347 humana
2861 1277 3353 1345 ratiocinatione
3408 1276 3578 1343 ratio
3633 1277 3758 1342 ista
3869 1275 4213 1343 recedendi

2276 1366 2567 1434 insolens
2609 1376 2678 1432 et
2720 1366 2861 1431 sine
2901 1364 3158 1431 ratione
3201 1383 3343 1429 esse
3385 1361 3736 1429 videbitur.
3891 1381 4099 1438 erum,
4138 1372 4212 1428 ut

2277 1461 2431 1520 ante
2475 1452 2633 1532 dixi,
2668 1451 2852 1518 Deus
2884 1450 2995 1517 hic
3030 1448 3471 1530 admirandus,
3508 1448 3745 1533 quippe
3777 1448 3890 1530 qui
3922 1457 4212 1514 nostram

2278 1538 2720 1606 humilitatem
2762 1545 2832 1603 et
2864 1535 3256 1603 modestiam
3285 1536 3380 1600 ita
3414 1533 3580 1601 solet.
3612 1534 3972 1617 explorare,
4009 1554 4214 1617 quum

2278 1647 2412 1692 non
2457 1622 2902 1691 accommodat
2936 1622 3078 1692 vias
3097 1642 3253 1688 suas
3286 1619 3369 1685 ad
3402 1629 3669 1705 captum
3705 1619 3953 1704 ingenii
3986 1622 4216 1699 nostri,

2278 1720 2354 1778 ut
2395 1711 2572 1778 facta
2612 1709 2817 1795 ipsius
2857 1720 3080 1775 nostro
3122 1706 3372 1773 calculo
3415 1706 3522 1772 vel
3559 1705 4070 1790 comprobemus,
4106 1705 4213 1773 vel

2277 1796 2718 1882 repudiemus.
2805 1794 3107 1878 Namque
3149 1813 3228 1859 ea
3269 1801 3372 1858 est
3425 1799 3653 1858 nostra
3701 1792 4094 1874 perversitas
4135 1802 4214 1857 ut

2278 1884 2408 1950 Dei
2464 1902 2734 1966 operum
2776 1889 3036 1948 autores
3080 1899 3243 1962 esse,
3296 1887 3364 1946 et
3405 1878 3656 1944 exitum
3699 1874 4055 1943 eorundem
4096 1898 4211 1961 pe-

2280 1989 2400 2036 nes
2441 1989 2561 2035 nos
2604 1988 2746 2034 esse
2788 1967 3165 2050 cupiamus,
3221 1965 3492 2048 Deoque
3549 1964 3780 2030 subiici
3835 1973 3903 2029 et
3944 1962 4027 2029 ad
4070 1965 4211 2029 eius

2277 2055 2685 2123 voluntatem
2727 2073 2847 2119 nos
2889 2050 3187 2135 componi
3230 2070 3568 2134 nunquam
3613 2051 3957 2133 patiamur.
4045 2049 4211 2115 Inde

2277 2142 2373 2221 fit,
2431 2150 2506 2206 ut
2559 2140 2630 2205 in
2671 2138 2804 2205 Dei
2857 2138 3164 2223 operibus
3219 2155 3468 2202 meram
3524 2135 3965 2202 confusionem
4023 2134 4212 2202 nobis

2278 2228 2629 2312 fingamus,
2685 2233 2755 2291 et
2795 2225 2865 2290 in
2910 2244 2989 2291 ea
3030 2221 3440 2307 inquiramus
3481 2221 3643 2287 adeo
3686 2219 4077 2305 petulanter,
4135 2230 4212 2287 ut

2278 2333 2410 2379 nen
2455 2331 2575 2380 suo
2621 2309 2850 2376 ordine
2894 2329 3107 2393 neque
3149 2308 3292 2374 loco
3337 2307 3510 2374 facta
3549 2306 3762 2372 dicere
3805 2327 3941 2373 non
3984 2326 4210 2372 verea-

2278 2420 2447 2465 mur.
2514 2398 2682 2463 'Pam
2714 2395 2999 2463 insolens
3039 2403 3141 2461 est
3169 2394 3532 2460 humanum
3567 2392 3901 2457 iudicium.
3961 2391 4212 2460 Contra

2277 2505 2460 2565 vero,
2528 2482 2750 2550 Deum
2814 2482 2911 2548 sic
2972 2488 3202 2548 contra
3266 2478 3598 2544 naturales
3662 2498 3891 2578 sensus
3956 2487 4211 2544 nostros

2277 2577 3019 2724 {tammam}
3061 2564 3832 2733 mamati
3858 2571 4208 2733 &2353

2277 2764 2318 2809 a
2354 2740 2543 2808 nobis
2573 2740 2739 2825 ipsis
2770 2738 3020 2805 moliri:
3059 2736 3178 2805 sed
3222 2738 3438 2821 petius
3458 2735 3604 2801 Deo
3636 2754 3905 2802 sucrum
3940 2755 4212 2818 operum

2275 2829 2599 2895 rationem
2637 2827 2966 2909 integram
3007 2823 3402 2907 relinquere,
3436 2839 3514 2886 ac
3547 2820 3720 2890 ferre
3754 2829 3829 2888 ut
3863 2820 4034 2904 quod
4070 2821 4212 2903 ipse

2277 2916 2519 2983 bouum
2564 2920 2632 2978 et
2671 2932 2951 2994 aequum
2992 2929 3134 2977 esse
3165 2907 3548 2975 iudicaverit
3579 2907 3893 2990 perficiat,
3938 2908 4211 2989 eiusque

2275 2997 2929 3075 administrationem,
2985 2995 3139 3063 lieet
3192 3014 3233 3060 a
3272 2992 3516 3060 nostris
3572 2991 3868 3059 sensibus
3907 2992 4210 3075 alienam,

2273 3088 2479 3152 immo
2554 3090 3032 3168 repugnantem
3106 3080 3470 3146 adoremus.
3585 3078 3805 3161 Atque
3882 3076 4052 3144 hanc
4128 3077 4210 3144 eb

2274 3191 2538 3241 causam
2596 3169 2706 3236 hic
2762 3166 3152 3234 nominatim
3210 3166 3337 3234 dici
3390 3164 3714 3242 videmus,
3776 3163 4042 3230 iussisse
4085 3160 4212 3230 Sa-

2275 3256 2555 3325 muelem
2599 3263 2674 3322 ut
2706 3253 2870 3321 Saul
2913 3253 3233 3321 famulum
3274 3250 3576 3319 secedere
3617 3249 3888 3328 iuberet,
3933 3268 4062 3332 quo
4104 3268 4212 3315 res

2271 3344 2390 3411 illa
2442 3351 2582 3408 tota
2635 3349 2704 3407 et
2758 3340 3178 3425 inauguratio
3232 3338 3347 3405 illa
3388 3337 3462 3401 in
3504 3335 3755 3420 regiam
3799 3335 4208 3419 dignitatem,

2271 3430 2429 3497 solis
2471 3424 2749 3494 testibus
2790 3424 3100 3492 Samuele
3141 3432 3210 3492 et
3253 3422 3471 3502 Saule,
3513 3430 3959 3504 perageretur,
4005 3419 4210 3487 donec

2272 3517 2458 3583 Deus
2521 3514 2663 3598 ipse
2725 3532 2867 3577 rem
2931 3518 3140 3577 totam
3202 3509 3617 3593 patefaceret,
3681 3515 3750 3573 et
3812 3506 3897 3571 ad
3953 3505 4207 3573 exitum

2271 3600 2676 3687 perduceret.
2776 3597 2957 3663 Hinc
3012 3616 3174 3662 vero
3234 3594 3561 3661 diseamus
3617 3592 3874 3659 viarum
3937 3591 4213 3659 Domini

2271 3686 2819 3766 consiliorumque
2894 3683 3100 3767 ipsius
3179 3682 3501 3748 rationem
3586 3677 3931 3745 admirari:
4026 3679 4216 3745 cuius

2270 3793 2476 3858 parva
2518 3779 2587 3837 et
2629 3769 2828 3836 exilia
2868 3778 3026 3835 sunt
3066 3766 3274 3847 initia,
3330 3766 3618 3849 adeoque
3663 3766 3884 3831 tenuia
3926 3771 4002 3830 ut
4043 3763 4208 3830 nihil

2272 3860 2400 3925 nisi
2441 3875 2684 3941 magna
2723 3855 3131 3921 extrinsecus
3165 3854 3514 3920 infirmitas
3548 3858 3879 3934 appareat,
3914 3849 4210 3933 nihilque

2273 3964 2591 4030 magnum
2634 3947 2701 4008 et
2743 3939 3202 4007 admirandum
3237 3939 3554 4014 videatur,
3600 3944 3677 4002 ut
3708 3955 3972 4020 sperare
4007 3956 4209 4022 supra

2273 4050 2536 4098 omnem
2579 4047 2765 4113 spem
2798 4024 3142 4093 discamus.
3206 4024 3399 4103 Nam,
3434 4023 3720 4105 exempli
3752 4023 3985 4107 gratia,
4022 4022 4209 4089 Deus

2273 4115 2539 4202 quidem
2597 4120 2821 4197 posset
2872 4111 3211 4196 evangelio
3268 4117 3531 4176 tantum
3588 4107 4007 4192 splendorem
4051 4106 4208 4173 dare

2273 4200 3233 4355 ³¹30ffi2⁸3213⁰353w30
3252 4193 4207 4361 fflssssiffssssffi-ssnffissg

2272 4311 2392 4441 iilii
2447 4374 2552 4442 sui
2601 4370 2753 4438 Iesu
2798 4367 3053 4437 Christi
3107 4368 3297 4454 regni
3365 4367 3625 4451 insigne
3680 4366 3893 4465 primo
3948 4327 4205 4447 quoque

2272 4468 2567 4544 tempore
2627 4456 2957 4534 extollere,
3015 4462 3395 4537 tantamque
3435 4452 3538 4518 illi
3595 4459 4012 4517 autoritatem
4054 4468 4204 4549 con-

2272 4546 2513 4624 ciliare,
2556 4552 2634 4609 ut
2673 4563 2760 4609 ne
2803 4541 3056 4609 hiscere
3098 4540 3361 4625 quidem
3415 4537 3590 4606 ullus
3646 4534 3916 4603 auderet
3956 4532 4040 4599 ad
4080 4555 4205 4599 im-

2273 4629 2666 4716 pediendum
2730 4626 3061 4694 doctrinae
3136 4626 3344 4710 ipsius
3421 4642 3708 4705 cursum,
3786 4641 3914 4704 quo
3986 4619 4204 4719 minus

2273 4725 2608 4784 momento
2649 4715 2721 4780 in
2767 4722 2900 4780 toto
2941 4710 3098 4779 orbe
3130 4710 3390 4795 promul
3438 4717 3687 4776 aretur:
3733 4706 3848 4773 sed
3883 4713 4202 4805 rationem

2272 4824 2543 4890 prorsus
2584 4800 2978 4867 contrariam
3022 4799 3336 4883 sequitur.
3464 4817 3505 4861 a
3547 4793 3721 4858 enim
3764 4800 3865 4858 est
3887 4791 4203 4858 Christia-

2272 4908 2510 4956 norum
2546 4885 2849 4965 conditiO,
2884 4895 2963 4950 ut
2995 4905 3252 4968 semper
3285 4881 3488 4950 variis
3521 4880 3852 4963 agitentur
3885 4876 4203 4960 procellis,

2272 4984 2341 5042 et
2395 4993 2654 5058 semper
2710 4972 2998 5039 incertus
3054 4981 3122 5036 et
3176 4966 3414 5034 dubius
3469 4966 3557 5031 sit
3619 4965 3909 5047 ipserum
3976 4969 4203 5042 status,

2268 5061 2473 5127 immo
2515 5069 2585 5125 et
2626 5059 2937 5143 adspectu
2981 5055 3288 5122 horridus
3340 5072 3418 5118 ac
3467 5048 3904 5148 periculorum
3949 5047 4201 5131 plenus.

2269 5147 2440 5213 Nam
2484 5147 2539 5212 si
2585 5145 2781 5211 hodie
2821 5144 2988 5210 bono
3021 5142 3162 5208 leco
3195 5160 3301 5206 res
3333 5139 3626 5222 ipsorum
3661 5155 3803 5200 esse
3839 5134 4203 5213 videantur,

2269 5232 2582 5318 perendie
2628 5251 2886 5298 summa
2929 5247 3151 5294 rerum
3204 5223 3605 5308 perturbatio
3661 5222 3986 5305 sequitur:
4048 5220 4208 5288 adeo
