5059 6059
867 320 952 384 15
2498 312 2901 378 HOMILIA
2952 314 3206 381 XLVI.
4710 317 4765 378 16

870 517 1015 573 esto
1062 506 1288 573 Achab
1334 505 1461 584 ille,
1522 506 1632 587 qui
1676 503 1899 569 audito
1959 504 2195 569 nuncio
2239 503 2319 568 de
2360 502 2643 568 hostium
2689 501 2799 567 ad·

872 608 1079 659 ventu
1138 595 1367 657 timore
1423 600 1601 655 totus
1648 589 2041 673 percellitur,
2110 603 2174 654 et
2232 591 2441 653 instar
2499 588 2802 654 foliorum

869 682 943 744 in
991 678 1220 744 arbore
1263 677 1692 741 trementium
1736 677 2137 740 concutitur:
2201 696 2413 757 neque
2458 685 2675 738 tamen
2721 673 2802 738 ad

874 764 1093 829 Deum
1138 762 1590 828 auxiliatorem
1636 763 1946 845 confugit.
2035 761 2238 844 Atqui
2284 760 2506 825 fideles
2551 761 2631 823 de
2677 760 2803 824 Dei

873 850 1214 935 promissis
1255 851 1351 912 ita
1395 866 1737 930 persuasos
1783 858 2031 930 oportet
2078 868 2235 923 esse,
2279 858 2356 910 ut
2401 857 2611 911 metus
2654 866 2799 909 cum

871 957 990 1020 spe
1050 946 1272 1000 tamen
1332 947 1398 997 et
1461 933 1702 997 fiducia
1757 933 2210 1017 coniungatur.
2300 930 2801 997 Observandum

873 1023 1047 1086 enim
1094 1020 1264 1104 quod
1313 1021 1408 1083 ait
1448 1020 1670 1095 Isaiae,
1731 1020 1797 1082 in
1846 1018 2125 1097 silentio,
2187 1018 2254 1082 id
2299 1030 2396 1082 est
2441 1014 2696 1100 placide
2738 1030 2805 1080 et

871 1106 1228 1190 tranquille
1300 1103 1772 1187 expectandum
1844 1103 2143 1168 divinum
2209 1104 2550 1182 auxilium,
2631 1101 2800 1185 quod

871 1193 955 1258 iis
999 1190 1358 1257 rationibus
1402 1210 1564 1273 quas
1607 1189 2161 1254 commodissimas
2218 1210 2358 1253 esse
2401 1188 2801 1263 iudicaverit,

871 1279 1072 1343 faciet
1129 1275 1389 1341 tandem
1448 1285 1522 1339 ut
1580 1277 1954 1340 sentiamus.
2045 1274 2267 1356 Quare
2325 1275 2484 1339 satis
2529 1284 2800 1356 apparet

869 1386 958 1430 ex
1019 1364 1164 1428 istis
1208 1361 1428 1428 Saulis
1483 1374 1840 1444 peccatum,
1900 1360 2072 1443 quod
2119 1371 2336 1425 tamen
2383 1363 2449 1424 in
2497 1378 2801 1442 praesen·

869 1451 971 1514 tia
1027 1449 1319 1534 pluribus
1386 1448 1682 1530 persequi
1751 1467 1881 1509 non
1953 1460 2163 1515 vacat:
2249 1446 2667 1528 quamobrem
2734 1445 2800 1508 in

877 1536 1001 1601 hoc
1057 1554 1261 1599 unum
1318 1534 1607 1598 animum
1668 1542 1964 1597 nostrum
2023 1533 2441 1616 applicemus,
2499 1545 2573 1596 ut
2631 1531 2799 1593 veri·

875 1622 998 1687 tati
1041 1620 1171 1685 Dei
1229 1619 1441 1684 locum
1501 1618 1747 1694 demus,
1810 1627 1885 1682 ut
1927 1617 2035 1682 ille
2094 1640 2279 1682 suum
2328 1638 2490 1700 opus
2536 1617 2615 1681 iis
2658 1635 2804 1698 graf

873 1707 1070 1772 dibus
1128 1720 1192 1769 et
1237 1704 1598 1769 rationibus
1643 1717 2044 1785 promoveat,
2101 1724 2259 1785 quas
2305 1704 2426 1786 ipsi
2471 1701 2800 1766 videbitur

875 1791 1186 1858 adhibere
1246 1791 1483 1855 bonum
1531 1804 1596 1852 et
1650 1791 2122 1854 necessarium:
2183 1809 2391 1870 neque
2435 1803 2658 1853 nostra
2701 1788 2799 1850 in-

873 1877 1311 1959 temperantia
1375 1887 1443 1940 et
1501 1874 1973 1951 incredulitate,
2053 1875 2237 1940 nobis
2316 1876 2542 1938 innato
2620 1873 2798 1948 vitio,

867 1983 1038 2046 opus
1103 1962 1308 2043 ipsius
1373 1961 1889 2042 praecipitemus.
2000 1959 2133 2027 Sed
2201 1960 2521 2024 discamus
2588 1957 2800 2041 potius

872 2048 1069 2115 fidem
1113 2048 1182 2111 in
1226 2048 1368 2128 ipso
1413 2055 1703 2111 nostram
1746 2047 1837 2108 ita
1879 2045 2213 2122 collocare,
2258 2067 2342 2110 ne
2387 2064 2671 2127 unquam
2718 2042 2800 2107 ab

875 2137 1019 2218 ipso
1078 2133 1476 2209 recedamus,
1547 2141 1612 2193 et
1671 2130 1822 2194 hinc
1883 2130 2032 2196 inde
2093 2132 2479 2196 fluctuantes
2540 2130 2797 2195 vacille-

875 2241 1041 2293 mus,
1109 2217 1221 2282 sed
1288 2217 1386 2281 illi
1453 2215 1573 2281 soli
1641 2216 2153 2297 acquiescamus:
2244 2221 2457 2300 Atque
2522 2214 2680 2280 adeo
2746 2216 2798 2279 si

870 2306 1116 2371 morari
1180 2301 1531 2379 videbitur,
1600 2323 1725 2365 non
1787 2302 2030 2365 frustra
2087 2301 2153 2366 id
2210 2303 2353 2366 fieri
2422 2321 2797 2383 persuasum

874 2392 1254 2463 habeamus,
1317 2400 1508 2470 atque
1551 2388 1622 2451 in
1665 2387 1870 2468 ipsius
1915 2388 2388 2470 providentiam
2436 2398 2799 2470 temporum

874 2488 946 2542 et
988 2477 1543 2558 opportunitatum
1591 2472 2215 2538 administrationem
2264 2473 2658 2541 reiiciamus:
2703 2483 2800 2535 at·

878 2583 1007 2645 que
1064 2560 1327 2624 interim
1383 2560 1662 2624 sciamus
1723 2559 1907 2623 illum
1953 2560 2047 2624 sic
2092 2557 2172 2623 de
2215 2560 2401 2624 nobis
2444 2559 2583 2624 fore
2626 2557 2799 2623 solli·

877 2649 1102 2725 citum,
1168 2654 1246 2709 ut
1313 2664 1637 2727 nunquam
1702 2645 1903 2727 ipsius
1969 2645 2286 2711 auxilium
2351 2665 2490 2723 nos,
2572 2664 2655 2707 ne
2718 2641 2801 2706 ad

880 2742 1283 2796 momentum
1329 2728 1608 2812 quidem,
1666 2751 1876 2814 neque
1919 2731 2054 2795 ulla
2098 2732 2166 2794 in
2225 2752 2298 2795 re
2342 2730 2620 2806 deficiat,
2678 2730 2800 2793 etsi

883 2827 1144 2900 praeter
1198 2836 1459 2880 omnem
1525 2825 1814 2881 nostram
1881 2837 2062 2900 spem
2130 2826 2197 2880 et
2258 2817 2802 2898 exspectationem

877 2904 947 2969 id
1006 2903 1146 2966 fiat.·
1226 2902 1396 2966 Nam
1454 2902 1665 2966 facere
1722 2922 1973 2966 moram
2030 2902 2213 2967 nobis
2270 2901 2546 2978 videtur,
2605 2919 2805 2984 quum

880 2987 1183 3074 precibus
1250 2987 1487 3052 nostris
1549 2986 2009 3071 interpellatus
2074 3008 2203 3051 non
2272 2988 2482 3069 primo
2549 3006 2803 3068 quoque

880 3086 1171 3158 tempore
1223 3072 1601 3155 respondet:
1661 3084 1727 3137 et
1785 3072 2054 3155 proinde
2109 3073 2348 3137 iustam
2408 3072 2649 3138 habere
2692 3091 2808 3135 nos

879 3158 1322 3244 conquerendi
1364 3159 1766 3225 occasionem
1812 3159 1995 3223 nobis
2033 3159 2511 3242 persuademus.
2558 3156 2804 3222 Verum

881 3245 975 3311 ita
1039 3245 1190 3310 fidei
1258 3256 1517 3308 nostrae
1585 3245 1827 3307 virtute
1891 3244 2269 3309 certandum
2335 3254 2451 3326 est,
2518 3254 2594 3307 ut
2657 3243 2809 3307 licet

883 3332 999 3396 diu
1045 3331 1449 3412 multumque
1495 3330 1714 3392 Deum
1758 3331 2372 3411 exspectaverimus,
2427 3342 2646 3394 tamen
2694 3327 2804 3391 ad·

884 3417 1177 3482 futurum
1223 3427 1592 3498 opportuno
1634 3424 1924 3497 tempore
1968 3416 2269 3495 sciamus,
2314 3425 2380 3478 et
2423 3415 2805 3481 effecturum

886 3514 960 3568 ut
1013 3500 1552 3586 promissionibus
1610 3501 1814 3582 ipsius
1874 3501 2183 3565 fruamur.
2274 3499 2597 3583 Deinceps
2658 3518 2808 3563 vero

886 3590 1085 3652 latam
1129 3586 1444 3652 adversus
1491 3583 1756 3650 Saulem
1802 3586 2191 3651 sententiam
2237 3588 2518 3650 audituri
2564 3605 2809 3664 sumus,

885 3693 1050 3755 quae
1115 3672 1302 3737 nobis
1382 3672 1834 3736 instructionis
1902 3673 2039 3737 loco
2116 3692 2258 3736 esse
2324 3672 2529 3737 debet:
2638 3671 2807 3735 Nam

886 3778 1341 3841 quamcunque
1398 3756 1661 3821 tandem
1720 3759 2208 3823 excusationem
2247 3757 2416 3823 facto
2460 3779 2575 3822 suo
2622 3777 2806 3839 prae·

886 3843 1190 3919 texuerit,
1237 3863 1440 3926 regno
1489 3858 1704 3908 tamen
1749 3844 2036 3908 deiectus
2093 3856 2226 3907 est:
2286 3844 2453 3925 quod
2501 3844 2807 3907 nimirum

885 3928 1029 3992 Deo
1087 3948 1229 3992 sese
1288 3950 1418 3991 non
1477 3929 1905 4007 submisisset,
1969 3950 2176 4012 neque
2238 3929 2547 3993 bonorem
2594 3929 2654 3992 ei
2702 3929 2809 3993 de·

888 4014 1096 4077 bitum
1161 4012 1572 4079 reddidisset:
1654 4015 1768 4079 sed
1832 4016 2028 4079 stulte
2094 4027 2160 4078 et
2224 4016 2569 4080 temerarie
2637 4015 2812 4079 holo-

884 4113 1182 4165 caustum
1238 4099 1470 4163 offerre
1530 4120 1612 4163 ex
1672 4101 2081 4183 impatientia
2134 4111 2286 4165 ante
2331 4101 2655 4166 Samuelis
2699 4101 2809 4164 ad-

886 4196 1179 4263 ventum,
1224 4187 1345 4249 etsi
1391 4187 1557 4249 bona
1602 4186 1962 4250 intentione
2006 4187 2338 4268 coepisset,
2384 4200 2574 4269 atque
2610 4186 2815 4249 homi—

888 4270 1081 4336 nibus
1143 4282 1400 4353 gratum
1461 4271 1620 4334 illud
1679 4286 2140 4356 acceptumque
2184 4274 2429 4355 fuisset,
2489 4273 2669 4337 Deus
2719 4286 2810 4335 ta·

887 4379 1056 4435 men,
1105 4367 1180 4420 ut
1221 4356 1395 4420 infra
1441 4358 1642 4422 visuri
1688 4379 1930 4433 sumus,
1976 4379 2122 4421 eum
2172 4359 2408 4431 docuit,
2457 4359 2578 4422 sibi
2628 4360 2814 4443 longe

886 4464 1027 4508 esse
1072 4443 1498 4525 acceptiorem
1546 4441 1973 4508 obedientiam
2020 4464 2213 4526 quam
2257 4445 2664 4511 sacrificium.

1058 4527 1204 4593 Iam
1251 4540 1551 4613 superest
1594 4532 1696 4591 etc.

1431 4872 1914 4955 HOMILIA
1969 4872 2269 4953 XLVI.

1065 5044 1122 5109 8.
1173 5043 1264 5107 Et
1324 5043 1697 5124 exspectavit
1738 5049 1966 5124 septem
2008 5042 2240 5121 diebus,
2298 5044 2479 5108 iuxta
2509 5046 2819 5125 placitum

897 5128 1228 5209 Samuelis,
1289 5136 1346 5194 et
1386 5148 1511 5195 non
1552 5130 1717 5193 venit
1764 5129 2016 5193 Samuel
2060 5129 2125 5192 in
2174 5129 2465 5212 Galqaza
2507 5132 2819 5215 dilapsus-

889 5234 1007 5296 que
1069 5220 1157 5281 est
1208 5216 1488 5298 populas
1553 5213 1630 5279 ab
1692 5235 1775 5280 eo,
1863 5214 1923 5280 9.
1981 5214 2099 5278 Ait
2161 5234 2301 5298 erqo
2367 5213 2543 5292 Saul,
2607 5221 2818 5300 afferte

2907 502 3066 567 mihi
3129 503 3540 568 holocaustum
3597 506 3989 588 etpacifioa:
4046 510 4104 569 et
4142 504 4359 570 obtulit
4398 503 4772 569 holocama.

2912 588 3010 653 10.
3076 589 3396 671 Quamque
3451 591 3799 671 complesset
3849 593 4110 673 offerens
4177 590 4617 664 holocaustum,
4680 610 4773 656 oeoe

2910 673 3167 740 Samuel
3223 674 3517 754 veniebat,
3573 682 3630 741 et
3682 697 3965 761 eqressus
4009 682 4098 741 est
4139 675 4297 741 Saul
4340 675 4578 739 obviam
4615 677 4680 754 ei,
4728 684 4775 739 id

2902 760 3206 824 salutaret
3247 780 3401 826 eam.
3492 762 3590 827 11.
3631 763 4071 844 ιοςιααΐαεᾳαε
4111 767 4200 826 est
4239 762 4324 825 ad
4365 782 4504 826 eum
4550 760 4776 826 Semel:

2910 846 3077 926 Quid
3129 845 3373 927 fecisti?
3456 847 3799 929 Respondit
3844 847 4036 911 Saul:
4104 848 4267 929 Quia
4324 848 4461 910 vidi
4515 847 4661 928 quod
4700 869 4780 929 po-

2893 932 3093 1012 pulus
3134 931 3509 996 dilaberetur
3552 954 3595 997 a
3627 954 3739 1010 me,
3782 940 3841 998 et
3882 939 3950 996 tu
3991 953 4119 997 non
4163 952 4421 998 venerem
4464 934 4639 996 iuxta
4672 952 4777 996 con-

2903 1018 3148 1081 stitutos
3198 1017 3351 1099 dies,
3401 1039 3598 1099 porro
3656 1018 4009 1084 Philistiim
4057 1020 4402 1101 conyreyati
4453 1019 4690 1099 fueram
4731 1020 4780 1082 in

2906 1101 3256 1181 Machmas,
3338 1103 3438 1168 12.
3484 1103 3653 1170 Diaei
3664 1130 3683 1168 .·
3730 1105 3919 1170 Nunc
3960 1105 4315 1169 descendent
4358 1102 4689 1167 Philistiim
4722 1105 4781 1169 nd

2904 1208 2998 1253 me
3040 1190 3107 1250 in
3157 1186 3449 1273 Galyala,
3511 1195 3569 1253 et
3605 1190 3834 1273 faeiem
3874 1190 4141 1255 Domini
4182 1209 4307 1254 non
4337 1188 4612 1271 placavi.
4691 1188 4781 1252 Ne·

2904 1275 3179 1339 cessitate
3237 1275 3587 1356 compulsus
3646 1276 3834 1341 obtuli
3878 1276 4291 1342 holocaustam
4340 1275 4628 1339 Domino.
4708 1274 4780 1338 13.

2903 1360 3208 1440 Dixitque
3252 1359 3508 1424 Samuel
3550 1363 3635 1427 ad
3683 1362 3871 1427 Saul.-
3919 1363 4114 1427 Stulte
4154 1363 4351 1446 eyisti‚
4386 1360 4784 1424 maesto&

2903 1445 3203 1510 mandata
3247 1444 3511 1510 Domini
3553 1446 3679 1512 Dei
3719 1449 3834 1527 tui,
3873 1467 4035 1530 quae
4064 1449 4389 1529 praecepit
4424 1447 4569 1510 tibi.
4655 1447 4789 1525 Quod

2903 1531 2965 1595 si
3004 1550 3127 1595 non
3164 1532 3436 1612 fecisses,
3481 1533 3612 1596 iam
3658 1552 3825 1598 nunc
3849 1538 4291 1614 praeparasset
4333 1532 4649 1597 Dominus
4682 1550 4785 1611 rey-

2903 1637 3055 1679 num
3131 1622 3303 1679 tuum
3358 1637 3551 1698 super
3607 1615 3815 1683 Israel
3870 1621 3940 1682 in
3997 1621 4455 1698 sempiternum.
4550 1616 4646 1681 14.
4702 1616 4790 1680 Soa

2900 1704 4035 1854 ἲθὲωαῗὲἔεαωεῶὀῳυῖπωιᾚαυξονβ
4050 1703 4791 1868 szotrvfflwgpraeoepitv:

2904 1872 3238 1952 Dominus,
3282 1879 3353 1937 at
3395 1879 3551 1939 esset
3591 1875 3725 1939 dux
3766 1896 3957 1955 super
3980 1875 4284 1955 populum
4316 1894 4532 1951 suum,
4575 1894 4641 1938 eo
4668 1871 4791 1954 quod

2899 1977 3021 2022 uon
3062 1961 3409 2023 servaveris
3451 1980 3610 2041 quae
3641 1963 3959 2043 praecepit
3999 1960 4335 2027 Dominus.

3073 2128 3402 2195 Hesterna
3488 2132 3798 2197 concione
3879 2130 4238 2211 didicimus,
4324 2152 4565 2195 verum
4645 2149 4792 2193 usum

2902 2226 3166 2279 nostrae
3210 2216 3358 2280 fidei
3408 2216 3691 2298 positum
3740 2219 3806 2280 in
3856 2238 3932 2281 eo
3978 2238 4136 2293 esse,
4182 2230 4257 2281 ut
4299 2216 4476 2299 quod
4516 2216 4792 2280 auxilium

2903 2302 3088 2365 nobis
3145 2301 3331 2366 Deus
3377 2304 3691 2385 promisit,
3750 2304 4067 2385 patienter
4110 2314 4586 2385 exspectemus.
4670 2301 4793 2364 Cer·

2904 2396 3046 2450 tum
3105 2389 3278 2450 enim
3339 2400 3437 2451 est
3494 2388 3706 2451 Deum
3751 2408 3870 2471 pro
3915 2409 4030 2453 sua
4076 2402 4259 2471 parte
4304 2401 4672 2471 temporum
4711 2406 4793 2467 op-

2906 2473 3375 2555 portunitatem
3435 2475 3500 2536 in
3565 2492 3759 2538 manu
3823 2474 4187 2558 habentem,
4246 2495 4582 2556 nunquam
4628 2472 4793 2547 nobis,

2908 2578 2991 2622 ne
3051 2570 3377 2622 momento
3429 2559 3720 2639 quidem,
3782 2559 4175 2625 defuturum.
4265 2558 4399 2626 Sed
4464 2560 4669 2623 nostri
4723 2578 4795 2621 re·

2908 2654 3133 2725 spectu
3177 2653 3362 2707 tanta
3405 2660 3504 2708 est
3547 2645 3979 2727 impatientia,
4039 2660 4113 2710 ut
4158 2647 4284 2709 nisi
4328 2667 4463 2728 quo
4512 2656 4794 2709 momento

2911 2729 3211 2793 volumus
3254 2741 3565 2806 accurrat,
3614 2752 3716 2796 res
3756 2742 4013 2795 nostrae
4059 2732 4432 2814 deploratae
4468 2730 4795 2796 videantur.

2910 2814 3349 2897 Quamobrem
3397 2815 3663 2880 affectus
3708 2830 3961 2881 nostros
3996 2817 4281 2893 retineri,
4326 2817 4520 2882 velut
4558 2816 4796 2889 habenis,

2910 2911 3186 2981 oportet,
3235 2910 3307 2964 ut
3350 2901 3471 2983 ipsi
3520 2920 3634 2983 pro
3679 2903 4015 2968 voluntate
4060 2903 4375 2985 operandi
4419 2903 4699 2986 spatium
4734 2918 4795 2963 re-

2910 2986 3299 3068 linquamus,
3368 2987 3905 3068 quemadmodum
3965 2990 4149 3053 nobis
4207 2989 4366 3052 utile
4427 3010 4579 3054 esse
4622 2998 4684 3050 et
4718 3006 4798 3049 ex·

2912 3072 3135 3155 pedire
3194 3073 3520 3155 cognovit,
3579 3093 3662 3136 ne
3720 3084 3941 3137 nostro
4002 3073 4255 3138 fervore
4311 3086 4377 3138 et
4435 3072 4800 3156 impatientia

2910 3159 3122 3239 ipsum
3197 3169 3703 3238 praevertamus.
3790 3159 3890 3223 Ac
3956 3160 4227 3242 proinde
4287 3172 4364 3224 nt
4422 3161 4573 3224 heri
4630 3157 4797 3223 docui·

2911 3264 3077 3321 mus,
3139 3240 3297 3308 Saul
3358 3245 3615 3327 insigne
3672 3244 3856 3309 nobis
3898 3245 4088 3310 istius
4134 3248 4225 3309 rei
4271 3247 4651 3328 exemplum
4692 3263 4798 3326 pro·

2912 3330 3202 3411 ponitur:
3250 3348 3403 3392 nam
3447 3331 3656 3411 prima
3701 3330 3959 3412 quidem
4006 3333 4219 3395 fronte
4267 3332 4613 3396 videretur
4654 3348 4800 3394 excu-

2910 3412 3173 3492 sandus,
3219 3414 3390 3496 quod
3435 3413 3517 3478 ad
3552 3418 3897 3505 septimum
3939 3438 4139 3499 usque
4176 3417 4344 3480 diem
4386 3428 4799 3499 exspectasset,

2909 3512 2975 3563 et
3053 3501 3518 3581 praescriptum
3589 3520 3627 3564 a
3690 3501 4005 3585 propheta
4068 3514 4323 3585 tenipus
4390 3503 4530 3567 iam
4598 3512 4798 3584 praeto-

2911 3586 3153 3650 riisset:
3214 3605 3289 3649 ac
3347 3585 3616 3667 proinde
3678 3589 4058 3655 sacrificium
4106 3588 4428 3653 offerendi
4477 3588 4799 3653 libertatem

2913 3669 3199 3735 haberet.
3289 3670 3542 3736 Deinde
3608 3684 3670 3736 et
3740 3676 4123 3738 necessitate
4189 3673 4475 3757 quadam
4534 3672 4800 3738 adductus

2913 3756 3192 3832 videtur,
3237 3779 3364 3820 non
3405 3770 3581 3821 motu
3628 3761 3906 3840 proprio,
3954 3781 4160 3842 neque
4206 3760 4591 3835 ambitione,
4634 3776 4801 3837 neque

2911 3844 2978 3906 in
3036 3843 3252 3907 cultus
3297 3842 3424 3907 Dei
3471 3843 3821 3909 ludibrium
3867 3859 3934 3909 et
3977 3860 4451 3927 contemptum:
4515 3845 4629 3910 sed
4671 3838 4801 3926 quod

2914 3929 3190 4010 populus
3233 3949 3272 3992 a
3313 3950 3382 3992 se
3426 3928 3819 3993 dilaberetur
3864 3945 3928 3994 et
3963 3931 4413 4014 dissiparetur,
4460 3953 4541 3996 ac
4574 3926 4800 4013 proinde

2914 4015 3087 4079 solus
3145 4035 3184 4078 a
3228 4017 3362 4079 suis
3406 4015 3914 4097 relinqueretur:
3959 4017 4378 4098 quamobrem
4427 4036 4635 4100 quum
4678 4010 4797 4077 nihil

2914 4102 3037 4166 sibi
3081 4101 3404 4182 reliquum
3441 4101 3519 4164 ad
3559 4102 3831 4166 salutem
3871 4103 4315 4177 arbitraretur,
4353 4101 4437 4167 ad
4476 4114 4797 4167 extremum

2913 4184 3087 4252 istud
3134 4187 3387 4269 asylum
3425 4190 3733 4271 confugit.
3824 4189 4020 4271 Atqui
4058 4188 4325 4254 Samuel
4364 4210 4520 4252 eum
4558 4186 4797 4270 graviter

2914 4272 2994 4336 ob
3039 4276 3278 4337 factum
3313 4273 3489 4337 istud
3526 4276 3834 4356 increpat,
3882 4288 3949 4337 et
3985 4276 4091 4354 ait,
4134 4275 4332 4338 stulte
4369 4275 4563 4339 illum
4600 4272 4797 4341 facim,

2917 4359 3117 4421 immo
3169 4359 3471 4423 insanum
3528 4369 3591 4423 et
3652 4371 3976 4424 amentem
4037 4361 4253 4425 fuisse.
4344 4361 4446 4424 Ea
4510 4374 4613 4424 est
4665 4355 4795 4421 enim

2918 4444 3096 4508 vocis
3175 4442 3352 4507 illius
3432 4446 3544 4510 vis.
3636 4444 3900 4511 Samuel
3967 4446 4222 4528 quidem
4292 4464 4452 4509 sane
4521 4442 4796 4509 maturius

2919 4531 3142 4595 venire
3189 4540 3474 4612 poterat:
3522 4530 3631 4595 sed
3679 4552 3862 4595 mora
3904 4532 4016 4595 illa
4056 4529 4241 4595 Deus
4278 4530 4511 4596 Saulis
4547 4530 4795 4595 obedien·

2920 4617 3076 4679 tiam
3136 4615 3474 4697 explorare
3535 4616 3805 4694 volebat,
3860 4617 4274 4699 eiusdemque
4334 4616 4418 4679 ad
4475 4629 4794 4681 extremum

2917 4702 3485 4784 perseverantiam.
3574 4702 3741 4768 Nam
3778 4704 3918 4768 sine
3953 4706 4437 4784 perseverantia
4492 4699 4795 4787 praeterit·

2918 4787 3136 4851 omnia
3212 4808 3375 4850 vana
3441 4805 3507 4851 et
3570 4788 3845 4854 inutilia.
3936 4788 4119 4853 Deus
4180 4790 4403 4871 itaque
4469 4783 4792 4854 Samuelem

2917 4874 3199 4955 aliquam
3269 4894 3514 4937 moram
3584 4875 3840 4940 trahere
3906 4876 4133 4947 voluit,
4208 4887 4279 4938 ut
4342 4874 4703 4956 exploraret
4736 4890 4793 4931 nn

2918 4959 3078 5024 Saul
3116 4969 3491 5025 constanter
3536 4981 3604 5024 se
3640 4962 3705 5024 in
3744 4963 4044 5026 maximis
4080 4960 4385 5043 periculis
4420 4970 4490 5024 et
4525 4954 4793 5040 angustia

2918 5057 2985 5109 et
3031 5046 3494 5110 tentationibus
3539 5058 3809 5129 gereret.
3900 5047 4067 5112 Nam
4115 5067 4269 5111 sane
4304 5045 4492 5110 facile
4530 5058 4627 5110 est
4658 5058 4793 5107 uten-

2919 5132 3090 5197 tibus
3150 5133 3472 5214 prosperis
3529 5146 3594 5196 et
3653 5132 3949 5197 secundis
4008 5133 4199 5197 rebus
4254 5131 4400 5196 Deo
4441 5131 4705 5205 obedire,
4749 5134 4791 5186 ό

2919 5217 3099 5282 nulla
3143 5240 3211 5281 re
3250 5217 3331 5282 ad
3378 5220 3774 5283 contrarium
3822 5217 4204 5301 sollicitatis,
4247 5239 4446 5300 quare
4490 5239 4619 5282 non
4652 5231 4791 5293 mag-
