5059 6059
298 337 412 403 41⁷

297 525 370 596 de
428 545 612 593 servo
677 524 764 590 sit
838 524 1289 610 dispositurus.
1401 526 1590 594 Licet
1654 527 1864 612 igitur
1922 527 2226 594 sensibus

295 612 568 679 externis
593 610 913 676 rationem
940 632 1070 676 non
1112 612 1430 696 percipiat
1471 612 1911 681 liberationis:
1957 614 2227 680 firmum

294 710 495 765 tamen
542 697 665 763 hoc
709 698 948 762 retinet
990 697 1490 764 fundamentum
1517 700 1730 765 Deum
1777 721 1893 766 suo
1937 712 2227 784 tempore

294 804 550 851 manum
594 802 783 848 suam
840 796 1292 864 exsarturum,
1354 786 1540 851 cuius
1602 785 2014 868 providentia
2067 785 2230 851 haec

294 870 497 938 omnia
540 867 1120 935 administrantur:
1182 891 1257 936 ac
1300 870 1453 937 lieet
1497 872 1742 936 multae
1790 870 2227 938 revolutiones

292 967 351 1023 et
392 966 806 1038 tempestates
852 956 980 1021 Dei
1024 956 1355 1022 decretum
1401 958 1718 1023 remorari
1756 957 2122 1034 videantur,
2159 968 2227 1023 et

294 1051 465 1108 tanta
503 1061 726 1106 rerum
770 1042 1067 1106 omnium
1110 1063 1253 1108 esse
1276 1042 1568 1108 confusio
1613 1053 1688 1109 ut
1709 1044 1967 1109 coelum
2014 1057 2228 1110 terrae

291 1127 538 1194 misceri
564 1126 916 1205 videretur,
964 1137 1180 1192 tamen
1203 1126 1425 1193 David
1460 1130 1582 1196 hoo
1617 1130 1939 1213 principio
1973 1148 2228 1214 semper

290 1214 512 1280 nititur
568 1212 782 1278 Deum
835 1212 1154 1294 facturum
1206 1224 1274 1279 et
1342 1236 1472 1280 non
1531 1224 1787 1281 tantum
1843 1216 1914 1280 in
1987 1234 2228 1299 genere

290 1299 435 1366 dicit
484 1299 812 1380 facturum
867 1298 983 1364 sed
1038 1300 1428 1366 nominatim
1484 1301 1703 1385 inquit
1754 1301 1829 1367 de
1870 1321 1986 1378 mc,
2040 1300 2228 1385 quasi

289 1385 598 1450 fateretur
640 1406 712 1450 se
756 1383 1021 1467 quidem
1069 1386 1382 1452 miserum
1427 1398 1498 1452 et
1537 1387 1860 1454 abiectum
1896 1387 1965 1452 in
2010 1385 2226 1471 specie

288 1471 507 1547 videri,
574 1469 691 1536 sed
758 1490 892 1535 non
959 1470 1257 1536 dubitare
1336 1482 1557 1537 tamen
1639 1474 1793 1556 quin
1863 1474 2045 1539 Deus
2121 1472 2228 1539 sui

286 1558 699 1623 misereatur:
758 1566 826 1621 et
883 1556 1409 1641 quandoquidem
1477 1580 1611 1624 non
1677 1568 1937 1624 tantum
1995 1559 2085 1625 sit
2142 1557 2225 1624 ab

281 1643 418 1726 ipso
462 1653 728 1710 creatus
772 1641 889 1707 sed
928 1643 1123 1708 etiam
1172 1666 1291 1709 rex
1347 1645 1571 1727 populi
1630 1643 2030 1728 designatus,
2091 1664 2224 1710 non

280 1729 410 1794 fore
476 1728 608 1794 Dei
672 1728 950 1794 verbum
1016 1728 1214 1795 inane
1279 1751 1490 1814 neque
1570 1730 1875 1797 mendax.
1975 1731 2085 1796 En
2151 1739 2229 1795 ut

283 1813 494 1879 David
536 1835 672 1879 non
718 1824 978 1879 tantum
1023 1816 1258 1880 nititur
1311 1815 1603 1900 generali
1662 1817 1777 1881 illa
1825 1815 1948 1882 Dei
2007 1816 2224 1899 provi-

281 1899 514 1979 dentia,
561 1898 679 1966 sed
722 1899 1052 1984 singulari
1093 1901 1302 1984 ipsius
1346 1902 1801 1984 promissione,
1861 1921 2060 1985 quam
2101 1900 2227 1967 sibi

279 1987 368 2053 sic
411 1986 706 2070 applicat
751 1994 824 2051 ut
867 2007 1001 2051 non
1045 1986 1304 2053 dubitet
1345 1988 1510 2070 quin
1553 1989 1656 2054 sui
1687 1987 1875 2054 Deus
1917 1989 2227 2053 miserea-

276 2080 380 2138 tur
416 2086 484 2137 et
525 2071 702 2156 quod
726 2072 1113 2155 promiserat
1156 2094 1277 2139 suo
1301 2083 1593 2157 tempore
1627 2075 1895 2141 tandem
1938 2073 2227 2158 immeat.

437 2156 764 2241 Sequitur
822 2155 1129 2241 deinceps
1179 2158 1555 2243 prophdam
1617 2158 1788 2226 Goth
1841 2160 2086 2226 venisse
2142 2159 2230 2226 ad

275 2243 613 2327 Davidem,
659 2248 716 2308 et
758 2244 1161 2311 admonuisse
1202 2266 1279 2311 ne
1319 2250 1597 2313 maneret
1629 2246 1701 2311 in
1723 2246 2075 2329 praesidio,
2119 2245 2230 2311 sed

269 2330 770 2413 proficisceretur
853 2331 924 2395 in
1003 2336 1238 2397 terram
1315 2332 1506 2399 Iuda.
1594 2332 1705 2397 En
1817 2331 2226 2399 ravissimam

273 2415 466 2482 aliam
528 2414 814 2482 Davidis
872 2417 1326 2483 tentationem:
1388 2439 1540 2483 nam
1599 2417 1726 2484 etsi
1837 2439 1956 2484 eus
1997 2419 2225 2502 singn-

271 2500 469 2568 larem
527 2501 616 2567 de
671 2503 814 2585 ipso
872 2522 1100 2568 curam
1144 2502 1385 2570 habere
1428 2525 1500 2569 se
1543 2511 1842 2584 testatur,
1896 2504 2096 2570 misso
2139 2502 2224 2570 ad

267 2587 478 2669 ipsum
546 2588 891 2671 propheta,
956 2590 1069 2672 qui
1129 2587 1293 2656 haec
1350 2589 1663 2656 mandata
1722 2589 1804 2655 ad
1847 2589 2065 2673 ipsum
2111 2587 2223 2655 de-

266 2673 497 2740 ferret:
557 2695 691 2756 quo
749 2674 991 2741 nuncio
1046 2674 1270 2741 David
1328 2678 1564 2742 certior
1607 2676 1819 2742 faetus
1861 2683 1962 2742 est
2002 2675 2222 2742 Deum

266 2780 398 2825 non
440 2780 596 2826 esse
638 2760 740 2825 sui
775 2761 1053 2826 oblitum
1086 2758 1329 2847 (neque
1365 2764 1541 2827 enim
1576 2761 1796 2828 David
1833 2761 2220 2845 prophetam

266 2844 446 2913 Gath
472 2846 629 2911 sine
671 2844 861 2912 iussu
888 2846 1153 2912 Domini
1195 2868 1268 2913 se
1311 2847 1395 2914 ad
1439 2849 1563 2914 hoe
1603 2847 1958 2933 ingessisse
1996 2848 2217 2913 existi-

269 2933 512 3014 mavit,
575 2931 694 2998 sed
761 2953 914 2997 eum
980 2943 1053 2998 ut
1116 2954 1348 3000 verum
1406 2934 1534 3000 Dei
1590 2954 1857 3001 servum
1925 2933 2217 3019 agnovit,

263 3017 535 3101 eiusque
587 3017 804 3084 verbis
848 3016 1045 3084 fidem
1080 3018 1415 3086 adhibuit:
1462 3028 1532 3085 et
1567 3031 1642 3085 ut
1675 3017 2046 3087 videbimus
2082 3029 2217 3086 sta-

263 3105 381 3169 tim
439 3102 973 3187 obtemperavit),
1047 3104 1479 3172 nihilominus
1522 3117 1744 3172 tamen
1787 3104 2048 3172 difficile
2091 3105 2218 3172 fuit

262 3189 509 3256 Davidi
572 3210 659 3255 ex
714 3188 831 3256 illa
872 3190 1185 3274 spelunca
1228 3190 1311 3256 ad
1355 3191 1625 3258 Domini
1668 3192 2057 3258 mandatum
2101 3211 2216 3257 ex·

258 3274 490 3343 cedere
552 3286 622 3341 et
674 3273 993 3342 Iudaeam
1038 3278 1285 3344 venire.
1373 3277 1544 3343 Nam
1587 3299 1790 3362 quum
1835 3277 2058 3344 David
2102 3298 2215 3361 pe-

258 3371 454 3444 petuo
518 3361 889 3448 agitaretur
949 3363 1148 3429 variis
1192 3363 1556 3443 timoribus,
1610 3374 1678 3430 et
1719 3366 1793 3429 in
1836 3363 2214 3447 speluncam

255 3459 575 3532 tanquam
620 3447 834 3514 solum
878 3449 1254 3534 perfugium
1300 3450 1698 3535 confugisset
1743 3450 1924 3516 velut
1967 3450 2050 3516 ab
2094 3449 2215 3515 ho-

252 3532 514 3600 minum
562 3534 890 3601 consortio
934 3536 1264 3614 exsulans,
1324 3537 1378 3601 si
1430 3535 1620 3602 Deus
1676 3557 1941 3603 servare
1994 3535 2214 3621 ipsum

254 3619 543 3697 volebat,
591 3639 712 3685 cur
753 3620 1064 3703 spelunca
1106 3620 1222 3686 illa
1262 3620 1485 3705 egredi
1528 3621 1815 3707 iubebat,
1859 3644 1991 3688 non
2029 3643 2214 3687 mon-

249 3714 460 3772 strata
549 3715 793 3771 'tamen
903 3706 1225 3774 evadendi
1316 3729 1401 3773 ex
1493 3707 1797 3792 periculis
1911 3706 2208 3774 ratione?

249 3789 504 3877 Egi-edi
548 3791 743 3857 illum
785 3789 964 3858 iubet
1007 3815 1093 3859 ex
1137 3792 1467 3877 spelunea,
1513 3793 1627 3860 sed
1670 3816 1759 3860 an
1801 3794 2018 3878 aliquo
2041 3803 2212 3860 tutat

249 3876 601 3944 exercitu?
684 3899 770 3942 an
836 3878 1160 3963 aliquibus
1226 3880 1571 3963 praesidiis
1633 3879 1822 3946 illum
1887 3879 2205 3946 instruit?

247 3964 529 4029 minime
576 3964 911 4048 gentium:
970 3964 1084 4030 sed
1129 3965 1629 4051 quadringentis
1673 3966 1801 4032 illis
1848 3964 1929 4032 de
1971 3964 2209 4051 quibus

248 4049 514 4133 egimus
572 4048 890 4132 stipatum
933 4052 1114 4118 iubet
1157 4051 1225 4117 in
1270 4050 1581 4118 Iudaeam
1627 4052 1966 4137 proficisci.
2055 4050 2207 4133 Quo

244 4154 456 4217 quum
520 4137 848 4214 venirent,
914 4137 1098 4203 velut
1157 4137 1227 4202 in
1285 4137 1556 4204 leonum
1611 4139 1831 4205 fauces
1891 4137 2208 4221 pauculae

242 4239 405 4288 oves
462 4221 866 4289 inciderunt.
957 4222 1130 4289 Nam
1170 4224 1328 4307 quid
1370 4223 1484 4289 ille
1528 4245 1679 4290 eum
1721 4225 1961 4308 exigua
2005 4245 2208 4290 manu

242 4314 310 4371 et
375 4305 645 4373 imbelli
699 4315 957 4390 poterat
1014 4308 1326 4376 adversus
1383 4309 1607 4376 Saulis
1652 4314 2027 4393 potentiam,
2095 4311 2207 4395 qui

240 4393 312 4457 in
358 4394 644 4477 regione
687 4394 1164 4474 dominabatur,
1209 4407 1276 4461 et
1319 4406 1453 4461 tam
1497 4398 1566 4461 in
1610 4395 1856 4462 Iudaea
1900 4418 2093 4479 quam
2135 4395 2207 4461 in

240 4480 488 4561 quavis
552 4478 682 4545 alia
738 4489 927 4564 parte
960 4479 1258 4566 ’regionis
1301 4482 1671 4566 opprimere
1715 4483 1851 4548 solo
1895 4482 2206 4548 mandato

239 4563 472 4648 ipsum
524 4566 829 4648 poterat?
918 4567 1140 4633 David
1184 4567 1450 4651 quidem
1487 4588 1644 4634 sane
1683 4568 2027 4634 videbatur
2064 4589 2208 4652 gra·

238 4652 408 4716 tiam
483 4651 777 4732 aliquam
841 4652 911 4716 in
980 4652 1226 4720 Iudaea
1290 4655 1360 4719 in
1422 4675 1547 4738 qua
1606 4666 1803 4721 natus
1848 4665 1987 4720 erat
2032 4653 2207 4737 apud

238 4737 499 4803 multos
548 4738 717 4803 inire
760 4759 982 4821 posse:
1051 4761 1280 4806 verum
1324 4751 1829 4824 conquerentem
1866 4740 2052 4806 illum
2088 4761 2203 4805 au·

238 4820 469 4889 dimus
518 4822 648 4888 alio
691 4823 849 4905 loeo,
899 4847 973 4890 se
1016 4824 1098 4889 ab
1142 4827 1447 4891 omnibus
1493 4825 1895 4903 derelictum,
1953 4837 2019 4893 et
2062 4827 2204 4911 qui-

237 4907 394 4974 dem
421 4931 465 4974 a
513 4911 836 4991 proximis
878 4932 918 4975 a
957 4911 1192 4994 quibus
1230 4912 1552 4977 auxilium
1589 4914 2025 4997 exspectabat,
2062 4914 2205 4979 sive

234 4995 649 5060 crudelitate
716 5007 781 5061 et
833 4997 1312 5063 inhumanitate
1369 5000 1450 5063 ab
1511 5000 1650 5066 eius
1707 5001 1951 5066 auxilio
1997 5000 2205 5066 deter-

233 5082 352 5145 riti
419 5082 585 5147 sint.
675 5082 858 5148 Deus
922 5084 1141 5166 itaque
1199 5083 1546 5150 videbatur
1589 5085 1920 5152 Davidem
1963 5107 2048 5151 ex
2090 5086 2207 5152 illa

231 5166 575 5249 spelunca
618 5168 923 5247 educens,
967 5173 1035 5234 in
1081 5190 1212 5253 qua
1256 5170 1458 5237 veluti
1499 5172 1796 5255 sepultus
1830 5171 2092 5252 latebat,
2141 5182 2205 5240 et

233 5253 307 5317 in
356 5261 677 5337 apertum
722 5253 978 5338 prodire
1023 5256 1255 5322 iubens
1301 5268 1370 5323 ut
1418 5258 1590 5324 vitae
1632 5258 1946 5340 consulat,
2002 5259 2205 5326 furori

466 5355 695 5413 calvini
718 5372 902 5426 opera.
951 5359 1076 5417 Vol.
1099 5359 1295 5421 XXX.

1564 336 1664 402 IN
1708 337 1761 404 Ι.
1810 335 1990 402 LIB.
2035 335 2439 408 SAMUEL.
2486 339 2685 408 CAP.
2731 341 2963 407 XXII.

4150 343 4281 410 418

2329 537 2401 595 et
2463 529 2841 597 crudelitati
2898 527 3121 596 Saulis
3177 527 3577 614 exposuisse.
3667 527 3858 611 Quae
3914 549 4073 598 sane
4130 552 4281 616 gra-

2331 614 2602 683 vissima
2634 617 2759 699 ipsi
2797 615 2921 680 fuit
2955 616 3254 681 tentatio.
3323 614 3802 681 Verumtamen
3840 636 3971 682 non
4007 616 4281 684 dubium

2329 711 2430 767 est
2492 703 2649 785 quin
2699 699 2921 767 David
2963 721 3272 785 magnam
3316 700 3824 767 consolationem
3868 723 3956 767 ex
3999 701 4280 786 prophe·

2329 796 2436 852 tae
2495 788 2711 855 verbis
2754 787 3095 870 acceperit,
3155 797 3223 852 et
3264 806 3660 871 magnopere
3703 787 3789 854 sit
3833 790 4279 869 confirm-itus,

2329 872 2482 939 licet
2525 873 2719 940 novis
2764 873 3072 957 periculis
3114 883 3576 956 exponeretur.

2499 961 2612 1025 Ex
2674 958 2797 1026 hoc
2858 959 3061 1043 igitur
3118 957 3262 1025 loco
3325 958 3693 1025 doctrinam
3750 957 4169 1026 utilissimam
4213 968 4280 1028 et

2333 1044 2520 1112 valde
2560 1046 2997 1112 necessariam
3042 1044 3445 1129 colligamus,
3491 1053 3561 1110 et
3601 1045 3671 1108 in
3706 1045 3936 1128 primis
3970 1047 4276 1113 o'oserve·

2329 1151 2479 1196 mus
2537 1132 2754 1197 Deum
2812 1151 2933 1195 nos
2991 1129 3191 1197 verbo
3235 1151 3356 1196 suo
3402 1129 3725 1196 solantem
3770 1150 3903 1195 non
3950 1153 4083 1197 uno
4136 1153 4279 1200 mo-

2329 1228 2554 1282 mento
2621 1237 2741 1282 nos
2802 1215 3106 1283 omnibus
3173 1214 3506 1282 doloribus
3570 1226 3639 1281 et
3703 1216 3975 1282 tristitia
4029 1218 4279 1301 levare,

2329 1323 2542 1386 neque
2586 1324 2703 1369 nos
2745 1301 2914 1370 velle
2958 1311 3093 1367 tam
3139 1300 3449 1368 delicatos
3485 1322 3629 1367 esse
3664 1313 3740 1367 ut
3773 1301 3960 1368 nulla
3995 1304 4281 1389 amplius

2328 1388 2757 1467 solicitudine,
2814 1387 2999 1454 nulla
3042 1386 3331 1467 tristitia,
3376 1386 3560 1453 nullo
3605 1397 3788 1454 metu
3830 1409 4274 1470 exerceamur,

2327 1473 2445 1540 sed
2502 1474 2652 1540 ideo
2709 1472 2911 1540 solari
2968 1473 3170 1539 verbo
3213 1493 3354 1552 suo,
3415 1483 3492 1538 ut
3532 1481 3786 1539 certum
3830 1475 4280 1542 testimonium

2327 1560 2687 1627 habeamus
2745 1561 2964 1645 ipsum
3022 1580 3164 1625 esse
3222 1559 3409 1626 nobis
3467 1568 3741 1642 patrem,
3799 1568 3867 1625 et
3909 1559 4282 1629 laborantes

2328 1647 2534 1713 oculis
2576 1646 2713 1712 suis
2757 1645 3101 1728 respicere.
3191 1643 3380 1727 Quae
3424 1644 3723 1711 doctrina
3764 1645 3822 1710 si
3859 1646 4102 1712 nostris
4137 1648 4279 1714 ani·

2328 1732 2453 1797 mis
2508 1730 2901 1810 adhaeserit,
2959 1730 3287 1797 sufficeret
3346 1729 3433 1796 ad
3491 1751 3720 1796 omnes
3775 1751 3965 1796 casus
4023 1733 4283 1800 fortiter

2327 1817 2651 1884 ferendos.
2743 1816 2866 1885 Sin
2911 1837 3067 1884 vero
3109 1837 3249 1881 non
3291 1817 3579 1883 sufficiat
3615 1816 4133 1890 inexcusabilem
4175 1820 4280 1884 in-

2450 1903 2801 1969 titudinem
2888 1913 3183 1976 nostram
3268 1902 3708 1969 ostendemus.
3834 1901 4280 1984 Quamobrem

2374 1990 2658 2056 iscamus
2727 1988 2859 2055 tale
2916 1988 3224 2056 solatium
3277 1987 3521 2055 nostris
3578 1986 3911 2054 doloribus
3966 2010 4280 2074 quaerere

2328 2085 2396 2142 et
2426 2075 2499 2140 in
2535 2095 2793 2142 summa
2828 2074 3099 2140 tristitia
3131 2073 3387 2156 laetari,
3432 2083 3508 2139 ut
3546 2095 3680 2140 non
3714 2082 4103 2158 appetamus
4143 2086 4278 2143 ter·

2328 2182 2560 2228 renam
2619 2161 2906 2246 aliquam
2964 2159 3456 2238 beatitudinem,
3515 2159 3586 2224 in
3644 2178 3773 2243 qua
3829 2161 4014 2228 nobis
4057 2162 4280 2229 omnia
4325 2181 4343 2198 ·

2328 2248 2605 2328 rideant,
2670 2246 2787 2312 sed
2851 2245 3142 2312 contenti
3197 2245 3405 2312 simus
3459 2245 3588 2312 Dei
3640 2244 3861 2327 verbo,
3938 2247 4111 2330 quod
4154 2269 4277 2316 nos

2326 2332 2509 2399 iubet
2544 2353 2828 2417 sperare,
2866 2332 3082 2398 Deum
3110 2332 3489 2399 invocantes
3513 2351 3846 2415 nunquam
3871 2332 4279 2416 deserendos,

2327 2419 2457 2485 Dei
2500 2418 2761 2486 oculum
2807 2438 3007 2501 super
3048 2417 3257 2484 iustos
3301 2437 3463 2483 esse.
3551 2415 3777 2499 Quare
3821 2438 4278 2502 quamcunque

2331 2503 2771 2571 conditionem
2834 2505 3017 2570 Deus
3075 2502 3347 2581 dederit,
3405 2523 3485 2569 ea
3525 2503 3817 2569 contenti
3860 2503 4086 2570 simus.
4177 2508 4278 2574 Ao

2327 2612 2485 2658 sane
2550 2590 2720 2675 quod
2785 2590 2858 2655 in
2924 2589 3128 2656 sacris
3193 2589 3517 2673 audimus,
3583 2609 3704 2655 nos
3760 2588 3829 2654 in
3888 2589 4020 2655 Dei
4063 2592 4279 2675 gratia

2325 2677 2569 2745 habere
2623 2674 2939 2761 quidquid
2995 2675 3214 2759 expeti
3269 2683 3501 2759 potest,
3562 2674 3927 2741 doctrinam
3985 2676 4278 2744 continet

2326 2784 2524 2847 quam
2568 2782 2688 2847 per
2730 2782 2995 2828 omnem
3040 2761 3246 2828 vitam
3292 2760 3596 2827 meditari
3640 2780 3763 2828 nos
3801 2770 4063 2846 oportet
4102 2773 4170 2828 et
4204 2764 4275 2830 in

2324 2870 2520 2915 usum
2587 2868 2914 2916 revocare.
2999 2847 3063 2913 N
3067 2866 3178 2913 am
3220 2866 3297 2912 ea
3338 2855 3440 2913 est
3484 2846 3831 2912 hominum
3874 2848 4276 2931 perversitas

2324 2944 2393 3001 et
2436 2934 2687 3001 malitia
2731 2941 2805 2999 ut
2846 2934 3056 3000 vitam
3101 2931 3525 3016 tranquillam
3560 2939 3628 2997 et
3661 2933 3968 3015 quietam,
4011 2933 4272 3018 laboris,

2322 3041 2807 3101 aerumnarum,
2865 3020 3264 3099 morborum,
3322 3028 3563 3098 aestus,
3622 3017 3886 3101 frigoris
3929 3029 4271 3102 expertem

2321 3114 2389 3173 et
2431 3107 2814 3187 immunem,
2858 3114 3191 3189 expetant,
3236 3112 3303 3170 et
3345 3103 3473 3187 ipsi
3508 3103 3651 3169 Deo
3686 3103 3898 3189 legem
3932 3104 4272 3187 imponere

2319 3193 2607 3277 cupiant.
2689 3192 2897 3277 Atqui
2931 3210 3052 3257 nos
3086 3190 3273 3257 Deus
3313 3188 3458 3258 vult
3494 3196 3664 3255 totos
3698 3209 3740 3254 a
3771 3210 3895 3254 sua
3930 3190 4271 3259 voluntate

2319 3278 2635 3363 pendere:
2698 3288 2768 3344 et
2831 3278 2926 3345 sic
2992 3277 3164 3344 affici
3229 3285 3302 3342 ut
3365 3276 3438 3341 in
3502 3272 3737 3341 mediis
3803 3273 4269 3345 afflictionibus

2316 3364 2607 3450 gaudere
2676 3386 2812 3430 non
2878 3362 3275 3430 desinamus.
3361 3360 3518 3428 Alia
3572 3368 3914 3445 praeterea
3970 3361 4270 3433 doctrina

2315 3472 2400 3517 ex
2467 3450 2590 3518 hoc
2654 3450 2793 3518 loeo
2861 3448 3172 3528 eruenda,
3236 3447 3457 3514 Deum
3521 3445 3979 3530 providentem
4023 3450 4269 3519 nostris

2315 3535 2831 3617 necessitatibus,
2889 3535 3043 3602 lieet
3102 3534 3429 3600 rationem
3474 3542 3787 3616 sequatur
3832 3534 4075 3600 nostris
4117 3558 4268 3604 sen·

2312 3623 2494 3689 sibus
2538 3623 2812 3688 minime
2854 3620 3353 3688 convenientem
3372 3670 3389 3698 ,
3435 3617 3602 3685 velle
3639 3628 3862 3685 tamen
3896 3627 3965 3686 et
3999 3641 4267 3704 poscere

2314 3731 2355 3774 a
2396 3708 2585 3777 nobis
2627 3717 2703 3790 ut
2747 3708 2890 3775 eius
2937 3708 3130 3774 unius
3177 3705 3508 3772 voluntati
3540 3706 4046 3788 acquiescamus,
4106 3710 4264 3792 quid

2314 3795 2502 3861 nobis
2538 3793 2867 3879 expediat,
2905 3793 3122 3859 novit:
3160 3812 3235 3857 ac
3268 3789 3539 3875 proinde
3573 3789 3992 3860 cohibeamus
4018 3794 4260 3877 oculos,

2311 3902 2395 3946 ne
2451 3882 2523 3945 in
2568 3901 2648 3947 ea
2688 3899 2855 3964 quae
2898 3898 3033 3945 non
3076 3885 3334 3963 oportet
3373 3877 3787 3957 intueamur,
3847 3878 3963 3945 sed
4007 3881 4262 3964 placide

2311 3987 2433 4034 nos
2476 3966 2620 4033 Deo
2664 3964 2985 4052 regendos
3030 3965 3505 4049 permittamus.
3594 3962 4048 4031 Confirmatur
4099 3967 4260 4035 haec

2312 4051 2613 4120 doctrina
2653 4051 2937 4120 Davidis
2981 4049 3301 4133 exemplo,
3361 4050 3551 4116 cuius
3595 4048 3967 4116 obedientia
4010 4067 4110 4118 est
4152 4055 4256 4119 in-

2309 4138 2536 4222 signis.
2625 4138 2799 4204 Nam
2843 4136 3081 4220 alioqui
3126 4135 3524 4219 blasphemis
3570 4136 3833 4204 vocibus
3877 4136 4096 4202 Deum
4163 4141 4258 4204 of·

2309 4223 2641 4307 tendisset,
2685 4225 2741 4291 si
2788 4224 3102 4289 adversus
3148 4221 3537 4307 prophetam
3582 4222 3845 4306 obloqui
3883 4229 3953 4287 et
3985 4233 4253 4290 conten-

2311 4309 2465 4376 dere
2508 4311 2848 4395 voluisset,
2898 4308 3069 4393 quod
3110 4308 3209 4373 illi
3254 4322 3472 4373 tamen
3519 4328 3751 4374 sensus
3795 4307 3960 4373 ratio
4005 4307 4253 4377 dictare

2310 4403 2585 4479 poterat.
2648 4396 2822 4462 Nam
2852 4396 3250 4478 excepisset:
3299 4393 3649 4476 Quomodo
3693 4415 3798 4459 me
3843 4392 4026 4460 Deus
4069 4396 4254 4463 iubet

2308 4482 2692 4566 speluncam
2736 4483 2931 4548 istam
2976 4480 3221 4565 egredi,
3266 4481 3337 4545 in
3381 4501 3509 4563 quo
3553 4480 3704 4544 licet
3747 4480 4034 4550 occultus
4070 4492 4135 4546 et
4169 4483 4250 4550 ab

2308 4568 2650 4634 hominum
2730 4567 3058 4634 consortio
3141 4566 3342 4634 veluti
3424 4565 3723 4631 revulsus
3787 4587 3919 4630 non
3986 4588 4249 4648 possum

2307 4663 2525 4719 tamen
2572 4653 2795 4720 Saulis
2838 4675 2995 4739 erga
3038 4675 3145 4719 me
3189 4653 3474 4718 furorem
3522 4660 3588 4715 et
3625 4649 4074 4716 crudelitatem
4113 4654 4249 4736 pla-

2305 4739 2498 4806 care?
2590 4739 2767 4822 Quid
2832 4760 2989 4826 ergo
3053 4760 3158 4805 me
3226 4738 3460 4803 misero
3516 4737 3808 4801 futurum
3869 4738 3921 4802 si
3980 4737 4132 4805 hinc
4174 4739 4249 4806 in

2305 4826 2612 4893 Iudaeam
2671 4826 3045 4909 proficiscar
3106 4825 3231 4890 nisi
3287 4821 3461 4905 quod
3520 4821 3726 4905 magis
3771 4844 3845 4889 ac
3892 4824 4099 4906 magis
4143 4826 4247 4891 fu·

2306 4933 2521 4977 rorem
2579 4913 2786 4996 ipsius
2829 4920 3058 4978 contra
3100 4931 3206 4975 me
3250 4906 3683 4985 inflammabo,
3743 4908 3926 4973 cuius
3970 4930 4248 4994 regnum

2304 4997 2620 5064 invadere
2700 4998 2868 5064 velle
2936 4994 3250 5062 videbor?
3342 4994 3402 5058 N
3405 5015 3491 5057 on
3556 4992 3734 5058 istud
3798 5015 3918 5079 ego
3983 5014 4245 5078 quaero,

2306 5093 2566 5168 tempus
2624 5083 2948 5167 patienter
3003 5092 3308 5164 exspecto
3365 5099 3491 5161 quo
3549 5100 3656 5144 me
3713 5079 3898 5145 Deus
3941 5080 4010 5146 in
4054 5085 4246 5168 regni

2305 5171 2780 5253 possessionem
2826 5170 3066 5244 mittat,
3110 5167 3240 5230 imo
3287 5174 3550 5249 paratus
3593 5185 3740 5230 sum
3783 5165 3926 5232 iure
3960 5188 4105 5234 meo
4140 5191 4246 5236 ee-

2308 5254 2480 5333 dere,
2545 5256 2625 5321 ad
2685 5255 2907 5320 ovium
2964 5274 3205 5338 pascua
3262 5251 3495 5317 redire.
3584 5250 3733 5316 Non
3793 5251 3997 5319 ducor
4041 5254 4250 5321 hono-
