5059 6059
789 337 917 405 527

2365 338 2777 406 HOMILIA
2819 336 3222 405 LXXXIX.
4608 345 4696 412 528

794 524 1175 596 vocabilem.
1276 527 1368 593 Et
1451 527 1658 610 ipsius
1734 528 1920 592 furor
1984 528 2182 594 etiam
2249 529 2480 614 augeri
2541 546 2728 614 posse
2832 533 2887 594 et
2929 528 3474 594 annunciaverunt
3514 528 3577 594 ei
3621 529 3829 594 omnio
3872 527 4065 594 verba
4102 548 4266 610 quae
4284 528 4521 594 dixerat
4534 531 4700 600 Naba.

796 611 1157 693 videbatur,
1200 632 1404 695 quum
1451 613 1766 698 populum
1813 612 2068 679 videret
2110 614 2438 681 Samuelis
2492 614 2729 680 doctri·
2835 615 2937 680 13.
2988 614 3163 679 Tunc
3224 615 3318 680 ait
3362 613 3596 679 David
3640 615 3866 694 pueris
3920 615 4095 678 suis:
4138 615 4508 697 Accinqatur
4541 621 4702 684 um

794 718 950 764 nam
1008 697 1384 780 approbare.
1489 700 1745 765 Luctus
1817 701 1993 763 enim
2065 699 2177 765 ille
2236 701 2437 766 totius
2506 700 2735 784 populi
2832 702 3093 784 quisque
3145 699 3360 783 qladio
3410 720 3544 765 suo.
3604 699 3714 765 Et
3765 701 4025 765 accincti
4080 708 4227 764 sunt
4267 701 4500 783 sinquh’
4533 703 4708 785 yladiis

795 784 957 850 satis
979 782 1342 852 testabatur
1365 786 1506 851 Deo
1543 794 1770 851 autore
1801 784 1947 851 duci
1989 785 2304 862 homines,
2349 795 2418 851 et
2439 785 2736 852 Samueli
2833 787 2993 866 suis,
3049 787 3476 867 accinctusque
3533 790 3624 851 est
3680 790 3736 851 et
3779 784 3999 851 David
4051 803 4193 850 ense
4237 805 4374 866 suo,
4430 791 4482 851 et
4525 791 4708 869 εεριιιάι·

796 879 1056 935 mortuo
1099 872 1520 937 autoritatem
1566 871 1914 937 conciliari.
2004 870 2142 935 Vix
2200 873 2374 937 enim
2422 872 2736 955 populum
2836 877 2989 938 sunt
3042 871 3265 937 David
3320 872 3513 954 quasi
3566 870 4010 954 quadrinqenti
4067 871 4225 949 viri,
4272 890 4471 953 porro
4524 871 4711 940 duoenti

798 953 1097 1023 invenias
1141 976 1275 1022 uno
1334 976 1655 1023 consensu
1715 978 2054 1023 servorum
2100 956 2229 1022 Dei
2289 978 2510 1023 amore
2569 957 2739 1037 duci,
2837 961 3271 1023 remanserunt
3314 958 3401 1023 ad
3438 959 3750 1023 sarcinas,

797 1053 866 1108 et
906 1041 1115 1124 ipsius
1159 1039 1525 1108 doctrinam
1571 1042 1935 1126 approbare
1976 1042 2107 1108 nisi
2145 1043 2409 1108 aliunde
2446 1042 2742 1127 impella-

798 1140 928 1192 tur.
1020 1127 1227 1209 Atqui
1271 1128 1691 1212 inseparabili
1752 1150 1931 1194 nexu
1989 1127 2382 1195 cohaerebat
2439 1129 2742 1196 doctrina

799 1210 1135 1279 Samuelis
1180 1212 1549 1298 donumque
1588 1214 2040 1299 propheticum
2066 1236 2213 1280 cum
2259 1235 2465 1299 regno
2491 1213 2741 1280 Davidi

798 1297 1138 1383 promisso,
1198 1301 1379 1365 cuius
1440 1301 1625 1366 testis
1684 1310 1749 1364 et
1806 1302 2084 1366 nuncius
2142 1303 2387 1377 fuerat,
2443 1310 2511 1365 et
2569 1299 2744 1383 quod

803 1384 1113 1450 unctione
1157 1383 1452 1452 adhibita
1495 1397 1808 1470 tanquam
1846 1397 2255 1451 sacramento
2299 1387 2742 1452 confirmarat.

801 1468 1090 1535 Perinde
1133 1470 1259 1534 fuit-
1303 1472 1507 1556 igitur
1551 1494 1627 1538 ac
1681 1473 1736 1537 si
1782 1472 1946 1538 Saul
1991 1473 2059 1537 in
2120 1472 2487 1556 praesentia
2546 1472 2746 1537 totius

895 1553 1033 1639 puli
1085 1566 1622 1625 exauctoraretur
1679 1578 1883 1641 quum
1928 1565 2115 1623 tanto
2159 1557 2378 1641 populi
2421 1577 2744 1624 concursu

863 1639 1139 1706 amuelis
1185 1640 1484 1709 doctrina
1541 1645 1926 1709 confirmata
1980 1654 2099 1708 est.
2185 1643 2293 1708 Ita
2349 1644 2518 1708 solet
2560 1641 2749 1708 Deus

807 1726 1008 1793 verbo
1052 1746 1173 1791 suo
1232 1728 1615 1812 dignitatem
1677 1740 1744 1795 et
1796 1731 2216 1794 autoritatem
2274 1728 2622 1794 conciliare
2676 1728 2747 1792 in

808 1810 1298 1879 incredulorum
1335 1815 1784 1880 confusionem
1808 1826 1875 1880 et
1897 1815 2192 1881 fidelium
2228 1815 2747 1881 instructionem.

807 1898 954 1964 Etsi
997 1916 1160 1963 vero
1207 1899 1433 1965 divina
1477 1901 1723 1968 veritas
1767 1921 1885 1983 per
1925 1921 1999 1966 se
2043 1901 2203 1966 satis
2248 1909 2349 1965 est
2393 1900 2754 1966 honorifica

805 1994 872 2048 et
914 1992 1111 2063 certa,
1156 1986 1341 2052 Deus
1385 1995 1607 2052 tamen
1652 1999 1914 2052 nostrae
1969 1986 2371 2052 infirmitatis
2429 1987 2752 2051 rationem

806 2068 1055 2135 habens
1120 2067 1267 2137 istis
1326 2071 1561 2139 mediis
1619 2073 2037 2138 autoritatem
2097 2073 2223 2156 ipsi
2282 2073 2622 2153 conciliat,
2687 2081 2753 2136 et

804 2176 925 2222 nos
968 2152 1051 2221 ad
1098 2174 1169 2222 se
1197 2168 1404 2242 vocat,
1450 2167 1516 2224 et
1558 2157 1928 2225 incredulos
1971 2178 2048 2225 ac
2089 2159 2419 2242 improbos
2448 2157 2753 2224 homines

805 2240 1049 2305 maiore
1095 2243 1475 2310 confusione
1518 2244 1756 2310 obruit.

973 2326 1118 2391 Iam
1168 2349 1323 2394 vero
1369 2331 1563 2414 agite,
1600 2335 1702 2397 etc-

1255 2619 1756 2706 HOMlLlA
1806 2622 2269 2706 LXXXIX.

985 2764 1048 2829 2.
1096 2762 1262 2828 Erat
1304 2764 1512 2826 autem
1552 2758 1656 2822 vir
1698 2759 2022 2840 quispiam
2061 2759 2135 2824 in
2178 2759 2512 2825 solitudine
2534 2758 2754 2836 Maon,

812 2856 872 2916 et
899 2848 1222 2932 possessio
1265 2846 1447 2912 illius
1502 2844 1573 2908 in
1619 2841 1924 2926 Carmelo,
1984 2849 2039 2907 et
2091 2844 2267 2910 homo
2323 2844 2432 2910 ille
2486 2865 2757 2930 maqnus

809 2937 1027 3015 nimis,
1074 2938 1370 3013 erantque
1411 2931 1468 2995 ei
1511 2948 1649 2994 oves
1706 2930 1835 2994 tria
1888 2927 2130 3015 millia,
2190 2934 2245 2995 et
2282 2930 2452 2997 mille
2493 2950 2751 3012 caprae:

815 3027 874 3087 et
950 3020 1177 3088 accidit
1251 3023 1322 3083 ut
1398 3015 1750 3081 tonderetur
1820 3035 1978 3099 qrex
2040 3016 2250 3097 ipsius
2312 3017 2384 3080 in
2454 3014 2756 3081 Garmelo.

811 3108 873 3174 3.
936 3107 1183 3172 Nomen
1238 3108 1443 3169 autem
1499 3101 1628 3165 viri
1688 3101 1865 3165 illius
1934 3106 2070 3165 erat
2128 3101 2375 3167 Nabal:
2432 3106 2488 3166 et
2543 3121 2758 3167 nomen

808 3193 1040 3258 uxoris
1084 3193 1221 3257 eius
1244 3186 1523 3271 Abiqail.
1583 3186 1864 3267 Eratque
1881 3186 2109 3252 mulier
2125 3187 2239 3252 illa
2249 3188 2758 3271 prudentissima

810 3284 866 3345 et
928 3277 1241 3359 speciosa.-
1311 3293 1504 3355 porro
1570 3273 1674 3337 vir
1738 3273 1877 3339 eius
1940 3273 2144 3339 durus
2205 3279 2261 3338 et
2312 3274 2635 3356 pessimus
2697 3278 2756 3339 et

810 3364 1166 3430 malitiosus
1183 3411 1198 3440 ,
1269 3364 1406 3425 erat
1473 3363 1679 3423 autem
1732 3358 1808 3423 de
1858 3378 2071 3441 qenere
2132 3356 2330 3425 Galeb.
2420 3360 2481 3425 4.
2546 3359 2753 3440 Quum

811 3455 1017 3516 autem
1062 3447 1339 3514 audisset
1383 3443 1601 3509 David
1643 3444 1715 3507 in
1755 3444 1993 3510 deserto
2035 3445 2203 3526 quod
2235 3445 2503 3510 tonderet
2540 3445 2755 3511 Nabal

809 3553 1322 3686 {mam
1376 3529 1914 3682 {mamiffssm
1930 3531 2223 3681 „2235
2238 3536 2364 3681 ’aad
2393 3531 2608 3681 2322}
2634 3532 2755 3681 ⁶²⁶2}

1745 3664 1762 3694 2
2624 3667 2642 3697 2

811 3704 1173 3772 salutabitis
1216 3723 1355 3768 eum
1417 3723 1495 3767 ex
1547 3702 1802 3782 nomine
1861 3721 1991 3766 meo
2040 3701 2318 3783 pacifice.
2407 3702 2466 3768 6.
2513 3698 2607 3767 Et
2664 3703 2757 3767 sic

811 3791 1058 3858 dicetis.-
1107 3789 1208 3854 Sit
1246 3788 1561 3871 fratribus
1602 3788 1758 3852 meis
1801 3792 1857 3851 et
1898 3786 2012 3851 tibi
2043 3806 2206 3870 pax,
2259 3791 2316 3853 et
2356 3788 2572 3854 domui
2613 3793 2755 3852 tuae

803 3896 965 3961 pau,
1009 3881 1067 3940 et
1106 3874 1389 3940 omnibus
1429 3892 1824 3956 quaecunque
1865 3872 2050 3939 habes
2082 3873 2169 3939 sit
2198 3893 2358 3954 pax.
2427 3874 2484 3938 7.
2506 3873 2756 3939 Audivi

813 3963 979 4045 quod
1035 3961 1346 4025 tonderent
1391 3964 1683 4042 pastores
1738 3959 1835 4022 tui
1897 3960 2011 4040 qui
2068 3964 2246 4024 erant
2309 3958 2627 4025 nobiscum
2684 3960 2756 4023 in

814 4048 1088 4125 desert05
1145 4065 1465 4127 nunquam
1508 4045 1599 4109 eis
1658 4045 1894 4109 molesti
1932 4045 2198 4126 fuimus,
2252 4064 2361 4110 nec
2415 4045 2756 4126 aliquando

814 4134 1015 4215 defuit
1078 4132 1426 4214 quidquam
1486 4130 1579 4196 eis
1634 4131 1710 4195 de
1769 4150 1950 4214 qreqe
2014 4132 2184 4195 omni
2260 4135 2553 4214 tempore,
2636 4149 2757 4212 quo

811 4220 1072 4302 fuerunt
1128 4218 1443 4283 nobiscum
1499 4216 1571 4280 in
1631 4214 1930 4281 Garmelo.
2020 4217 2079 4280 8.
2147 4216 2474 4299 Interroqa
2523 4235 2758 4300 pueros

816 4311 974 4383 tuos,
1010 4310 1066 4369 et
1109 4303 1474 4369 indicabunt
1529 4301 1662 4365 tibi.
1756 4302 1942 4367 Nunc
1998 4322 2142 4385 erqo
2195 4303 2518 4366 inveniant
2564 4302 2758 4382 pueri

815 4391 911 4455 tui
949 4391 1228 4474 qratiam
1269 4388 1342 4452 in
1384 4386 1581 4452 oculis
1625 4387 1776 4469 tuiS,
1820 4386 1891 4451 in
1925 4388 2028 4452 die
2062 4389 2228 4451 enim
2259 4387 2408 4452 bora
2453 4389 2756 4465 venimus,

817 4476 1226 4559 quodcunque
1279 4471 1584 4537 invenerit
1637 4491 1868 4537 manus
1921 4478 2028 4537 tua
2082 4474 2166 4537 da
2221 4474 2422 4539 servis
2483 4475 2614 4538 tuis
2630 4522 2645 4551 ,
2705 4477 2760 4538 et

813 4562 953 4643 filio
1000 4565 1106 4625 tuo
1164 4558 1404 4624 David.
1493 4556 1549 4621 9.
1602 4556 1925 4638 Quumque
1964 4560 2273 4624 venissent
2302 4560 2496 4639 pueri
2539 4558 2759 4624 David

817 4646 1062 4729 loquuti
1104 4649 1253 4711 sunt
1295 4645 1377 4708 ad
1425 4642 1640 4708 Nabal
1694 4644 1904 4708 omnia
1959 4644 2140 4708 verba
2193 4644 2342 4711 haec
2382 4666 2457 4710 ex
2512 4646 2762 4710 nomine

818 4732 1043 4798 David
1106 4735 1163 4795 et
1218 4730 1570 4796 silueruut..
1653 4729 1751 4793 10.
1813 4729 2215 4812 Respondens
2282 4736 2489 4796 autem
2546 4730 2763 4796 Nabal

810 4819 1040 4899 pueris
1082 4816 1304 4883 David
1345 4816 1470 4881 ait.-
1516 4815 1674 4897 Quis
1716 4819 1806 4881 est
1847 4814 2118 4882 David?
2177 4822 2230 4882 et
2272 4818 2416 4899 quis
2458 4821 2549 4881 est
2585 4816 2763 4898 tilius

823 4902 1022 4968 lsai?
1098 4901 1278 4968 hodie
1330 4902 1715 4968 increverunt
1769 4903 1938 4966 servi
1998 4904 2108 4983 qui
2157 4904 2411 4987 fuqiunt
2476 4904 2762 4968 dominos

820 5008 989 5054 suos.
1059 4989 1160 5054 11.
1206 4988 1446 5055 Tollam
1487 5008 1625 5071 erqo
1664 5008 1864 5070 panes
1905 5009 2087 5066 meos.
2133 4995 2187 5054 et
2230 5010 2433 5069 aquas
2473 5009 2664 5066 meaS,
2710 4992 2766 5051 et

823 5094 1047 5140 carnes
1080 5093 1374 5155 pecorum
1418 5094 1576 5154 quae
1617 5075 1810 5139 occidi
1852 5074 2201 5139 tonsoribus
2255 5076 2430 5158 meis,
2489 5081 2545 5141 et
2601 5074 2762 5139 dabo

822 5160 989 5224 viris
1031 5179 1185 5241 quos
1226 5161 1432 5225 nescio
1476 5161 1641 5224 unde
1682 5161 1857 5225 sint?
1944 5160 2045 5224 12.
2091 5159 2387 5243 Reyressi
2442 5167 2591 5226 sunt
2638 5161 2762 5226 ita-

823 5265 942 5327 que
968 5246 1164 5329 pueri
1208 5245 1427 5311 David
1456 5266 1580 5326 per
1622 5245 1792 5310 viam
1825 5265 2029 5324 suam,
2074 5250 2128 5310 et
2168 5246 2407 5311 reversi
2448 5252 2762 5330 venerunt,

3019 1129 3148 1195 Hic
3211 1130 3280 1193 in
3347 1127 3579 1212 primis
3643 1127 4186 1195 considerandum
4252 1148 4383 1211 quo
4438 1140 4594 1195 statu
4642 1153 4714 1198 res

2846 1214 3126 1283 Davidis
3184 1215 3451 1294 fuerint,
3511 1236 3716 1299 quum
3764 1212 3929 1281 Saul
3988 1215 4203 1299 ipsum
4263 1227 4717 1297 persequeretur,

2846 1305 3085 1368 misero
3140 1322 3331 1382 sane,
3405 1309 3472 1365 et
3534 1302 3647 1385 qui
3716 1300 3858 1367 cibo
3918 1307 3987 1365 et
4043 1309 4199 1382 potu
4258 1299 4527 1384 aliisque
4576 1303 4717 1368 rebus

2846 1387 3227 1454 necessariis
3269 1399 3540 1466 careret,
3598 1395 3666 1452 et
3719 1386 3928 1451 multa
3972 1394 4308 1468 pateretur
4362 1388 4722 1472 incommoda,

2847 1473 3019 1559 quod
3066 1473 3322 1555 praeter
3365 1474 3593 1537 mortis
3636 1483 3884 1537 metum
3938 1474 4134 1537 etiam
4194 1471 4440 1537 victum
4495 1471 4725 1538 emendi-

2848 1581 2996 1626 care
3041 1569 3405 1642 cogeretur.
3495 1557 3683 1639 Quae
3726 1557 4004 1623 molesta
4059 1556 4188 1621 fuit
4244 1565 4312 1622 et·
4374 1569 4535 1623 dura
4584 1559 4727 1624 nimis

2850 1644 3156 1723 conditio,
3200 1652 3269 1709 et
3313 1663 3484 1727 quae
3531 1644 3856 1709 Davidem
3900 1649 4155 1727 poterat
4197 1641 4645 1726 quodammodo
4676 1643 4731 1710 de

2852 1755 2884 1799 s
2932 1753 2967 1797 e
3011 1729 3291 1795 deiicere
3333 1729 3772 1813 consequendi
3827 1732 4075 1814 regiam
4133 1728 4518 1813 dignitatem
4568 1728 4667 1795 sibi
4707 1749 4734 1793 a

2925 1836 3001 1882 eo
3058 1816 3464 1899 promissam.
3563 1815 3892 1896 Quoniam
3963 1836 4116 1881 vero
4168 1813 4560 1881 Davidicum
4618 1811 4735 1878 illud

2856 1924 3131 1987 regnum
3176 1902 3302 1967 fuit
3346 1903 3563 1985 imago
3612 1899 3772 1967 viva
3830 1903 4017 1985 regni
4062 1901 4145 1967 D.
4191 1900 4275 1966 N.
4337 1900 4492 1965 Iesu
4528 1901 4736 1978 Christ,

2857 1989 3218 2068 discamus,
3295 1984 3442 2052 Deo
3525 2008 3645 2053 nos
3722 1988 3920 2052 variis
4002 1985 4372 2051 rationibus
4438 1993 4738 2062 exercente,

2856 2074 3182 2159 patienter
3222 2094 3414 2140 casus
3457 2093 3687 2139 omnes
3741 2071 3931 2153 ferre,
3993 2081 4062 2137 et
4121 2092 4255 2136 non
4314 2071 4585 2138 moleste
4620 2071 4742 2135 ferre

2858 2181 3068 2243 neque
3114 2160 3474 2224 insolenter
3507 2160 3564 2224 si
3599 2160 3789 2242 fame,
3833 2159 3963 2235 siti,
4010 2167 4218 2238 aestu,
4261 2157 4508 2241 frigore
4543 2176 4738 2240 premn-

2860 2268 3028 2323 mur,
3094 2248 3414 2327 rebusque
3470 2244 3555 2309 ad
3614 2245 3821 2310 vitam
3884 2243 4270 2311 necessariis
4328 2240 4741 2325 quodammodo

2859 2330 3308 2410 destituamur,
3353 2331 3698 2414 Deumque
3737 2330 4021 2397 mamus
4077 2329 4473 2413 patientiam
4516 2340 4742 2393 nostram

2860 2426 2927 2483 et
2965 2416 3163 2482 fidem
3206 2416 3565 2500 explorare,
3625 2417 3813 2483 cuius
3857 2417 3950 2482 rei
3995 2415 4380 2499 exemplum
4437 2414 4507 2479 in
4547 2410 4744 2478 Davide

2861 2503 3279 2586 conspicuum
3338 2510 3457 2568 est.
3560 2502 3913 2568 Caeterum
3978 2501 4241 2567 obiiciat
4294 2500 4570 2584 aliquis,
4627 2515 4745 2581 qum

2861 2590 2984 2655 hoc
3042 2588 3182 2655 loco
3241 2589 3597 2653 recitantur
3662 2608 3793 2653 non
3859 2589 4211 2654 convenire
4275 2607 4436 2652 cum
4498 2586 4575 2651 iis
4627 2602 4744 2667 qum

2862 2675 3127 2741 Psalmo
3182 2674 3284 2738 37.
3346 2675 3757 2753 referuntur,
3816 2672 4035 2740 David
4091 2673 4267 2737 enim
4337 2673 4665 2756 profitetur
4701 2687 4746 2733 se

2861 2760 3061 2827 fuisse
3106 2761 3410 2825 iuvenem
3455 2768 3522 2824 et
3554 2758 3638 2824 ad
3674 2767 4077 2825 senectutem
4114 2758 4519 2842 pervenisse,
4562 2766 4621 2821 et
4657 2775 4746 2820 non

2863 2846 3101 2912 vidisse
3144 2847 3385 2910 iustum
3432 2845 3841 2929 derelictum,
3886 2864 4008 2910 nec
4052 2865 4275 2910 semen
4315 2843 4464 2910 eius
4498 2859 4750 2926 quaerere

2862 2953 3121 3016 panem.
3195 2931 3359 2996 Erat
3401 2942 3623 2996 autem
3658 2953 3740 2996 ex
3776 2951 4050 2996 numero
4089 2929 4450 3007 iustorum,
4494 2942 4558 2993 et
4590 2928 4746 2991 Deum

2860 3017 3267 3095 timentium,
3345 3027 3413 3081 et
3491 3028 3714 3083 tamen
3792 3016 4092 3083 videmus
4170 3036 4326 3080 eum
4411 3015 4483 3080 in
4558 3023 4749 3101 tantam

2860 3113 3215 3185 egestatem
3260 3102 3615 3181 redactum,
3673 3109 3747 3167 ut
3788 3101 3872 3167 ad
3917 3101 4234 3167 Nabalem
4275 3101 4547 3166 mittere
4585 3114 4751 3163 servos

2859 3199 3122 3256 coactus
3168 3189 3256 3253 sit
3301 3189 3547 3255 victum
3573 3188 4074 3253 mendicaturus.
4140 3185 4277 3252 Sed
4318 3186 4535 3253 facilis
4573 3181 4755 3251 solutio

2860 3285 2993 3354 est,
3060 3273 3588 3357 quandoquidem
3656 3273 3811 3339 dicit
3876 3294 3952 3339 eo
4017 3273 4159 3339 loco
4225 3294 4300 3338 se
4372 3294 4509 3337 non
4572 3268 4755 3337 vidiae

2858 3360 3102 3426 iustum
3143 3359 3546 3437 derelictum,
3592 3381 3711 3427 nec
3746 3379 3969 3425 semen
4012 3361 4150 3425 eius
4186 3379 4524 3440 quaerens
4557 3371 4755 3440 paneam.

2857 3447 3029 3513 Nam
3099 3446 3225 3511 etsi
3290 3447 3476 3511 Deus
3542 3465 3880 3528 nunquam
3946 3445 4264 3528 permittit
4350 3465 4509 3510 suos
4584 3457 4754 3507 servm

2857 3533 3082 3598 multis
3146 3530 3575 3598 incommodis
3639 3531 3901 3615 urgeri,
3982 3538 4051 3596 et
4127 3528 4366 3596 multis
4449 3528 4531 3594 ad
4607 3527 4754 3591 vium

2856 3619 3236 3684 necessariis
3299 3616 3611 3699 indigere,
3669 3619 3825 3700 ipsis
3869 3626 4091 3682 tamen
4135 3615 4413 3681 tandem
4462 3619 4759 3706 opportuno

2857 3711 3148 3786 tempore
3206 3704 3514 3769 subvenit
3586 3712 3654 3768 et
3716 3703 4094 3785 opitulatur.
4200 3701 4304 3768 Ac
4381 3722 4543 3767 sane
4592 3694 4755 3762 verbs

2857 3788 2990 3854 illis
3046 3787 3271 3854 fideles
3330 3787 3411 3853 ab
3470 3787 3772 3854 omnibus
3828 3786 4294 3852 afflictionibus
4368 3807 4501 3852 non
4559 3782 4754 3849 eximit-

2856 3875 3029 3941 Nam
3090 3877 3286 3957 paulo
3345 3885 3489 3957 post
3560 3873 3741 3940 addit
3798 3874 4000 3939 bonos
4070 3874 4139 3938 in
4200 3873 4457 3938 multas
4514 3869 4751 3935 miseris

2857 3981 3140 4038 casuros,
3186 3959 3298 4027 sed
3325 3962 3544 4024 Deum
3587 3961 3763 4042 ipsos
3787 3959 4217 4025 liberaturum
4261 3969 4335 4023 et
4372 3967 4752 4025 servaturum

2858 4046 3090 4111 Noluit
3153 4045 3355 4130 igitur
3415 4044 3636 4112 David
3694 4046 3821 4111 Dei
3887 4065 4115 4110 servos
4180 4055 4250 4109 et
4310 4045 4499 4110 filios
4556 4044 4617 4106 in
4669 4037 4752 4136 bpo

2859 4132 3105 4197 mundo
3149 4141 3456 4214 tanquam
3517 4133 3586 4196 in
3646 4131 3947 4198 terrestri
3990 4128 4293 4213 paradiso
4358 4130 4661 4196 collocare
4706 4142 4753 4188 in

2860 4239 2988 4301 quo
3052 4217 3294 4283 delitiis
3354 4219 3627 4282 affluant
3697 4231 3760 4282 et
3820 4216 4268 4299 voluptatibus
4330 4213 4659 4282 abundent
4702 4219 4753 4272 ut

2861 4304 3024 4368 nihil
3071 4304 3231 4385 ipsis
3270 4302 3456 4381 desit,
3516 4302 3630 4368 sed
3678 4302 3924 4379 docere,
3972 4303 4094 4367 Dei
4141 4301 4313 4365 filios
4361 4301 4591 4366 multis
4624 4293 4749 4363 cult·

2862 4389 3200 4454 mitatibus
3245 4409 3588 4473 oppressos
3631 4388 3714 4453 ad
3736 4388 3941 4471 ipsius
3964 4388 4329 4452 bonitatem
4355 4387 4751 4470 confugientes

2864 4496 3199 4558 nunquam
3258 4495 3402 4541 esse
3462 4473 3869 4553 deserendos,
3927 4473 4039 4538 sed
4084 4474 4302 4538 Deum
4368 4493 4447 4539 re
4503 4473 4634 4556 ipsa
4674 4464 4752 4529 do·

2862 4569 3376 4626 monstraturum
3421 4560 3716 4643 ipsorum
3757 4581 3828 4625 se
3872 4558 4275 4643 singularem
4306 4580 4545 4625 curam
4567 4571 4751 4641 gemm.

2863 4647 3012 4712 licet
3054 4646 3135 4710 ad
3180 4653 3438 4729 tempus
3483 4647 3713 4713 faciem
3770 4647 4093 4712 occultare
4136 4644 4475 4710 videatur.
4561 4641 4750 4733 Qum·

2863 4732 3085 4797 obrem
3132 4731 3511 4798 meditanda
3555 4731 3713 4798 Divi
3756 4730 3948 4797 Pauli
4010 4729 4330 4814 doctrina,
4396 4729 4614 4795 fideles
4656 4743 4751 4807 qm-

2863 4818 3012 4883 dem
3059 4818 3284 4882 multis
3328 4817 3612 4883 miseriis
3658 4826 3725 4883 et
3746 4817 4276 4902 oppressionibus
4328 4816 4637 4881 obnoxios
4669 4803 4746 4872 sod

2863 4925 2901 4967 a
2946 4904 3090 4968 Deo
3139 4925 3472 4986 nunquam
3519 4904 3765 4980 deseri;
3811 4913 3877 4968 et
3919 4903 4197 4986 ipsemet
4238 4922 4393 4969 sese
4436 4897 4747 4980 exemplum

2863 4989 3218 5053 multarum
3244 4990 3665 5055 afflictionum
3696 4990 4020 5073 proponit,
4066 4995 4142 5053 ut
4182 4988 4256 5052 in
4302 5007 4382 5053 se
4428 4984 4746 5071 ipsodooeu

2863 5095 3029 5156 quae
3074 5077 3160 5139 sit
3182 5074 3474 5139 fidelium
3498 5075 3801 5152 conditio,
3849 5095 4051 5158 quum
4093 5075 4206 5158 ait,
4250 5093 4328 5139 se
4372 5093 4495 5157 per
4534 5070 4746 5156 glorian

2864 5168 2932 5225 et
2974 5161 3423 5243 ignominiam,
3467 5182 3587 5245 per
3620 5161 3914 5228 convicia
3956 5172 4021 5225 et
4053 5161 4306 5244 laudea,
4355 5159 4681 5228 ambulare.
4705 5161 4745 5212 ὅ

2866 5255 2939 5311 ut
2985 5247 3373 5313 morientem
3431 5267 3589 5324 esse.
3644 5247 3757 5314 sed
3817 5249 4060 5324 vivere,
4112 5255 4190 5310 ut
4250 5248 4369 5328 qui
4432 5242 4746 5327 castigatur,
