5059 6059
309 312 419 381 613

304 502 564 572 vicissim
606 518 725 583 pro
770 506 873 563 ter
935 503 1222 564 nostram
1281 497 1830 582 ingratitudinem
1893 497 2202 565 adimere.

305 590 540 656 Natura
602 587 711 668 qui
759 605 883 662 em,
949 585 1178 664 fateor,
1250 585 1364 649 alii
1425 584 1570 650 aliis
1638 584 2207 651 excellentioribus

1642 309 1744 377 IN
1785 309 1845 377 1.
1886 307 2068 376 LIB.
2116 307 2518 379 SAMUEL.
2562 307 2765 377 OAP.
2808 308 2897 377 X.

4141 313 4277 382 614

2307 499 2482 565 Nam
2527 519 3002 583 nonnunquam
3037 501 3307 583 spiritus
3349 501 3635 566 veritatis
3659 500 3928 581 dicitur;
3965 510 4043 568 ut
4084 503 4258 570 nihil

2309 586 2437 651 nisi
2480 584 2894 652 mendacium
2937 587 3006 651 in
3050 585 3426 653 hominibus
3461 606 3622 664 esse,
3668 586 3782 652 sed
3829 589 3893 651 in
3925 589 4066 654 Deo
4109 589 4251 655 solo

308 675 475 742 donis
513 672 720 737 ornati
762 682 937 749 sunt,
978 668 1091 737 sed
1135 669 1242 736 hio
1286 669 1368 734 de
1408 670 1675 754 speciali
1717 680 1784 736 et
1826 671 2211 755 particulari
2310 672 2657 738 veritatem
2714 669 3086 738 doceamur:
3150 691 3622 754 nonnunquam
3682 673 3954 754 spiritus
4003 674 4258 754 fortitu·

309 761 460 827 dono
500 757 752 843 agitur:
798 777 998 840 quum
1023 754 1155 820 Dei
1190 755 1463 841 spiritus
1485 775 1681 840 super
1699 756 1920 840 ipsum
1938 756 2211 844 irruisse

309 849 539 913 dicitur.
592 843 845 925 Nempe
887 840 1151 909 Saulem
1197 852 1391 907 antea
1432 843 1648 909 minus
1692 853 1918 926 aptum
1963 852 2032 908 et
2072 842 2213 909 ido-

309 952 502 1008 neum,
545 929 848 998 veniente
890 947 1086 1011 super
1142 928 1360 1010 ipsum
1404 929 1659 1012 spiritu,
1715 948 1890 993 nova
1932 928 2210 1012 quadem

307 1029 365 1085 et
420 1014 671 1081 insolita
736 1014 1020 1091 ratione,
1100 1021 1555 1096 percepturum
1623 1014 1862 1080 visibili
1930 1013 2209 1096 quodam

308 1106 475 1189 signo
526 1101 791 1184 spiritns
843 1098 1313 1183 praesentiam,
1373 1106 1442 1164 et
1497 1120 1625 1199 quo
1678 1097 2080 1166 incredibilis
2134 1100 2209 1165 in

307 1190 406 1255 illo
444 1189 554 1253 flat
596 1186 891 1264 mutatio,
949 1193 1147 1269 prout
1190 1185 1385 1250 etiam
1429 1183 1737 1269 deinceps
1796 1187 2039 1251 factum
2082 1193 2204 1251 est.

307 1273 755 1357 Quamobrem,
815 1291 1019 1355 quum
1076 1269 1351 1336 scientia
1406 1291 1571 1354 opus
1627 1270 2067 1349 habuerimus,
2122 1270 2209 1336 ad

305 1359 641 1426 Dominum
687 1378 831 1423 esse
874 1355 1381 1440 confugiendum
1435 1357 1749 1422 memoria
1802 1367 2207 1440 repetamus:

308 1447 450 1531 quin
489 1445 686 1510 etiam
747 1442 804 1509 si
849 1462 968 1508 nos
1026 1461 1104 1508 ea
1148 1441 1330 1525 prius
1388 1441 1547 1507 vitio
1613 1451 1835 1508 nostro
1895 1442 2210 1526 spoliatos

304 1534 485 1598 fuisse
524 1528 887 1614 contigerit,
933 1548 1018 1593 ne
1061 1527 1435 1593 dubitemus
1475 1527 1632 1611 quin
1659 1536 1954 1612 tempore
1979 1548 2209 1611 oppor-

305 1630 451 1683 tuno
500 1616 681 1681 Deus
737 1614 926 1679 illum
984 1633 1024 1677 a
1077 1633 1149 1679 se
1204 1613 1573 1696 petentibus
1630 1615 1717 1680 sit
1767 1614 2208 1681 restituturus.

304 1704 509 1787 Neque
549 1720 707 1767 vero
750 1697 1183 1766 dubitandum
1226 1707 1328 1764 est
1345 1700 1507 1782 quin
1550 1697 1631 1764 ad
1671 1699 1934 1782 aliquod
1971 1720 2213 1766 munus

304 1790 377 1855 ab
427 1788 536 1853 illo
589 1786 870 1864 vocatis,
931 1786 1106 1851 vires
1159 1784 1559 1851 necessarias
1630 1785 1943 1851 sufficiat:
2018 1784 2208 1850 modo

305 1877 523 1941 nostris
565 1872 766 1938 diffisi
808 1869 1063 1937 viribus
1104 1868 1412 1937 fiduciam
1470 1889 1735 1937 omnem
1794 1879 2085 1937 nostram
2139 1872 2210 1936 in

302 1961 429 2044 ipso
468 1959 887 2024 collocemus:
946 1964 1015 2021 et
1073 1957 1226 2039 quin
1285 1955 1436 2021 licet
1493 1957 1790 2024 infirmos
1843 1965 1910 2021 et
1964 1955 2211 2023 debiles

303 2064 472 2131 pares
511 2044 697 2109 oneri
741 2042 914 2127 quod
957 2043 1097 2126 ipse
1139 2039 1328 2107 nobis
1371 2043 1757 2125 imposuerit
1797 2042 2064 2109 ferendo
2108 2042 2208 2108 fa-

304 2133 437 2197 ciat.
538 2130 714 2195 Nam
778 2127 950 2213 quod
1017 2126 1203 2195 Sauli
1267 2126 1575 2193 collatum
1651 2138 1753 2195 est
1815 2149 1857 2194 a
1918 2130 2206 2195 Domino

303 2216 683 2294 beneficium,
730 2213 1035 2280 omnibus
1074 2213 1158 2279 iis
1198 2212 1542 2297 pollicetur
1596 2234 1761 2297 quos
1802 2214 1885 2279 ad
1930 2213 2208 2298 quamli-

304 2302 401 2369 bet
446 2304 583 2369 sive
634 2301 967 2385 politicam
1042 2300 1184 2366 sive
1241 2299 1742 2366 ecclesiasticam
1803 2301 2204 2367 functionem

287 2397 480 2466 vocat,
522 2399 597 2453 ut
639 2387 784 2453 sive
827 2385 909 2451 ad
968 2383 1287 2469 regendos
1330 2385 1623 2468 populos,
1667 2387 1806 2452 sive
1848 2386 1932 2452 ad
1976 2383 2207 2453 docen-

288 2474 423 2539 dam
463 2472 826 2552 ecclesiam,
872 2471 1071 2537 faciat
1102 2469 1390 2548 idoneos,
1436 2490 1601 2554 quos
1645 2470 1770 2554 ipsi
1813 2471 1897 2536 ad
1941 2470 2064 2539 hoc
2099 2472 2204 2538 vel

286 2560 430 2626 illud
492 2579 739 2625 munus
803 2577 1037 2623 vocare
1101 2555 1438 2639 placuerit.
1536 2556 1688 2622 Non
1762 2556 2035 2624 dubium
2102 2566 2207 2624 est

286 2646 487 2730 itaque
543 2645 709 2730 quin
767 2642 954 2709 Deus
1012 2642 1264 2709 vocatis
1320 2641 1404 2706 ad
1461 2640 1891 2727 quodcunque
1963 2665 2204 2710 munus

391 2733 543 2797 tiam
586 2731 792 2797 etiam
832 2728 1156 2813 largiatur
1198 2749 1275 2794 eo
1319 2726 1678 2813 fungendi:
1738 2728 1932 2793 modo
1980 2737 2202 2796 tamen

291 2817 369 2882 'li
410 2836 564 2884 suae
606 2815 970 2892 tenuitatis,
1012 2812 1481 2880 imbecillitatis
1524 2818 1593 2879 et
1631 2814 1889 2898 inopiae
1942 2816 2201 2894 conscii,

286 2903 358 2968 ad
394 2905 605 2987 ipsum
648 2901 867 2968 omnis
910 2899 1061 2967 boni
1118 2899 1367 2964 fontem
1427 2898 1834 2984 confugiant,
1892 2910 1959 2966 et
2016 2901 2206 2984 quid-

287 2988 428 3072 quid
468 2989 589 3056 sibi
636 2986 916 3053 defuerit
960 2985 1042 3051 ab
1083 2984 1310 3053 eodem
1353 2993 1753 3068 exspectent.

435 3074 772 3158 Sequitur,
823 3071 1093 3150 Saulem,
1137 3089 1330 3153 quum
1371 3072 1636 3137 venisset
1666 3072 1753 3138 ad
1793 3072 2025 3152 colicon,
2069 3078 2205 3138 tur-

286 3158 412 3225 bam
449 3160 628 3226 illam
656 3157 1115 3244 prophetarum
1155 3156 1400 3223 obviam
1441 3155 1766 3224 habuisse:
1824 3159 2198 3242 praeteritis

284 3245 522 3312 silentio
567 3245 717 3312 aliis
760 3243 981 3327 signis,
1012 3249 1206 3326 -puta,
1265 3242 1542 3308 duorum
1583 3242 1847 3309 illorum
1904 3244 2198 3311 virorum

281 3349 530 3398 occursu
586 3353 626 3397 e
694 3329 891 3395 domo
950 3328 1156 3412 patris
1235 3329 1673 3409 venientium,
1753 3337 1822 3395 et
1898 3330 2201 3398 inventas

281 3418 478 3484 asinas
522 3416 979 3493 narrantium:
1021 3422 1089 3478 et
1130 3413 1334 3481 trium
1378 3413 1659 3496 illorum,
1702 3414 1788 3480 ad
1828 3417 2200 3482 sacrifican-

285 3503 422 3569 dum
465 3501 1000 3570 ascendentium:
1059 3498 1232 3583 quod
1276 3499 1607 3565 nimirum
1637 3522 1771 3566 non
1813 3502 1982 3566 tanti
2027 3511 2201 3568 esset

281 3589 577 3655 momenti
620 3588 886 3655 illorum
930 3585 1268 3668 repetitio:
1313 3584 1430 3652 sed
1473 3584 1648 3669 quod
1692 3586 1856 3653 Saul
1902 3586 2030 3653 Dei
2072 3587 2203 3673 spi-

278 3674 396 3739 ritu
432 3675 684 3760 plenus,
731 3682 799 3738 et
828 3670 1246 3756 prophetans,
1288 3671 1532 3738 visibili
1566 3672 1692 3739 hoc
1727 3673 1917 3756 signo
1960 3675 2200 3740 certior

277 3757 470 3826 factus
489 3770 594 3826 est
616 3759 700 3824 de
734 3755 1257 3824 extraordinaria
1279 3757 1616 3823 vocatione
1650 3756 1732 3823 ad
1767 3758 1956 3823 illum
1979 3759 2199 3825 excel-

277 3843 603 3912 lentiorem
627 3844 971 3929 dignitatis
991 3841 1301 3928 gradum:
1338 3852 1404 3907 et
1481 3842 1607 3908 uod
1636 3845 1856 3927 magni
1880 3846 2196 3910 momenti

278 3929 390 3995 fuit
427 3932 544 3997 illa
586 3930 806 3996 subita
847 3930 1143 4008 mutatio,
1184 3927 1423 3995 idcirco
1512 3929 1573 3995 ic
1603 3930 1986 3995 nominatim
2031 3932 2196 3997 reci-

275 4023 433 4082 tatur
475 4036 786 4083 occursus
826 4014 939 4080 ille
982 4013 1472 4097 prophetarum.
1542 4014 1678 4081 Eos
1720 4036 1876 4080 vero
1911 4016 2195 4101 prophe-

276 4107 366 4167 tas
404 4123 606 4188 supra
647 4101 937 4167 diximus
978 4100 1182 4166 fuisse
1234 4100 1347 4183 qui
1390 4119 1460 4165 se
1502 4101 1573 4165 in
1619 4101 1744 4166 Dei
1797 4100 1947 4185 lege
2004 4121 2193 4168 exer·

271 4200 493 4268 serent,
541 4189 656 4274 qui
699 4195 919 4254 essent
951 4186 1021 4250 in
1044 4196 1379 4270 posterum
1415 4185 1723 4252 ecclesiae
1745 4187 2190 4270 seminarium,

271 4275 369 4422 gui
408 4275 719 4340 universo
773 4270 1015 4357 populo
1059 4271 1236 4337 viam
1293 4272 1521 4337 salutis
1577 4283 2048 4352 monstrarent;
2108 4296 2193 4341 ne

314 4361 632 4427 octoribus
697 4358 970 4426 ecclesia
1027 4357 1181 4423 olim
1242 4358 1644 4441 privaretur:
1709 4367 1786 4424 ut
1850 4359 2002 4427 licet
2059 4380 2189 4426 non

276 4461 488 4513 omnes
531 4445 696 4530 legis
728 4444 924 4529 periti
962 4455 1199 4522 essent,
1243 4463 1376 4509 non
1418 4453 1640 4509 tamen
1674 4445 1939 4529 penitus
1979 4447 2193 4513 omnis

273 4530 568 4597 scientiae
590 4530 899 4616 splendor
930 4529 1478 4615 exstingueretur,
1522 4550 1725 4614 quum
1769 4530 1990 4596 nullae
2033 4531 2191 4598 alibi

272 4614 515 4683 scholae
554 4624 791 4696 essent,
835 4615 903 4681 in
949 4617 1185 4699 quibus
1228 4616 1428 4699 aliqui
1486 4624 2036 4700 praepararentur
2078 4617 2191 4701 qui

273 4697 422 4785 legis
483 4703 745 4769 divinae
824 4701 1164 4767 scientiam
1237 4711 1660 4785 exponerent.
1769 4702 1863 4767 Et
1925 4702 2189 4787 quidem

272 4788 647 4854 nominatim
671 4787 910 4855 dicitur
931 4788 1202 4872 spiritus
1224 4786 1354 4852 Dei
1378 4806 1575 4871 super
1601 4785 1866 4854 Saulem
1899 4788 2189 4871 irruisse,

276 4880 337 4934 et
372 4874 542 4940 inter
584 4874 866 4958 reliquos
909 4875 1265 4958 prophetas
1298 4873 1741 4958 prophetasse.
1806 4874 1937 4941 Hic
1970 4873 2190 4942 obser-

277 4958 546 5025 vandum
585 4960 902 5027 donorum
926 4961 1051 5024 Dei
1097 4958 1464 5040 discrimen,
1500 4959 2041 5043 quemadmodum
2087 4967 2190 5027 est

275 5061 351 5106 ex
389 5053 519 5110 tota
561 5047 887 5129 scriptura
906 5044 1361 5129 conspicuum;
1406 5045 1521 5111 sed
1565 5066 1652 5111 ex
1672 5045 1882 5112 Paulo
1901 5047 2189 5112 maxime

274 5125 335 5191 in
398 5130 605 5214 Epist.
668 5130 751 5196 ad
817 5131 1219 5198 Corinthios.
1321 5131 1515 5196 Hanc
1578 5131 1660 5197 ob
1725 5152 1994 5199 causam
2059 5133 2186 5199 Dei

276 5215 564 5297 spiritum
618 5218 688 5283 in
746 5219 948 5285 saeris
1005 5217 1220 5282 varios
1277 5217 1501 5282 sortiri
1570 5217 1802 5283 titulos
1859 5217 2182 5286 videmus.

2310 758 2485 823 dinis
2497 781 2515 837 ;
2558 757 2955 836 constantiae,
3000 759 3263 841 timot-ie,
3308 758 3675 839 sapientiae,
3730 760 4254 829 mansuetudinis.

2311 843 2595 910 Diversa
2636 863 2794 909 sane
2830 844 3095 909 nomina
3124 844 3359 927 quibus
3384 844 3510 909 Dei
3545 844 3817 926 spiritus
3851 846 4256 929 appellatur:

2310 928 2425 995 sed
2463 927 2945 995 observandum
2990 931 3164 1013 quod
3207 930 3457 997 Paulus
3511 928 3594 995 ad
3641 930 3995 1010 Romanos,
4055 939 4123 996 et
4166 931 4256 1000 ad.

2312 1013 2692 1082 Corinthios
2758 1014 3048 1081 scribens
3105 1015 3312 1099 docet,
3378 1016 3532 1082 licet
3598 1013 3858 1082 diversa
3922 1017 4057 1082 sint
4119 1017 4254 1084 Dei

2312 1101 2515 1181 dona,
2594 1121 2799 1167 uuum
2881 1110 3105 1167 tamen
3179 1101 3321 1167 eius
3387 1121 3529 1166 esse
3596 1101 3918 1184 spiritum.
4019 1101 4257 1186 Itaque

2311 1206 2516 1269 quum
2558 1187 2826 1270 spiritus
2873 1195 2988 1252 aut
3032 1187 3315 1267 virtutis,
3376 1196 3490 1252 aut
3544 1187 3948 1271 prudentiae,
4010 1196 4126 1253 aut
4167 1189 4256 1254 ti-

2310 1273 2513 1339 moris
2558 1272 2812 1351 dicitur,
2857 1292 2992 1337 non
3035 1271 3183 1339 ideo
3227 1280 3451 1338 tamen
3497 1271 3746 1339 divisus
3787 1281 3904 1354 est,
3948 1272 4064 1339 sed
4107 1275 4255 1339 uni-

2310 1378 2427 1424 cus
2469 1357 2616 1424 fons
2660 1365 2728 1424 et
2770 1359 3166 1441 principium
3223 1380 3307 1425 ex
3355 1379 3485 1441 quo
3543 1359 3612 1423 in
3673 1377 3792 1424 nos
3835 1358 4019 1424 varia
4076 1358 4256 1426 dona

2313 1451 2604 1523 manant,
2650 1464 2769 1526 pro
2812 1444 3029 1529 gratia
3052 1464 3221 1527 quae
3264 1443 3543 1528 singulis
3587 1443 3741 1512 data
3782 1453 3914 1511 est:
3961 1454 4038 1510 ut
4080 1465 4252 1512 non-

2312 1548 2648 1613 nunquam
2694 1530 2818 1595 hoc
2862 1528 3030 1596 dono
3075 1529 3313 1613 aliquis
3357 1528 3655 1609 excellat,
3707 1531 3818 1613 qui
3873 1540 4093 1596 tamen
4151 1532 4249 1595 al·

2314 1623 2454 1680 tero
2489 1624 2727 1681 careat.
2798 1613 2910 1682 Sic
2945 1616 3187 1681 multos
3217 1616 3439 1682 videas
3474 1615 3796 1700 singulari
3822 1615 4252 1699 prudentiam

2312 1710 2380 1765 et
2419 1722 2547 1768 usu
2591 1702 2945 1766 multarum
2991 1721 3214 1767 rerum
3258 1700 3603 1785 praeditos,
3649 1701 3761 1784 qui
3798 1710 4019 1767 tamen
4063 1703 4252 1768 forti-

2311 1786 2542 1852 tudine
2584 1796 2652 1852 et
2693 1787 2900 1852 animi
2940 1789 3345 1870 praestantia
3378 1795 3620 1853 carent.
3683 1787 3866 1853 Alios
3911 1807 4067 1854 vero
4112 1796 4252 1856 tam

2311 1871 2659 1956 prudentia
2702 1893 2898 1955 quam
2941 1894 3065 1939 usu
3109 1891 3330 1939 rerum
3373 1881 3440 1938 et
3482 1871 3864 1938 fortitudine
3909 1871 4253 1956 excellere,

2310 1958 2546 2042 quibus
2589 1967 2812 2024 tamen
2859 1957 3180 2042 quaedam
3225 1959 3354 2024 alia
3397 1959 3607 2026 virtus
3650 1958 3851 2023 deest.
3923 1959 4254 2024 Nonnun-

2309 2063 2505 2128 quam
2554 2045 2751 2111 etiam
2796 2044 2981 2111 Deus
3025 2044 3324 2128 pluribus
3378 2043 3569 2109 donis
3627 2044 3880 2127 aliquos
3935 2044 4251 2128 cumulat,

2308 2138 2385 2195 ut
2426 2131 2660 2210 tribus,
2705 2139 3001 2214 quatuor,
3046 2131 3331 2214 quinque
3375 2128 3746 2209 virtutibus,
3792 2137 3909 2195 aut
3947 2129 4252 2213 pluribus

2307 2215 2507 2283 etiam
2553 2217 2903 2292 excellant,
2958 2225 3036 2281 ut
3092 2237 3350 2283 summa
3393 2217 3589 2281 fuerit
3637 2235 3862 2281 eorum
3916 2216 4252 2300 imperitia

2308 2301 2420 2385 qui
2462 2300 2547 2365 ad
2607 2303 3050 2386 septenarium
3108 2322 3460 2368 numerum
3516 2301 3906 2367 christianas
3962 2302 4252 2368 vinutea

2308 2386 2736 2453 reduxerunt.
2838 2388 3021 2454 Deus
3076 2389 3298 2472 itaque
3355 2386 3686 2454 distribuit
3742 2386 4020 2471 singulis
4075 2387 4252 2456 dona

2309 2491 2446 2551 sua,
2541 2482 2690 2539 rout
2730 2473 2860 2557 ipsi
2898 2474 3134 2557 placet,
3180 2472 3293 2539 sed
3340 2474 3434 2538 ita
3476 2484 3697 2538 tamen
3744 2480 3816 2537 ut
3850 2493 3985 2538 non
4025 2473 4252 2539 omnia

2308 2559 2487 2624 omni
2535 2580 2616 2626 us
2670 2559 2886 2639 donet,
2945 2558 3060 2626 sed
3119 2560 3209 2624 ita
3253 2566 3329 2625 ut
3385 2560 3495 2642 qui
3548 2578 3747 2624 unam
3796 2567 3916 2624 aut
3971 2558 4252 2625 alteram

2310 2644 2625 2712 virtutem
2669 2666 2752 2711 ex
2794 2645 3065 2729 speciali
3105 2643 3279 2711 dono
3321 2644 3539 2725 habet,
3594 2664 3725 2709 non
3780 2644 3936 2709 item
3983 2645 4254 2712 tertiam

2307 2741 2422 2796 aut
2464 2739 2765 2815 quartam
2812 2729 3068 2797 habeat.
3156 2731 3460 2813 Denique
3506 2729 3988 2796 observandum
4029 2730 4251 2796 Deum

2307 2814 2737 2883 nihilominus
2800 2817 2894 2884 sic
2959 2817 3246 2900 operari,
3312 2827 3388 2881 ut
3451 2836 3643 2882 nemo
3707 2816 3881 2881 inter
3946 2815 4250 2884 homines

2308 2902 2503 2984 plane
2542 2910 2610 2968 et
2652 2904 2936 2987 perfecte
2980 2902 3106 2968 dici
3153 2901 3364 2987 possit
3406 2908 3779 2976 renovatus,
3839 2908 3913 2965 ut
3955 2902 4128 2986 ipsos
4171 2900 4250 2967 in

2304 2988 2624 3053 modestia
2666 3001 2733 3053 et
2756 2988 3125 3055 humilitate
3146 2988 3495 3065 contineat,
3541 3007 3740 3069 quum
3766 2985 4057 3068 defectus
4090 3007 4246 3053 suos

2306 3074 2862 3140 animadvertunt.
2951 3074 3044 3140 Et
3083 3073 3312 3156 procul
3353 3071 3552 3139 dubio
3618 3071 3781 3137 bene
3836 3072 4024 3138 novit
4081 3069 4242 3154 quid

2306 3158 2495 3225 nobis
2535 3159 2864 3244 expediat.
2953 3160 3124 3226 Nam
3170 3160 3224 3225 si
3269 3160 3414 3243 quis
3459 3158 3540 3225 ad
3585 3177 3728 3222 eam
3773 3156 4248 3242 perfectionem

2304 3246 2700 3328 perveniret,
2747 3257 2825 3312 ιιι
2865 3244 2992 3313 sibi
3023 3245 3193 3311 nihil
3218 3243 3477 3311 decesse
3512 3253 3790 3327 putaret,
3833 3244 3946 3308 sei
3998 3263 4069 3309 so
4092 3263 4247 3309 con-

2304 3339 2547 3410 tentus,
2592 3333 2924 3415 proximos
2968 3340 3431 3397 contemneret.
3498 3329 3719 3395 Huius
3763 3329 3947 3395 distri
3997 3329 4244 3396 utionis

2306 3415 2623 3482 donorum
2668 3426 2808 3483 esto
2853 3418 3043 3483 nobis
3089 3417 3197 3484 hic
3255 3414 3631 3498 exemplum
3677 3414 3861 3481 Saul.
3950 3413 4242 3498 Spiritus

2303 3503 2482 3566 enim
2526 3501 2774 3569 domini
2818 3524 3017 3588 super
3051 3503 3265 3587 ipsum
3300 3502 3493 3568 irruit
3527 3499 4045 3566 extraordinaria
4077 3520 4242 3584 qua-

2302 3587 2454 3654 dam
2500 3590 2771 3668 ratione,
2827 3599 2894 3655 et
2950 3589 3019 3653 in
3064 3608 3308 3654 novum
3368 3587 3701 3652 hominem
3759 3594 4051 3652 mutatus
4106 3595 4242 3652 est:

2305 3694 2381 3740 ac
2424 3693 2535 3740 cor
2567 3693 2816 3740 novum
2862 3674 2923 3743 ei
2946 3675 3273 3741 Dominus
3317 3672 3514 3738 dedit.
3582 3672 3754 3737 Nam
3798 3691 4002 3754 quum
4040 3680 4242 3739 antea

2301 3760 2585 3825 rusticus
2629 3761 2871 3827 rustica
2923 3768 3201 3837 curaret,
3260 3758 3444 3824 Deus
3500 3757 3595 3823 illi
3640 3758 3891 3842 regiam
3950 3765 4240 3823 mentem

2298 3845 2541 3926 iniecit,
2595 3854 2672 3912 ut
2713 3845 2796 3912 ad
2832 3846 3148 3929 populum
3192 3842 3554 3929 regendum
3610 3853 3676 3908 et
3733 3843 4241 3927 gubernandum

2296 3929 2489 3998 fieret
2530 3931 2822 3997 idoneus.
2889 3931 3070 4016 Ergo
3112 3932 3242 3996 iam
3286 3930 3409 3997 hoc
3453 3929 3620 3994 dono
3661 3928 3959 4012 insignis,
4007 3949 4239 3996 rursus

2297 4015 2427 4082 alio
2467 4026 2763 4103 augetur,
2810 4017 3318 4101 superveniente
3361 4035 3561 4098 super
3605 4014 3818 4097 ipsum
3855 4013 4238 4097 prophetico

2296 4123 2328 4167 s
2375 4102 2556 4168 iritu.
2645 4101 2779 4169 Sed
2821 4122 3045 4168 nonne
3100 4102 3235 4168 iam
3285 4109 3482 4167 antea
3538 4099 3844 4182 spiritum
3904 4097 4234 4166 habebat?

2361 4208 2438 4254 ae
2480 4188 2851 4270 admodum,
2894 4188 3009 4254 sed
3053 4186 3318 4270 speciali
3362 4185 3530 4252 dono
3577 4188 3761 4251 Deus
3805 4183 4041 4265 adiicit,

2295 4273 2584 4358 tiamque
2624 4276 2840 4359 gratia
2882 4273 3196 4353 cumulat,
3254 4293 3332 4339 ac
3374 4270 3757 4355 prophet-iae
3814 4270 4012 4336 etiam
4057 4207 4232 4337 dono

2291 4358 2484 4426 illum
2528 4369 2805 4426 exornat
2848 4366 2915 4425 et
2956 4358 3275 4439 nobilitat,
3322 4369 3397 4423 ut
3431 4379 3508 4423 eo
3551 4357 3739 4442 signo
3776 4364 4050 4422 externo
4085 4355 4232 4422 red-

2295 4443 2489 4510 datur
2509 4444 2906 4524 honoratior,
2951 4454 3019 4511 et
3041 4443 3279 4529 populo
3315 4445 3524 4511 carior
3545 4452 3615 4509 et
3643 4441 3982 4524 acceptior,
4025 4461 4229 4525 quum

2292 4551 2414 4596 rex
2456 4551 2497 4596 a
2542 4532 2684 4598 Deo
2727 4532 2887 4616 ipsis
2944 4531 3140 4598 datus
3182 4529 3638 4598 declarabitur.
3725 4525 3982 4608 Quibus
4038 4526 4228 4594 doce-

2291 4636 2461 4696 mur,
2507 4619 2788 4701 acceptis
2832 4637 2872 4682 a
2894 4618 3039 4683 Deo
3063 4616 3250 4682 donis
3272 4617 3369 4681 uti
3413 4617 3480 4680 in
3524 4613 3968 4697 proximorum
3992 4632 4226 4680 usum:

2290 4710 2368 4767 ut
2408 4702 2697 4770 vicissim
2740 4703 3190 4789 proximorum
3227 4702 3399 4768 dona
3436 4701 3507 4765 in
3541 4708 3830 4765 nostram
3873 4698 4225 4765 utilitatem

2290 4786 2520 4854 cedere
2577 4788 2836 4869 debent,
2909 4797 2984 4854 ut
3047 4799 3275 4855 mutua
3347 4785 3664 4850 donorum
3722 4784 4224 4851 communicatio

2288 4874 2501 4954 faciat,
2558 4895 2642 4939 ne
2684 4874 2842 4959 quid
2886 4874 3009 4940 sibi
3047 4876 3192 4959 quis
3234 4872 3572 4957 proprium
3619 4868 3921 4948 vindicet,
3981 4869 4093 4935 sed
4139 4891 4226 4938 ex

2289 4958 2476 5026 donis
2497 4960 2776 5026 aliorum
2797 4962 3072 5045 quisque
3094 4960 3289 5026 etiam
3310 4958 3594 5023 fructum
3614 4955 3949 5038 percipiat.
3992 4956 4232 5024 Posset

2288 5046 2462 5111 enim
2510 5047 2713 5125 Deus,
2770 5057 2850 5113 ut
2903 5054 3058 5112 ante
3116 5043 3271 5123 dixi,
3332 5061 3456 5108 nos
3515 5050 3845 5107 momento
3900 5040 4228 5124 perfectos

2288 5130 2595 5198 reddere:
2656 5133 2771 5200 sed
2825 5142 2966 5199 tum
3026 5129 3208 5197 nulla
3266 5137 3437 5194 esset
3494 5147 3641 5192 cum
3685 5127 4001 5212 proximis
4052 5146 4230 5194 com·

2289 5218 2667 5285 municatio.
2776 5219 2947 5285 Nam
3041 5213 3362 5301 quomodo
3446 5214 3807 5279 fraternam
3883 5213 4229 5283 caritatem

3714 5314 3818 5370 39·
