5059 6059
301 324 422 387 397

291 514 572 578 cultates
639 513 960 578 redactus.
1075 512 1253 577 Hinc
1332 522 1603 596 apparet
1669 511 1992 594 quomodo
2062 513 2244 575 Deus

295 600 481 663 nobis
539 620 733 682 saepe
776 598 1289 664 caecutientibus
1334 614 1396 662 et
1443 598 1919 662 dormientibus
1963 599 2031 660 in
2090 616 2242 660 nos-

299 696 473 750 tram
541 685 817 750 salutem
899 685 1153 768 vigeat,
1244 694 1310 748 et
1391 686 1458 747 in
1529 696 1820 750 nostram
1894 682 2242 746 utilitatem

295 773 518 835 omnia
560 772 822 854 dirigat,
882 782 948 835 et
1006 792 1125 836 sua
1168 770 1576 853 providentia
1621 769 1806 834 nobis
1859 768 2111 834 occulta
2168 786 2245 831 ea

295 856 377 920 de
423 857 661 939 quibus
709 876 1043 939 nunquam
1104 857 1574 940 cogitassemus
1621 854 1944 937 praesidia
2002 872 2242 935 suppe-

293 942 489 1006 ditet:
550 944 773 1024 itaque
833 963 1025 1024 saepe
1083 962 1283 1024 quum
1343 943 1646 1025 ingentes
1704 954 1958 1005 montes
2005 937 2243 1004 nostris

297 1028 505 1093 oculis
572 1028 1001 1105 obiiciantur,
1085 1030 1318 1110 quibus
1398 1028 1852 1109 intercipimur
1918 1028 2060 1091 sine
2125 1043 2240 1106 spe

297 1115 554 1196 auxilii,
623 1117 900 1197 ipsemet
966 1114 1137 1178 viam
1207 1114 1417 1196 aperit
1481 1125 1547 1177 et
1599 1114 1938 1195 patefacit:
2007 1113 2061 1176 si
2118 1111 2238 1173 im-

297 1219 529 1265 manes
575 1201 869 1283 gurg'ites
913 1201 1327 1277 obiiciuntur,
1375 1206 1604 1282 pontes
1648 1200 1881 1281 quibus
1923 1199 2064 1262 sine
2108 1193 2238 1259 dis·

292 1287 571 1350 crimine
615 1286 760 1350 illos
805 1299 1215 1351 transeamus
1260 1286 1503 1351 obiicit.
1597 1286 1894 1367 Denique
1938 1280 2239 1347 omnibus

293 1370 380 1434 ad
439 1383 729 1437 nostram
794 1372 1072 1436 salutem
1135 1372 1517 1437 necessariis
1581 1370 1894 1452 providet,
1946 1369 2106 1433 adeo
2165 1375 2241 1429 ut

293 1478 370 1522 re
414 1458 555 1540 ipsa
600 1459 1016 1540 experiamur
1053 1457 1215 1522 nibil
1254 1478 1395 1522 esse
1441 1458 1649 1522 tutius
1687 1457 2006 1520 meliusve
2043 1473 2238 1537 quam

295 1563 417 1607 nos
465 1543 587 1625 ipsi
633 1554 802 1608 totos
847 1546 1240 1625 permittere,
1301 1557 1375 1607 ut
1419 1554 1748 1626 acceptam
1811 1542 1906 1606 illi
1954 1544 2240 1606 feramus

291 1632 498 1692 vitam
559 1641 868 1705 nostram,
940 1642 1004 1693 et
1069 1631 1268 1694 totius
1333 1628 1511 1693 vitae
1579 1629 1997 1701 curriculum,
2061 1637 2238 1693 certo

289 1716 588 1795 persuasi
635 1736 741 1781 res
786 1736 1014 1780 omnes
1059 1726 1312 1781 creatas
1357 1715 1426 1778 in
1473 1718 1675 1797 ipsius
1709 1734 1854 1779 esse
1898 1724 2239 1795 potestate,

289 1801 530 1881 quibus
575 1822 775 1882 quum
823 1822 984 1884 opus
1029 1801 1154 1866 erit
1199 1802 1280 1865 ad
1321 1810 1614 1865 nostrum
1652 1800 1969 1864 auxilium
1999 1810 2238 1874 utatur,

291 1896 366 1950 et
442 1886 912 1968 impedimenta
988 1889 1209 1951 omnia
1286 1907 1360 1951 ac
1436 1887 1856 1953 difficultates
1934 1885 2239 1950 facillime

289 1986 577 2054 superet,
624 1973 858 2056 quibus
904 1973 1188 2055 alioquin
1229 1974 1416 2038 facile
1464 1984 1874 2038 terreremur.
1950 1971 2045 2036 At
2088 1971 2241 2036 licet

289 2068 471 2122 totus
538 2060 715 2124 orbis
780 2060 848 2123 in
917 2079 1030 2125 nos
1095 2061 1470 2138 coniurarit,
1571 2062 1691 2124 Dei
1753 2071 1970 2123 tamen
2042 2059 2238 2121 unius

285 2143 712 2226 providentia
759 2146 941 2209 nobis
980 2144 1279 2211 sufficiat.
1353 2145 1536 2211 Haec
1573 2148 1791 2230 itaque
1828 2143 2022 2208 valde
2058 2144 2241 2209 utilis

288 2230 595 2295 doctrina
653 2233 1041 2312 proponitur
1100 2233 1166 2296 in
1223 2231 1445 2295 verbis
1504 2233 1650 2309 illis,
1724 2232 1961 2315 quibus
2021 2229 2240 2295 David

286 2313 586 2397 gladium
634 2315 925 2382 Goliathi
975 2319 1293 2400 reperisse
1328 2318 1499 2399 apud
1537 2318 1934 2383 sacerdotem
1982 2316 2237 2381 dicitur.

289 2403 440 2465 Iam
520 2414 672 2465 ante
751 2401 1227 2468 declaravimus
1309 2423 1446 2467 rem
1515 2403 1748 2468 bonam
1815 2412 2240 2483 sanctamque

287 2489 514 2565 fuisse,
561 2488 948 2552 dicationem
1008 2488 1184 2553 illam
1231 2490 1432 2575 gladii
1476 2491 1666 2554 istius
1724 2491 1789 2553 in
1847 2487 2237 2565 sanctuariO,

287 2590 604 2655 tanquam
665 2575 928 2657 signum
990 2585 1374 2657 perpetuum
1438 2575 1749 2639 victoriae
1808 2575 1981 2638 illius
2040 2594 2234 2657 quam

288 2658 517 2725 David
575 2660 654 2725 de
713 2659 1027 2726 Goliatho
1087 2674 1551 2742 reportaverat,
1615 2682 1746 2725 non
1810 2660 2051 2724 virtute
2096 2658 2237 2743 qui-

287 2747 445 2810 dem
509 2748 801 2829 propria,
883 2748 991 2810 sed
1061 2749 1332 2812 coelitus
1415 2749 1731 2821 immissa,
1810 2764 2238 2831 congressui-o

285 2832 534 2915 alioqui
597 2833 857 2899 Davide
924 2854 1069 2897 cum
1139 2844 1272 2897 tam
1333 2834 1603 2897 immani
1665 2834 1930 2918 gigante
1991 2831 2237 2896 viribus

283 2917 485 2999 longe
545 2918 924 3001 imparibus,
992 2921 1118 2983 nisi
1170 2920 1347 2984 Deus
1415 2921 1555 3002 ipse
1620 2920 1797 2983 vires
1862 2928 1928 2984 et
1985 2917 2237 2982 animos

283 3005 418 3086 ipsi
456 3006 848 3071 suffecisset:
890 3004 1409 3087 quandoquidem
1448 3027 1630 3071 arma
1666 3005 1776 3070 illa
1813 3004 2049 3088 quibus
2087 3024 2236 3068 eum

281 3110 416 3155 rex
462 3092 702 3155 armari
747 3089 826 3154 ad
873 3112 1165 3175 pugnam
1206 3103 1662 3176 properantem
1701 3091 2020 3170 voluerat,
2067 3090 2235 3157 abie-

281 3186 477 3244 cerat
519 3185 831 3258 tanquam
878 3177 1001 3242 sibi
1047 3177 1261 3260 potius
1307 3178 1770 3259 impedimento
1816 3198 2006 3261 quam
2053 3175 2236 3241 adiu·

283 3278 518 3328 mento
577 3263 817 3329 futura.
907 3262 1132 3343 Quare
1198 3264 1251 3327 si
1321 3263 1704 3345 simpliciter
1770 3264 2008 3328 factum
2072 3262 2236 3328 illud

279 3348 519 3415 Saulis
560 3348 851 3432 gladium
899 3348 1043 3413 Deo
1089 3350 1367 3415 dicantis
1413 3350 1805 3429 intueamur,
1850 3351 1992 3414 sine
2033 3369 2239 3432 prava

269 3433 518 3502 Saulis
582 3448 804 3501 mente
862 3450 928 3502 et
990 3438 1370 3511 intentione,
1440 3447 1692 3500 certum
1753 3448 1852 3501 est
1911 3436 2078 3501 hanc
2125 3436 2237 3500 ob-

273 3522 604 3586 lationem
652 3523 849 3588 fuisse
895 3523 1156 3586 divinae
1201 3521 1412 3587 laudis
1469 3523 1932 3602 testimonium,
1988 3534 2054 3586 et
2097 3534 2241 3585 tan-

274 3626 491 3690 quam
538 3608 926 3673 sacriflcium
970 3608 1107 3672 Deo
1142 3621 1402 3691 gratum
1442 3614 1510 3673 et
1549 3618 1905 3691 acceptum.
1964 3606 2237 3684 Verum,

275 3704 374 3757 ut
417 3704 569 3756 ante
616 3693 918 3774 diximus,
966 3697 1218 3775 profani
1259 3695 1556 3759 homines
1601 3705 1669 3759 et
1715 3694 2093 3779 hypocritae
2138 3714 2236 3757 so·

273 3781 434 3844 lent
479 3799 596 3843 sua
641 3781 799 3844 vitia
860 3790 925 3846 et
969 3800 1205 3862 pravos
1257 3781 1528 3846 affectus
1576 3781 1700 3845 Dei
1759 3779 2006 3865 gloriae
2051 3800 2238 3863 prae·

273 3874 484 3929 textu
557 3876 792 3949 tegere.
887 3867 998 3933 Sic
1064 3866 1346 3948 exempli
1413 3867 1645 3951 gratia,
1713 3869 1765 3931 si
1835 3866 1917 3931 ob
1983 3880 2238 3949 partam

273 3951 580 4033 aliquam
631 3952 971 4018 victoriam
1018 3951 1203 4035 ignes
1249 3955 1717 4017 accendantur:
1764 3954 1816 4016 si
1862 3953 1931 4016 in
1981 3953 2240 4034 templis

275 4036 592 4101 detracta
639 4038 933 4105 hostibus
977 4038 1183 4122 spolia
1239 4052 1303 4104 et
1349 4038 1591 4103 vexilla
1636 4037 2126 4122 suspendantur
2172 4041 2238 4102 in

273 4132 683 4207 perpetuam
747 4126 1058 4190 victoriae
1105 4124 1502 4203 memoriam,
1561 4124 1867 4189 videntur
1926 4124 2052 4189 ista
2095 4124 2238 4211 qui-

272 4211 447 4274 dem
527 4209 789 4291 publica
855 4212 1171 4293 quaedam
1251 4213 1637 4295 protestatio
1719 4210 1976 4275 divinae
2046 4209 2237 4274 bene-

275 4294 640 4371 velentiae,
686 4297 870 4361 cuius
907 4297 1152 4362 auxilio
1190 4298 1463 4362 victoria
1497 4307 1687 4381 parta
1724 4297 1824 4373 sit,
1870 4295 1980 4359 scd
2021 4306 2238 4360 tamen

273 4386 417 4448 hac
485 4383 737 4447 ratione
802 4404 958 4449 suae
1022 4383 1273 4468 gloriae
1334 4383 1531 4446 etiam
1596 4381 1895 4446 homines
1952 4381 2238 4458 student,

273 4470 410 4554 qni
474 4468 898 4534 nihilominus
958 4469 1086 4533 Dei
1157 4468 1402 4553 gloriae
1469 4468 1756 4532 maximo
1815 4466 2029 4531 studio
2087 4467 2239 4532 ferri

271 4554 510 4621 videri
556 4555 803 4619 volunt.
894 4553 1461 4635 Quemadmodum
1521 4554 1678 4617 olim
1723 4560 2044 4636 propheta
2088 4574 2238 4618 con·

275 4639 690 4726 querebatur
749 4640 830 4706 de
882 4640 962 4704 iis
1020 4643 1129 4723 qui
1178 4640 1447 4706 Domini
1504 4639 1709 4705 altare
1755 4640 2036 4703 victimis
2084 4658 2241 4703 one-

273 4728 553 4806 rabant,
599 4727 781 4809 quasi
827 4728 1048 4790 omnia
1093 4748 1212 4792 sua
1256 4727 1400 4792 Deo
1444 4735 1708 4808 accepta
1755 4725 2004 4789 ferrent
2049 4725 2238 4791 debe·

279 4816 482 4898 rique
542 4823 1009 4896 agnoscerent:
1078 4812 1190 4878 sed
1250 4814 1515 4877 interim
1575 4812 1700 4877 sibi
1762 4811 1919 4893 ipsis
1989 4811 2240 4894 retique

281 4923 413 4966 suo
481 4898 954 4975 sacrificabant,
1021 4919 1308 4982 suaeque
1375 4899 1641 4963 virtutis
1707 4895 2068 4962 industriae
2133 4897 2241 4961 ad·

283 4986 685 5061 scribebant,
755 4996 818 5048 et
877 4985 1046 5068 apud
1110 4985 1348 5069 vulgus
1408 4981 1900 5067 praedicabant:
1993 4981 2237 5047 Verum

281 5090 722 5156 quaecunque
806 5090 990 5135 mens
1072 5068 1290 5136 Saulis
1375 5071 1601 5136 fuerit:
1681 5068 1867 5132 Deus
1993 5068 2241 5133 ladium

279 5161 496 5225 istum
564 5156 858 5221 Goliathi
927 5177 1044 5222 sua
1110 5156 1522 5238 providentia
1580 5156 1648 5220 in
1709 5175 1897 5219 usum
2027 5153 2240 5219 avidis

277 5240 625 5314 reservari
664 5243 890 5310 voluit.

1651 324 1742 387 IN
1793 324 1845 387 1.
1897 324 2073 388 LlB.
2123 322 2527 388 SAMUEL.
2578 322 2780 389 CAP.
2830 324 3025 390 XXI.

2290 514 2299 629 l

4163 328 4289 394 398

2521 510 2871 578 Caeterum
2930 516 3174 580 mentio
3239 515 3553 597 quaedam
3625 517 3835 582 obiter
3899 517 4292 585 interiicitur

2348 595 2584 680 Doegi,
2646 599 2759 681 qui
2806 600 3281 680 potentissimus
3324 606 3660 681 pastorum
3721 601 3885 668 Saul
3935 603 4140 683 fuisse
4197 604 4294 669 di·

2348 681 2539 747 citur.
2633 682 2764 749 Sed
2822 686 2893 749 in
2951 687 3337 769 explicanda
3394 687 3585 753 istius
3646 690 3998 754 autoritate
4041 689 4290 756 diutius

2348 788 2476 832 non
2548 769 3063 853 immorabimur,
3131 773 3186 838 si
3247 772 3507 856 quidem
3567 796 3696 839 non
3764 796 3894 839 uno
3959 775 4098 842 loco
4167 776 4292 840 dici

2346 854 2568 918 omnia
2636 868 2940 937 possunt:
3024 858 3451 924 nibilominus
3514 858 3725 924 obiter
3788 861 4290 942 observandum,

2344 959 2544 1021 quare
2605 944 3098 1023 potentissimus
3165 946 3269 1009 vel
3328 945 3713 1028 praecipuus
3772 947 3943 1010 inter
4002 958 4292 1031 pastores

2345 1025 2623 1100 dicatur,
2744 1028 2915 1094 Nam
2996 1029 3286 1095 insolens
3366 1031 3573 1096 videri
3655 1048 3873 1116 posset
3939 1034 4005 1097 in
4072 1033 4290 1117 aliquo

2343 1109 2685 1194 dignitatis
2744 1114 2949 1198 gradu
3011 1114 3233 1181 haberi
3296 1118 3396 1181 vel
3465 1116 3812 1201 opilionem
3884 1120 3987 1184 vel
4058 1120 4290 1185 bubul-

2342 1215 2492 1261 cum
2510 1198 2594 1283 θ’),
2656 1201 2806 1264 licet
2852 1200 2955 1266 vel
3020 1202 3192 1285 regis
3244 1212 3544 1268 armenta
3602 1204 3703 1269 vel
3758 1226 3991 1289 greges
4050 1216 4289 1288 pascat,

2341 1291 2408 1346 et
2468 1285 2734 1367 reliquis
2795 1287 3207 1352 inferioribus
3265 1291 3628 1371 praefectus
3686 1290 3789 1354 sit.
3880 1289 4133 1355 Verum
4179 1292 4288 1356 ob-

2341 1370 2665 1435 servanda
2721 1383 2821 1435 est
2878 1373 3076 1437 etiam
3123 1384 3489 1456 temporum
3552 1383 3618 1439 et
3675 1376 4017 1460 regionum
4072 1377 4283 1443 diver-

2342 1454 2520 1531 sitas,
2582 1478 2737 1521 nam
2796 1457 2964 1541 quod
3022 1467 3122 1524 est
3181 1461 3247 1524 in
3309 1459 3433 1526 hac
3491 1463 3755 1545 regione
3791 1482 4152 1539 commune,
4217 1465 4287 1529 in

2342 1538 2455 1603 illa
2516 1560 2646 1606 non
2707 1554 2823 1607 est.
2914 1544 3005 1608 Et
3059 1543 3270 1610 adhuc
3331 1545 3521 1611 hodie
3578 1546 3819 1612 multos
3876 1568 4176 1631 proceres
4223 1561 4291 1614 et

2345 1627 2687 1706 primarios
2746 1628 2927 1694 viros
2973 1629 3214 1709 videas,
3275 1652 3404 1696 non
3448 1632 3660 1696 solum
3707 1631 4140 1715 amplissimos
4190 1657 4289 1701 re-

2344 1711 2520 1777 ditus
2566 1733 2648 1777 ex
2708 1715 3018 1800 gregibus
3077 1726 3146 1780 et·
3203 1720 3516 1781 armentis
3577 1717 3845 1795 habere,
3912 1718 4024 1783 sed
4093 1720 4286 1786 etiam

2342 1817 2681 1863 servorum
2738 1802 2990 1884 copiam
3052 1804 3159 1885 qui
3221 1802 3465 1887 singuli
3522 1805 3657 1869 suis
3717 1805 4028 1888 gregibus
4073 1818 4139 1871 et
4182 1829 4285 1872 ar·

2341 1885 2584 1949 mentis
2628 1888 2937 1969 praesint,
2983 1886 3142 1952 adeo
3190 1898 3263 1952 ut
3306 1889 3599 1971 ipsorum
3658 1889 3998 1957 facultates
4043 1913 4171 1957 non
4220 1895 4287 1957 in

2343 1971 2486 2034 auri
2534 1984 2650 2034 aut
2694 1973 2952 2056 argenti
2999 1974 3206 2055 copia,
3263 1976 3374 2039 sed
3422 1976 3489 2039 in
3538 1985 3984 2040 armentorum
4030 1988 4097 2042 et
4141 2000 4290 2062 gre-

2343 2074 2502 2138 gum
2549 2055 2955 2124 abundantia
2999 2060 3343 2125 consistat:
3405 2060 3578 2144 quod
3634 2062 3895 2144 quidem
3954 2084 4110 2128 sane
4156 2085 4287 2129 non

2344 2140 2587 2226 ubique
2646 2142 2972 2209 laudabile
3034 2156 3158 2226 est,
3221 2145 3334 2211 sed
3394 2147 3587 2212 multi
3646 2150 3779 2213 vile
3839 2157 3904 2212 et
3964 2149 4284 2215 abiectum

2342 2229 2517 2293 vitae
2542 2250 2751 2312 genus
2775 2231 3173 2296 existimant·
3216 2231 3467 2298 Idcirco
3492 2233 3626 2297 dixi
3651 2232 4113 2299 advertentiam
4142 2257 4287 2301 esse

2341 2323 2710 2398 temporum
2773 2326 2840 2382 et
2884 2316 3223 2400 regionum
3286 2317 3755 2384 diversitatem.
3842 2318 4287 2400 Quemadmo-

2344 2402 2500 2466 dum
2550 2411 2617 2466 et
2663 2401 2857 2467 hodie
2902 2423 3089 2486 reges
3133 2424 3284 2469 suos
3329 2405 3529 2469 etiam
3590 2404 3828 2470 habere
3873 2407 4283 2481 stabularios,

2342 2507 2624 2569 quorum
2668 2488 2952 2552 officium
3013 2500 3112 2553 est
3156 2510 3356 2573 equos
3402 2499 3469 2555 et
3511 2490 3722 2556 mulos
3767 2491 3958 2572 alere,
4018 2514 4099 2557 ex
4145 2495 4285 2575 qui·

2348 2574 2468 2638 bus
2513 2573 2876 2638 maximum
2938 2574 3182 2640 habent
3238 2576 3546 2640 reditum.
3636 2576 3887 2642 Eadem
3938 2578 4139 2662 igitur
4184 2601 4285 2644 ra-

2343 2660 2516 2723 tione
2577 2658 2699 2725 hoc
2759 2660 2895 2725 loco
2942 2660 3150 2744 Doegi
3205 2670 3515 2744 tanquam
3574 2662 3954 2729 excellentis
4012 2664 4287 2731 alicuius

2343 2757 2409 2809 et
2466 2745 2813 2828 primariae
2871 2746 3238 2811 autoritatis
3296 2749 3421 2811 viri
3484 2747 3658 2814 inter
3716 2749 3891 2833 regis
3943 2770 4167 2817 servos
4214 2755 4288 2816 fit

2343 2831 2606 2896 mentio.
2697 2831 2957 2897 Dicitur
3012 2844 3230 2898 autem
3277 2832 3452 2917 Doey
3503 2834 3613 2900 ille
3662 2835 3867 2916 fuisse
3910 2838 3979 2900 in
4023 2837 4125 2900 die
4174 2837 4288 2902 illa

2343 2918 2514 2980 intus
2566 2916 2961 2984 tabemaculo
3013 2917 3307 2984 Domini:
3372 2930 3440 2983 et
3505 2919 3765 2985 videtur
3831 2942 3906 2985 eo
3973 2922 4285 3004 peculiari

2343 3003 2624 3084 quadam
2670 3003 2986 3087 religione
3031 3003 3262 3070 ductus
3309 3005 3585 3070 venisse.
3674 3005 3844 3070 Nam
3904 3007 3960 3070 si
4006 3008 4092 3070 ibi
4141 3020 4283 3072 tan-

2344 3099 2482 3153 tum
2530 3089 2860 3154 habitasse
2905 3089 3248 3165 diceretur,
3312 3099 3427 3155 aut
3483 3111 3635 3156 casu
3696 3091 3909 3174 aliquo
3966 3093 4035 3155 in
4096 3113 4282 3158 sanc-

2344 3175 2559 3239 tuario
2606 3176 2825 3256 fuisse,
2874 3196 3001 3240 non
3049 3190 3267 3259 posset
3313 3176 3391 3240 ad
3435 3177 3556 3241 Dei
3598 3177 3849 3242 cultum
3887 3176 3998 3242 illa
4033 3180 4285 3244 mansio

2345 3262 2592 3337 referri,
2650 3262 2765 3324 sed
2823 3282 2900 3326 ea
2945 3261 3309 3343 praesentia
3372 3260 3450 3326 de
3494 3284 3621 3344 qua
3663 3264 3770 3328 bic
3817 3284 4029 3328 sermo
4075 3266 4284 3331 iniici-

2343 3357 2469 3426 tur,
2528 3346 2814 3411 ostendit
2858 3368 3006 3410 eum
3054 3347 3369 3431 religione
3425 3348 3775 3413 adductum
3838 3370 4061 3434 preces
4106 3351 4282 3434 apud

2341 3431 2559 3498 Deum
2607 3431 2873 3508 fudisse,
2934 3446 2999 3496 et
3043 3434 3349 3516 pietatem
3399 3456 3554 3518 prae
3614 3457 3682 3499 se
3728 3435 3955 3500 tulisse
3998 3437 4163 3518 quod
4213 3440 4282 3500 in

2343 3517 2557 3585 locum
2605 3539 2755 3582 eum
2802 3518 3190 3596 secessisset,
3248 3540 3438 3601 quem
3487 3521 3609 3585 sibi
3658 3522 3840 3586 Deus
3883 3520 4170 3606 elegerat
4215 3524 4284 3588 in

2341 3624 2470 3686 quo
2539 3625 2773 3668 nomeu
2843 3625 3034 3669 suum
3101 3605 3553 3670 invocaretur:
3621 3606 3814 3671 hodie
3881 3627 4038 3672 vero
4105 3629 4286 3675 mera

2343 3690 2720 3773 superstitio
2780 3699 2846 3753 et
2889 3689 3258 3756 idololatria
3315 3689 3617 3758 habenda
3661 3704 3760 3757 est
3804 3694 3859 3758 si
3906 3694 4050 3776 quis
4095 3713 4284 3776 pecu·

2289 3784 2295 3889 Ι
2345 3777 2572 3841 liarem
2618 3775 2901 3856 aliquem
2947 3776 3064 3841 reli
3106 3776 3322 3876 ’iosum
3387 3777 3597 3841 locum
3658 3778 3738 3842 ad
3797 3798 4022 3862 preces
4068 3779 4283 3858 habet,

2344 3862 2887 3946 quemadmodum
2970 3862 3054 3926 ho
3102 3884 3163 3926 ie
3241 3865 3525 3945 papistas
3606 3864 3906 3929 videmus
3970 3886 4281 3951 magnum

2344 3949 2670 4032 quendam
2717 3946 2962 4012 cultum
3018 3948 3134 4012 Dei
3181 3948 3250 4012 in
3296 3951 3430 4014 suis
3476 3949 3605 4014 illis
3642 3950 4282 4034 peregrinationibus

2344 4037 2762 4112 constituere,
2805 4047 2869 4097 et
2915 4034 2995 4099 ab
3043 4036 3345 4099 omuibus
3383 4035 3766 4101 criminibus
3812 4036 4284 4101 absolutionem

2342 4119 2712 4205 imaginari,
2760 4120 2955 4184 etiam
3004 4120 3057 4184 si
3096 4143 3177 4184 ex
3215 4130 3365 4185 voto
3391 4122 3603 4187 Iacobi
3632 4122 3735 4185 vel
3762 4123 4081 4187 Dominae
4106 4122 4284 4187 Lau-

2343 4217 2659 4272 rentanae
2717 4202 3023 4269 sacellum
3082 4205 3188 4269 vel
3250 4227 3507 4271 sacrum
3566 4208 3737 4291 quod
3785 4220 4020 4273 vocant
4066 4207 4281 4290 sepul-

2343 4312 2525 4358 crum
2573 4291 3037 4374 perlustrarint
3085 4292 3184 4355 vel
3230 4291 3500 4358 ludicris
3535 4291 3918 4376 quibusdam
3959 4313 4281 4358 caeremo-

2346 4379 2493 4457 niis,
2551 4398 2711 4460 quas
2768 4377 2886 4441 sibi
2948 4378 3320 4457 finxerunt,
3382 4379 3598 4444 Deum
3660 4379 3785 4444 sibi
3845 4379 4280 4443 devinxerint.

2345 4464 2522 4530 Sane
2561 4463 2873 4547 quamdiu
2923 4463 3231 4612 populum
3278 4485 3470 4530 suum
3519 4466 3701 4530 Deus
3744 4462 3865 4530 sub
3912 4464 4074 4547 legis
4120 4465 4285 4547 figu-

2344 4552 2433 4616 ris
2489 4563 2555 4615 et
2615 4548 2860 4613 umbris
2920 4570 3003 4631 gu
3055 4552 3334 4630 ernavit,
3403 4570 3529 4614 non
3590 4549 3860 4613 fuerunt
3920 4549 4031 4613 illa
4096 4572 4283 4614 exer-

2343 4637 2496 4703 citia
2531 4632 2955 4720 reprobanda.
3024 4634 3594 4716 Quemadmodum
3620 4645 3684 4700 et
3706 4633 4035 4699 Davidem
4068 4634 4286 4717 ipsum

2345 4724 2410 4786 in
2457 4722 2716 4805 magnis
2779 4720 2914 4785 suis
2974 4720 3321 4787 eiulatibus
3381 4720 3461 4785 de
3518 4720 3639 4786 hoc
3688 4742 3818 4785 uno
3861 4721 4043 4803 queri
4105 4719 4281 4785 vide-

2343 4829 2510 4888 mus,
2557 4828 2690 4871 non
2735 4804 2931 4872 licere
2978 4804 3101 4871 sibi
3147 4829 3294 4873 cum
3356 4807 3624 4871 Domini
3671 4827 3869 4890 grege
3913 4809 4281 4883 convenire,

2344 4904 2410 4960 et
2455 4892 2679 4959 laudes
2723 4892 2929 4974 ipsius
2973 4891 3042 4956 in
3088 4893 3376 4958 fidelium
3415 4902 3601 4957 coetu
3641 4892 4009 4969 decantare,
4056 4892 4281 4958 fidem·

2343 5001 2470 5066 que
2515 4998 2702 5044 suam
2747 4979 3057 5061 profiteri.
3122 4978 3395 5043 Factum
3441 4978 3643 5060 igitur
3667 4978 3839 5043 istud
3865 4978 4285 5061 Doegicuius

2343 5067 2450 5132 hic
2507 5067 2583 5129 fit
2640 5064 2882 5129 mentio
2939 5085 3056 5146 per
3122 5083 3191 5128 se
3246 5062 3509 5146 quidem
3570 5064 3811 5129 bonum
3875 5071 3941 5128 et
3984 5074 4282 5131 sanctum

2484 5255 2544 5322 ⁸)
2578 5253 2786 5309 Locum
2803 5251 2863 5304 in
2892 5249 2974 5305 ed.
3000 5250 3255 5320 principe
3273 5258 3587 5321 corruptum
3613 5268 3679 5308 ea:
3697 5253 3916 5308 coniect.
3937 5252 4284 5309 restituimus.
