5059 6059
851 330 976 395 383
2436 320 2837 390 HOMILIA
2881 323 3243 391 LXXVII.
4658 331 4751 395 384

848 519 975 584 ista
1019 537 1172 582 vero
1212 536 1358 581 cum
1403 512 1643 580 divinis
1689 511 2026 596 promissis
2072 511 2498 595 quadrabant,
2551 513 2785 595 quibus
2832 518 2840 563 f
2885 513 3074 579 illum
3119 514 3275 580 olim
3320 516 3617 596 excipiat.
3708 514 3880 579 Nam
3938 515 3993 580 si
4042 515 4478 580 conditionem
4529 528 4756 583 nostram

855 604 1036 669 Deus
1081 599 1322 666 Davidi
1366 599 1753 683 promiserat
1809 618 1879 663 se
1920 597 2108 662 illum
2154 598 2373 682 populi
2434 598 2535 662 sui
2594 608 2787 680 caput
2833 608 2839 679 ξ
2885 620 3032 664 cum
3080 600 3283 682 ipsius
3382 601 3852 666 contulerimus
3875 608 3905 678 ,‘
3994 622 4066 667 re
4113 603 4257 684 ipsa
4354 603 4757 684 comperiemus

852 687 1395 763 constituturum,
1472 693 1540 750 et
1616 682 1875 767 quidem
1951 683 2277 750 facturum
2357 685 2636 765 figuram
2719 692 2787 748 et

851 774 1206 858 imaginem
1251 770 1423 836 unici
1469 769 1592 834 filii
1636 769 1757 849 sui,
1804 768 2005 834 donec
2050 772 2115 832 in
2179 769 2372 833 terris
2416 782 2783 853 appareret,

2885 685 3217 752 levissime
3276 687 3612 751 nobiscum
3677 686 3786 769 agi
3843 695 3911 751 et
3968 686 4384 753 difficultates
4441 687 4758 769 quibuscum

2887 771 3307 837 colluctamur
3366 793 3494 836 non
3569 771 3873 837 accedere
3945 771 4028 838 ad
4084 772 4494 838 millesimam
4563 786 4759 856 partem

854 855 1378 943 quandoquidem
1423 854 1724 921 exsulare
1781 862 1920 918 tota
1963 854 2206 919 Iudaea
2262 858 2536 938 cogitur,
2585 868 2659 918 ut
2703 876 2785 918 ne
2885 877 3108 922 earum
3156 858 3393 939 quibus
3435 856 3652 921 David
3710 858 3863 923 olim
3911 869 4012 923 ost
4054 859 4400 923 exercitus.
4487 857 4638 922 Nam
4672 860 4760 923 etsi

851 945 950 1010 illi
995 942 1276 1028 angulus
1319 940 1604 1026 supersit
1647 940 1718 1004 in
1762 961 1841 1005 ea
1883 939 1950 1003 in
1997 958 2123 1022 qua
2170 952 2350 1005 tutus
2394 941 2498 1018 sit,
2545 939 2658 1003 sed
2704 938 2784 1003 ad

852 1033 1027 1114 ipsos
1049 1026 1417 1093 incredulos
1463 1027 1808 1110 confugere
1851 1036 2141 1109 cogatur,
2190 1036 2261 1090 ut
2283 1024 2579 1109 pluribus
2603 1024 2785 1089 dein·

853 1137 1004 1199 ceps
1046 1110 1455 1180 videbimus?
1499 1111 1756 1192 Quibus
1800 1110 1984 1175 illum
2023 1109 2421 1176 arbitramur
2464 1111 2785 1194 angustiis

2834 978 2839 1055 Ι
2887 963 3008 1006 nos
3058 943 3234 1041 Deus
3288 965 3368 1008 ex
3417 943 3539 1008 hoc
3599 957 3920 1008 terrarum
3979 945 4134 1009 orbe
4198 944 4490 1007 violenta
4542 943 4761 1042 quadam

2886 1027 3259 1093 calamitate
3304 1030 3531 1110 rapiat,
3578 1049 3709 1093 non
3756 1027 4016 1095 accedet
4051 1041 4270 1095 tamen
4314 1030 4396 1092 ad
4440 1027 4579 1094 illas
4612 1030 4764 1093 animi

2888 1115 3225 1196 angustias
3283 1114 3516 1197 quibus
3573 1112 3794 1178 David
3861 1113 4331 1197 quodammodo
4400 1115 4633 1180 fractus
4682 1125 4765 1193 est,

853 1196 1217 1286 agitatum?
1310 1197 1541 1280 quibus
1622 1218 1770 1263 cum
1847 1195 2337 1263 difficultatibus
2415 1196 2783 1261 luctatum?
2888 1198 3186 1266 exsulare
3257 1212 3482 1266 sancta
3559 1198 3826 1265 Israelis
3904 1208 4083 1265 terra
4159 1208 4437 1267 coactus.
4536 1200 4625 1265 Ac
4656 1198 4767 1265 licet

854 1289 1158 1353 Deumne
1203 1305 1356 1349 vero
1404 1283 1529 1347 mei
1575 1282 1869 1361 oblitum,
1925 1295 1991 1347 et
2047 1283 2509 1365 promissorum
2536 1285 2786 1347 „imme-

854 1369 1147 1438 morem?
1196 1372 1303 1435 An
1349 1390 1451 1434 me
1474 1367 1659 1433 Deus
1703 1367 1892 1432 vanis
1929 1367 2464 1450 promissionibus
2510 1365 2784 1431 luserit?

856 1458 1073 1540 Quam
1119 1455 1345 1520 melior
1387 1462 1531 1518 erat
1574 1475 1719 1518 mea
1763 1452 2044 1518 conditio
2108 1474 2310 1535 quum
2369 1455 2573 1536 patris
2634 1473 2788 1516 oves

856 1563 1136 1628 agerem,
1182 1561 1502 1623 quamque
1545 1539 1708 1603 mihi
1751 1539 2000 1606 tutior?
2044 1538 2184 1604 Nae
2230 1560 2376 1603 mea
2419 1556 2591 1604 sorte
2636 1559 2788 1603 con-

857 1639 1078 1694 tentus
1124 1626 1444 1705 vivebam,
1503 1645 1622 1709 ego
1666 1622 1746 1687 ad
1793 1623 2054 1691 divitias
2098 1635 2166 1688 et
2209 1645 2364 1706 opes
2408 1645 2541 1688 non
2588 1624 2790 1706 appli-

855 1715 1087 1779 cabam
1132 1711 1447 1792 animum,
1491 1731 1701 1793 neque
1745 1710 2068 1774 honorum
2112 1710 2466 1791 cupiditate
2514 1709 2790 1774 rebusve

856 1801 1003 1866 aliis
1059 1796 1425 1863 istiusmodi
1486 1795 1784 1860 ducebar.
1895 1794 2025 1861 Sed
2087 1817 2189 1858 me
2250 1794 2431 1861 Deus
2501 1798 2582 1861 de
2650 1795 2791 1860 istis

857 1907 989 1953 non
1054 1882 1464 1967 cogitantem'
1530 1882 1818 1958 vocavit,
1898 1901 2131 1962 meque
2212 1902 2328 1965 per
2407 1880 2790 1964 prophetam

856 1970 1235 2038 Samuelem
1281 1967 1663 2050 inaugurari
1709 1987 1928 2051 regem
1977 1968 2281 2031 unctione
2337 1988 2519 2031 sacra
2568 1966 2788 2041 voluit,

856 2056 1216 2139 ducemque
1274 2073 1348 2119 ao
1406 2052 1876 2117 dominatorem
1939 2051 2158 2135 populi
2218 2052 2320 2118 sui
2398 2053 2788 2135 designavit,

856 2142 967 2208 sed
1004 2142 1284 2215 obsecro,
1334 2139 1442 2204 ubi
1476 2159 1624 2220 spes
1660 2136 1773 2201 illa
1796 2137 2167 2201 divinarum
2197 2136 2787 2222 pollicitationum?

857 2228 1000 2312 Ego
1044 2228 1173 2290 iam
1218 2224 1462 2291 centies
1505 2223 1587 2287 ad
1633 2224 1833 2305 ipsius
1878 2223 2156 2307 sepulcri
2201 2226 2416 2289 fauces
2455 2224 2624 2307 veni,
2670 2243 2791 2306 ego

857 2315 997 2380 sine
1040 2313 1169 2377 fine
1213 2310 1497 2376 crucior:
1558 2330 1682 2391 quo
1739 2331 1842 2373 me
1902 2309 2120 2390 itaque
2166 2320 2413 2375 vertam
2462 2307 2788 2392 amplius?

855 2398 1029 2464 Istas
1073 2409 1186 2462 aut
1242 2395 1486 2461 similes
1547 2392 1847 2477 querelas
1889 2392 2215 2459 Davidem
2276 2396 2498 2462 iecisse
2560 2394 2790 2460 verisi-

858 2484 1011 2549 mile
1054 2498 1182 2548 est:
1243 2492 1311 2546 et
1367 2481 1559 2565 longe
1617 2479 1824 2545 satius
1882 2477 2147 2544 duxisse
2195 2480 2317 2546 sibi
2378 2482 2538 2546 mori
2598 2504 2793 2565 quam

859 2582 956 2634 tot
979 2568 1168 2633 malis
1213 2567 1522 2650 agitatam
1559 2565 1760 2631 vitam
1797 2564 2051 2631 ducere.
2125 2563 2259 2631 Sed
2306 2587 2518 2650 neque
2557 2569 2793 2647 vivere,

863 2675 1076 2738 neque
1121 2653 1284 2717 mori
1344 2659 1620 2734 poterat,
1673 2657 1742 2716 et
1801 2659 2022 2714 tamen
2081 2652 2381 2717 exsulare
2439 2655 2795 2738 cogebatur

862 2754 1039 2805 terra
1082 2753 1306 2805 sancta
1349 2758 1544 2819 quam
1589 2736 1774 2801 Deus
1818 2735 2119 2821 elegerat,
2179 2752 2254 2801 ut
2309 2738 2376 2802 in
2435 2761 2512 2803 ca
2557 2741 2794 2805 colere-

865 2834 991 2903 tur,
1077 2837 1143 2889 et
1201 2824 1643 2890 sanct-uarium
1720 2822 1924 2906 ipsius
1981 2823 2377 2906 erigeretur,
2438 2846 2798 2907 nomenque

863 2932 1053 2978 suum
1113 2919 1597 2975 sacrosanctum
1671 2907 2064 2973 adoraretur.
2156 2908 2334 2975 Sane
2405 2910 2461 2974 si
2520 2911 2801 2976 Davidis

863 2996 1173 3063 exercitia
1251 3005 1316 3060 et
1395 2994 1788 3058 tentationes
1856 2993 2204 3077 diligenter
2279 2997 2801 3078 expenderimus,

865 3095 1116 3151 certum
1164 3093 1283 3154 est,
1352 3101 1472 3145 nos
1517 3101 1648 3144 non
1696 3081 1829 3143 fore
1876 3090 2009 3143 tam
2055 3080 2282 3146 molles
2342 3091 2411 3147 et
2467 3082 2802 3147 effemina-

864 3178 962 3234 tos
1008 3170 1075 3233 in
1115 3166 1405 3232 adversis
1448 3165 1729 3231 ferendis
1775 3187 1967 3247 quam
1994 3165 2129 3230 fere
2171 3167 2649 3234 consuevimus.
2716 3169 2805 3233 Et

864 3255 1005 3320 Deo
1050 3275 1167 3318 nos
1215 3252 1412 3317 variis
1455 3249 1931 3317 calamitatibus
1992 3260 2059 3315 ot
2116 3252 2298 3317 duris
2342 3254 2803 3320 afflictionibus

864 3348 1225 3416 exercente,
1285 3357 1418 3402 non
1465 3336 1656 3401 modo
1701 3358 1837 3401 non
1891 3337 2431 3420 despondebimus
2489 3341 2802 3418 animum,

866 3426 977 3492 sed
1022 3447 1097 3490 eo
1153 3422 1633 3489 ardentioribus
1696 3423 1861 3489 votis
1918 3423 1999 3487 ad
2059 3423 2275 3506 ipsum
2333 3426 2804 3510 confugiemus,

866 3520 940 3576 ut
1024 3510 1365 3574 infractam
1433 3507 1618 3572 nobis
1687 3509 2118 3574 constantiam
2177 3511 2487 3592 sufficiat,
2546 3511 2805 3594 qualem

869 3594 1131 3672 Davidi,
1177 3614 1305 3677 quo
1353 3592 1538 3658 nobis
1582 3602 1847 3658 nostrae
1888 3591 2263 3678 fragilitatis
2307 3597 2517 3680 magis
2561 3596 2806 3663 erimus

865 3681 1127 3758 conscii,
1185 3701 1310 3762 qua
1368 3681 1442 3744 fit
1492 3691 1568 3743 ut
1625 3676 1706 3741 ad
1768 3679 2098 3746 levissima
2161 3702 2456 3765 quaeque
2513 3682 2806 3765 pericula

866 3766 972 3831 vel
1035 3766 1529 3831 fortissimorum
1601 3764 1801 3829 animi
1860 3764 2363 3847 labefactentur,
2430 3776 2498 3833 et
2555 3768 2806 3850 primus

872 3860 1147 3917 conatus
1190 3850 1411 3914 statim
1457 3861 1822 3932 evanescat,
1891 3850 2016 3916 nisi
2060 3851 2330 3933 spiritus
2377 3852 2505 3918 Dei
2563 3854 2807 3919 virtute

875 3937 1310 4004 sustineamur
1353 3944 1420 4000 et
1453 3934 1818 4003 fulciamur.
1887 3935 2272 4002 Cavendum
2295 3938 2516 4021 itaque
2561 3961 2804 4005 summ·

874 4042 1071 4107 opere
1135 4043 1220 4086 ne
1282 4019 1427 4086 illos
1494 4021 1824 4085 imitemur
1887 4023 1997 4105 qui
2076 4023 2200 4088 sibi
2263 4025 2424 4107 ipsis
2503 4024 2806 4090 facillime

874 4108 1095 4176 omnia
1159 4106 1533 4191 indulgent,
1611 4117 1678 4172 et
1754 4108 2058 4175 inanibus
2136 4108 2662 4175 excusationibus
2736 4131 2806 4175 so

873 4201 1161 4260 tuentur.
1254 4193 1419 4256 Nam
1467 4192 1868 4259 satisfactum
1913 4215 2054 4260 esse
2100 4195 2240 4260 Deo
2283 4202 2543 4278 putant,
2602 4196 2657 4260 si
2703 4196 2805 4260 vel

872 4279 1241 4346 levissimas
1287 4278 1734 4343 excusationes
1758 4292 2157 4362 praetexant.
2227 4279 2469 4360 Quales
2513 4280 2807 4364 plerique

877 4364 1132 4431 adferre
1177 4363 1419 4429 solent:
1482 4363 1613 4427 Per
1657 4386 1759 4428 me
1806 4387 1932 4430 non
1979 4367 2158 4431 stetit
2202 4368 2552 4449 quominus
2595 4367 2806 4432 officio

876 4452 1220 4534 fungerer,
1273 4451 1386 4513 sed
1445 4449 1591 4531 quis
1651 4462 1921 4515 naturae
1980 4451 2357 4517 resisteret?
2419 4452 2656 4517 Nonne
2712 4466 2808 4516 tot

877 4538 1161 4619 undique
1207 4534 1550 4610 meminae
1589 4534 1961 4600 terrebant?
2009 4536 2246 4601 Nonne
2271 4546 2365 4601 tot
2389 4537 2807 4603 difficultates

877 4642 1201 4688 remoram
1246 4620 1669 4686 iniiciebant?
1717 4621 1917 4686 Dicas
1977 4643 2107 4686 non
2165 4631 2420 4687 tantum
2484 4623 2810 4707 repagulis

880 4707 1265 4792 quibusdam
1310 4705 1644 4785 cohibitos,
1690 4706 1804 4772 sed
1850 4707 2084 4773 arduos
2127 4709 2287 4791 ipsis
2332 4720 2588 4774 montes
2610 4709 2811 4774 fuisse

879 4795 1055 4860 saltu
1098 4791 1516 4876 superandos,
1575 4799 1691 4857 aut
1749 4813 1987 4877 magna
2029 4794 2095 4859 vi
2155 4794 2686 4877 perfringendos:
2747 4804 2813 4860 et

876 4881 1021 4947 istis
1062 4879 1587 4945 excusationibus
1639 4899 1709 4943 se
1769 4888 1945 4943 tutos
1989 4900 2128 4945 esse
2185 4878 2602 4954 arbitrantur,
2666 4881 2814 4944 licet

883 4965 1248 5031 levissimis.
1338 4963 1780 5045 Quamobrem
1827 4986 2027 5046 quum
2074 4974 2169 5029 tot
2215 4963 2500 5046 undique
2546 4965 2814 5049 impedi-

884 5051 1117 5116 mentis
1161 5050 1587 5116 sollicitemur
1629 5061 1696 5116 et
1740 5061 1835 5115 tot
1871 5050 2111 5116 delitiis
2147 5052 2228 5116 ab
2253 5052 2461 5115 officio
2487 5049 2811 5115 deterrea-

885 5157 1068 5217 mur,
1124 5134 1444 5201 Davidem
1507 5160 1623 5202 nos
1679 5146 1933 5220 oportet
1988 5138 2260 5216 intueri,
2327 5146 2391 5201 et
2462 5157 2814 5219 agnoscere

884 5222 1160 5287 multum
1227 5223 1465 5302 abesse,
1535 5232 1608 5287 ut
1672 5244 1789 5288 nos
1854 5223 2037 5289 Deus
2103 5232 2233 5287 tam
2305 5222 2553 5286 duriter
2619 5244 2813 5305 quam

2891 1284 3082 1348 hodie
3146 1286 3213 1349 in
3282 1286 3496 1350 varias
3561 1286 3737 1351 orbis
3802 1296 4125 1351 terrarum
4199 1296 4420 1370 partes
4487 1286 4765 1349 iactemur:

2893 1390 3024 1434 non
3100 1373 3261 1435 tanti
3337 1383 3437 1436 est
3509 1368 3848 1436 calamitas
3906 1370 4233 1438 facienda:
4308 1369 4770 1453 quandoquidem

2890 1454 3084 1519 hodie
3131 1464 3264 1520 tota
3311 1466 3485 1521 terra
3528 1457 3671 1520 Deo
3715 1466 4093 1523 consecrata
4134 1468 4251 1534 est,
4295 1458 4484 1523 cuius
4517 1455 4769 1540 angulum

2892 1540 3046 1605 olim
3093 1552 3329 1606 terram
3378 1539 3703 1606 Iudaeam·
3732 1543 3834 1606 sui
3882 1543 4163 1608 nominis
4207 1543 4415 1608 cultui
4469 1540 4772 1607 dedicarat:

2892 1626 3046 1691 licet
3099 1627 3298 1711 igitur
3358 1625 3552 1692 hodie
3607 1627 3677 1691 in
3736 1627 3930 1692 certis
3988 1629 4362 1711 regionibus
4424 1647 4774 1711 vagaremur.

2895 1733 3026 1776 non
3074 1714 3274 1779 tantis
3317 1711 3779 1779 afflictionibus
3802 1734 4013 1796 neque
4038 1712 4526 1793 tentationibus,
4568 1713 4775 1796 quantis

2893 1798 3045 1862 olim
3106 1797 3358 1881 David,
3419 1798 3851 1882 agitaremur,
3911 1799 4022 1882 qui
4080 1799 4281 1863 veluti
4340 1797 4639 1881 putidum
4693 1798 4777 1862 ali·

2894 1882 3063 1966 quod
3131 1905 3169 1948 a
3237 1884 3487 1964 reliquo
3564 1903 3833 1967 corpore
3900 1884 4265 1949 membrum
4336 1897 4621 1950 resectus
4676 1904 4778 1948 esse

2894 1968 3254 2035 videbatur.
3360 1968 3831 2034 Verumtamen
3892 1968 3999 2034 ille
4064 1990 4206 2035 sese
4266 1970 4408 2035 Deo
4477 1970 4595 2034 uni
4651 1990 4778 2034 com·

2892 2054 3251 2138 mendavit,
3297 2074 3613 2137 suamque
3659 2055 3725 2118 in
3770 2058 3914 2137 ipso
3950 2055 4255 2121 fiduciam
4299 2055 4654 2134 collocavit,
4690 2075 4783 2118 nnn

2893 2143 3033 2205 sine
3115 2141 3423 2225 lacrymis
3502 2139 3765 2224 quidem
3830 2152 3900 2206 et
3963 2141 4345 2225 gemitibus,
4430 2139 4550 2207 sed
4602 2139 4785 2222 quibus

2893 2225 3121 2291 fideles
3163 2227 3374 2309 magis
3417 2246 3493 2291 ao
3536 2225 3747 2308 magis
3788 2235 4046 2308 oportet
4110 2227 4181 2291 in
4243 2226 4475 2291 divina
4530 2226 4785 2291 bonitatis

2893 2311 3133 2377 fiducia
3175 2312 3567 2377 confirmari.
3635 2310 4180 2395 Quandoquidem
4224 2334 4306 2377 ex
4349 2312 4492 2377 illis
4535 2311 4787 2377 discimus

2896 2418 3017 2462 nos
3077 2398 3230 2462 licet
3288 2398 3603 2479 infirmos,
3662 2409 3728 2459 et
3779 2398 3958 2462 duris
4010 2397 4501 2465 calamitatibus
4545 2397 4787 2471 afflictos

2898 2483 3132 2565 quibus
3175 2503 3285 2548 cor
3328 2483 3541 2565 ipsum
3586 2491 3881 2547 nostrum
3927 2495 4239 2566 tanquam
4283 2483 4518 2550 lancea
4564 2481 4788 2564 perfore-

2900 2580 3028 2645 tur,
3073 2578 3140 2631 et
3161 2569 3291 2633 iam
3331 2569 3459 2633 iam
3500 2567 3908 2634 miseriarum
3934 2570 4122 2653 copia
4144 2568 4494 2633 videamur
4514 2566 4791 2643 obruendi,

2902 2675 3033 2718 non
3078 2666 3376 2737 oportere
3435 2663 3658 2738 tamen
3704 2651 3846 2719 ideo
3891 2652 4291 2738 despondere
4348 2655 4664 2731 animum,
4711 2650 4791 2717 sed

2903 2741 2969 2804 in
3038 2737 3182 2805 Deo
3250 2759 3545 2821 sperare,
3624 2749 3691 2803 et
3768 2739 4021 2804 animos
4085 2738 4458 2805 effundere:
4528 2737 4790 2822 siquidem

2904 2834 3156 2892 certum
3201 2836 3301 2889 est
3340 2824 3578 2901 Deum,
3624 2845 3821 2906 quum
3869 2825 3990 2907 ipsi
4027 2825 4362 2908 placuerit,
4414 2827 4515 2892 sio
4548 2836 4791 2907 operatu·

2907 2933 3082 2989 rum,
3166 2921 3238 2974 ut
3317 2924 3661 2992 postquam
3739 2910 3805 2972 in
3874 2911 4256 2975 infirmitate
4322 2925 4562 2976 nostra
4623 2907 4796 2975 luctati

2908 2997 3241 3072 fuerimus,
3309 2994 3571 3059 tandem
3635 2993 4014 3073 eluctemur,
4072 3007 4138 3060 et
4197 3009 4432 3062 nostra
4498 2996 4651 3061 fides
4706 2995 4797 3059 vio-

2909 3082 3139 3149 toriam
3187 3079 3497 3158 obtineat,
3559 3099 3635 3144 ac
3676 3102 3749 3145 re
3792 3081 3936 3164 ipsa
3988 3083 4413 3165 experiamur
4469 3081 4640 3165 quod
4689 3100 4797 3165 pro·

2908 3167 3105 3251 pheta
3149 3166 3335 3232 docet
3378 3187 3452 3230 eo
3499 3166 3782 3244 Psalmo,
3828 3187 4024 3249 quem
4058 3186 4294 3233 canere
4328 3168 4681 3252 coepimus,
4713 3185 4794 3229 nos

2904 3254 3012 3336 qui
3068 3262 3260 3318 antea
3324 3252 3633 3336 lacrymis
3695 3253 4137 3334 pascebamur,
4212 3253 4646 3318 nihilominus
4694 3260 4797 3315 tau·

2908 3338 3053 3403 dem
3133 3340 3204 3403 in
3285 3338 3407 3403 Dei
3486 3337 3793 3416 bonitate,
3872 3349 3938 3401 et
4016 3338 4471 3404 misericordia
4547 3336 4795 3423 gandium

2908 3432 3302 3508 accepturos,
3347 3424 3455 3505 qui
3480 3433 3774 3488 nostrum
3824 3424 4085 3489 unicum
4111 3424 4366 3509 asylum
4394 3436 4468 3489 et
4488 3424 4797 3508 perfugium

2907 3531 3048 3575 esse
3093 3509 3302 3586 debet,
3347 3509 3459 3591 qui
3503 3508 3653 3574 licet
3697 3529 3891 3591 saepe
3949 3507 4248 3574 labamur
4303 3519 4372 3574 et
4443 3513 4799 3583 fluctuemus,

2909 3615 3244 3678 nunquam
3290 3605 3505 3659 tamen
3554 3616 3670 3659 nos
3715 3595 3842 3659 labi
3889 3595 4154 3659 omnino
4214 3595 4412 3675 sinet,
4480 3608 4549 3662 et
4591 3595 4642 3661 si
4680 3595 4799 3659 forte

2910 3678 3039 3746 labi
3084 3681 3450 3764 contigerit,
3495 3679 3925 3745 nibilominus
3969 3680 4307 3758 relevabit,
4352 3701 4685 3765 manuque
4717 3698 4800 3743 sun

2908 3767 3275 3846 sustinebit,
3321 3774 3394 3829 ut
3436 3764 3626 3831 facile
3672 3765 3740 3829 in
3788 3766 4147 3831 vocationis
4207 3775 4476 3833 nostrae
4535 3762 4799 3833 curriculo

2909 3851 3350 3934 decurramus,
3419 3850 3622 3917 donec
3666 3850 3747 3914 ad
3792 3860 4130 3917 aeternum
4177 3852 4520 3919 felicitatis
4597 3862 4798 3936 portum

2909 3938 3349 4006 deveniamus.

3079 4024 3222 4088 Iam
3269 4044 3423 4090 vero
3469 4022 3660 4106 agite,
3705 4028 3808 4088 etc.

3388 4462 3881 4548 HOMILIA
3934 4465 4364 4547 Lxxvn.

3660 4616 3855 4683 oAP.
3904 4617 4096 4684 XXI.

3012 4857 3015 4860 ⁴
3087 4792 3142 4855 l.
3200 4790 3379 4859 Venit
3435 4793 3639 4853 autem
3696 4790 3915 4856 David
3973 4792 4044 4854 in
4103 4790 4272 4856 Nobe
4332 4792 4422 4856 ad
4470 4782 4795 4859 Achiuo-decl

2912 4877 3316 4944 sacerdotem:
3375 4880 3431 4939 et
3471 4875 3786 4955 obstupuit
3839 4875 4235 4940 Achinoezech
4278 4898 4347 4942 eo
4390 4880 4561 4960 quod
4598 4876 4795 4943 misse!

2913 4962 3136 5030 David
3179 4966 3236 5025 et
3272 4961 3439 5027 dixit
3473 4962 3563 5025 ei.-
3609 4959 3819 5042 Quare
3862 4966 3929 5025 tu
3971 4961 4466 5029 solusetnullus
4487 4968 4575 5030 est
4606 4954 4791 5028 mm?

2916 5050 2975 5114 2.
3025 5048 3115 5113 Et
3154 5049 3244 5113 ait
3270 5046 3487 5112 David
3529 5048 3615 5112 ad
3638 5046 4025 5113 Achimelech
4048 5049 4473 5115 sacerdotem.-
4516 5050 4792 5129 Rame-

2915 5136 3073 5216 cepit
3113 5132 3272 5198 mihi
3311 5152 3650 5198 sermonem
3693 5137 3748 5196 et
3788 5133 3986 5198 diaeit:
4032 5133 4230 5198 Nemo
4273 5136 4591 5201 sciam-em

2917 5241 3107 5303 quam
3148 5219 3381 5284 missus
3422 5238 3485 5284 es
3521 5239 3563 5282 a
3604 5237 3714 5296 me,
3762 5223 3817 5283 et
3858 5219 4210 5284 cuiusmodi
4240 5218 4696 5303 praecqztatffl
4723 5215 4789 5277 de·
