5059 6059
763 338 877 402 731

762 533 832 591 et
890 525 1225 609 insepulta
1289 526 1526 592 iacere:
1596 525 1768 608 quod
1835 532 2053 591 tamen
2122 546 2256 591 non
2322 525 2498 592 cedit
2553 524 2715 608 ipsis

764 610 1230 677 maledictioni.
1318 612 1591 677 Terreni
1636 613 1813 675 enim
1846 632 2076 677 omnes
2092 628 2297 677 'casus
2332 630 2715 677 communes

765 702 925 762 sunt
953 704 1089 761 tam
1126 694 1314 762 bonis
1350 717 1545 780 quam
1583 695 1925 780 improbis:
1962 696 2173 763 veluti
2209 696 2472 776 famem,
2517 697 2717 776 sitim,

762 783 991 864 frigus,
1074 791 1328 848 aestum
1399 782 1699 867 tolerare,
1779 792 1975 866 atque
2040 782 2240 847 etiam
2306 781 2586 848 dedecus
2650 787 2719 846 et

762 866 1216 951 ignominiam,
1291 888 1460 951 quae
1524 870 1746 933 omnia
1803 869 1885 934 ab
1941 866 2183 933 Adami
2238 876 2507 950 peccato
2567 887 2717 950 pro·

762 962 1077 1019 manant:
1122 962 1192 1017 et
1229 975 1269 1018 a
1313 963 1593 1019 naturae
1637 954 2068 1038 corruptione,
2115 962 2183 1017 et
2217 955 2504 1036 peccatis
2549 972 2717 1034 quae

764 1041 836 1103 fn
881 1038 1019 1104 dies
1077 1037 1517 1105 admittimus:
1584 1047 1662 1103 ut
1718 1040 2005 1123 peccatis
2040 1059 2268 1103 omnes
2304 1039 2608 1104 miseriae
2653 1044 2719 1102 et

760 1124 1171 1191 calamitates
1235 1125 1473 1190 merito
1540 1124 1932 1189 tribuantur.
2035 1124 2286 1189 Verum
2362 1121 2716 1207 aliquando

759 1210 947 1276 Deus
990 1230 1329 1276 servorum
1375 1230 1644 1275 suorum
1680 1210 2063 1293 patientiam
2101 1230 2184 1275 ex
2231 1209 2417 1287 lorat,
2464 1216 2534 1274 et
2555 1229 2716 1273 non·

760 1316 1094 1379 nunquam
1142 1316 1293 1360 cum
1354 1304 1644 1379 egestate
1702 1296 2061 1361 conflictari
2106 1230 2267 1379 vult,
2328 1315 2520 1378 quam
2570 1294 2717 1359 aliis

760 1380 1063 1457 miseriis,
1100 1400 1378 1459 carcere,
1414 1379 1830 1459 cruciatibus,
1868 1381 2187 1446 bonorum
2210 1381 2482 1463 iactura,
2528 1381 2715 1463 igno·

760 1467 982 1546 minia,
1044 1474 1113 1531 et
1169 1465 1316 1531 aliis
1373 1466 1743 1533 istiusmodi
1803 1466 2067 1533 casibus
2125 1476 2420 1533 exercet:
2482 1465 2599 1530 sed
2641 1466 2713 1530 in

756 1553 1052 1637 ipsorum
1114 1550 1412 1629 salutem,
1471 1562 1550 1616 ut
1611 1553 1798 1617 novit
1854 1553 1996 1635 ipse
2048 1551 2295 1617 malum
2354 1553 2423 1615 in
2469 1551 2713 1616 bonum

757 1647 1161 1704 convertere.
1250 1634 1437 1701 Idem
1499 1637 1579 1701 de
1636 1637 1918 1721 sepulcri
1974 1636 2221 1703 honore
2265 1634 2714 1702 sentiendum:

758 1722 1082 1807 siquidem
1130 1722 1481 1805 aliquando
1515 1722 1730 1788 iacere
1771 1722 2174 1805 insepultum
2213 1721 2475 1788 divinae
2509 1721 2713 1786 male·

759 1808 1062 1873 dictionis
1106 1813 1209 1874 est
1253 1807 1723 1887 testimonium,
1768 1807 2135 1893 aliquando}
2155 1827 2317 1872 vero
2347 1806 2715 1889 exploratio

759 1892 1121 1975 quaedam:
1166 1901 1245 1958 ut
1284 1914 1415 1958 non
1458 1893 1620 1976 ipsis
1664 1892 1810 1958 ideo
1854 1893 2041 1958 Deus
2085 1891 2451 1969 maledicat,
2502 1912 2715 1975 neque

758 1979 1140 2056 detestetur,
1200 1978 1314 2043 sed
1362 1979 1579 2060 potius
1621 1985 1700 2044 ut
1741 1989 2001 2044 nostras
2046 1999 2279 2044 omnes
2324 1977 2715 2043 afflictiones

758 2065 1152 2130 sanctificari
1196 2082 1313 2147 per
1357 2064 1569 2147 ipsum
1616 2064 1917 2143 sciamus,
1961 2084 2127 2147 quae
2161 2063 2354 2130 nobis
2395 2072 2717 2146 tanquam

757 2153 1083 2216 instrume
1137 2157 1204 2213 ta
1247 2147 1329 2213 ad
1374 2148 1658 2214 salutem
1695 2149 2079 2215 inserviant.
2126 2150 2226 2215 Ac
2256 2169 2415 2214 sane
2438 2147 2713 2214 divitem

758 2234 949 2300 illum
985 2257 1066 2318 ep
1115 2235 1333 2300 lonem
1357 2254 1547 2301 sacra
1565 2236 1895 2315 scriptura
1916 2235 2075 2300 dicit
2094 2234 2169 2298 in
2204 2232 2443 2300 delitiis
2469 2233 2715 2299 vixisse

760 2323 832 2386 in
877 2320 983 2388 1118
1028 2320 1243 2400 181118,
1290 2330 1357 2384 81
1400 2319 1726 2387 crudelem
1774 2321 1976 2385 fuisse
2011 2328 2079 2384 et
2112 2320 2713 2401 immisericordem,

760 2407 876 2490 qui
933 2427 1082 2472 cum
1135 2407 1387 2470 honore
1440 2404 1735 2489 sepultus
1792 2403 2031 2470 dicitur
2073 2404 2367 2487 quidem:
2427 2404 2544 2470 sed
2588 2426 2714 2488 quo

762 2493 986 2557 anima
1043 2492 1252 2575 ipsius
1312 2489 1618 2556 devenit?
1702 2491 1806 2555 De
1864 2489 2101 2555 Lazari
2162 2509 2316 2555 vero
2375 2489 2715 2573 sepultura

762 2577 947 2643 nulla
990 2579 1067 2642 fit
1109 2575 1392 2641 mentio:
1448 2575 1634 2640 cuius
1680 2575 1900 2640 anima
1943 2585 2161 2639 tamen
2208 2577 2275 2640 in
2333 2575 2710 2659 paradisum

762 2662 845 2727 ab
890 2663 1142 2745 angelis
1199 2661 1414 2727 delata
1459 2659 1714 2739 dicitur,
1773 2660 1926 2724 licet
1982 2660 2124 2725 sine
2182 2659 2432 2726 honore
2474 2680 2712 2743 corpus

760 2749 971 2831 ipsius
1028 2746 1351 2813 abiectum
1410 2745 1763 2811 videretur.
1850 2744 2068 2810 Deum
2128 2746 2331 2829 igitur
2382 2764 2576 2829 saepe
2620 2747 2713 2811 sic

761 2833 1015 2914 operari
1060 2831 1382 2908 videmus,
1429 2839 1504 2896 ut
1544 2852 1676 2896 non
1723 2851 1983 2914 semper
2018 2832 2410 2896 universalis
2453 2831 2571 2896 illa
2615 2850 2713 2896 re-

759 2918 917 3000 gula
960 2917 1179 2983 locum
1223 2917 1531 2996 obtineat,
1576 2935 1812 2999 nempe
1857 2924 1931 2981 ut
1966 2916 2305 2999 sepultura
2339 2917 2426 2982 sit
2468 2916 2712 2982 favoris

761 3002 891 3069 Dei
935 3003 1223 3086 signum,
1282 3012 1514 3068 contra
1570 3022 1726 3066 vero
1782 3002 2189 3083 insepultum
2251 3003 2462 3068 iacere
2506 3002 2711 3066 male-

761 3086 1067 3154 dictionis
1113 3087 1594 3152 testimonium:
1638 3085 1754 3150 sed
1790 3107 1947 3151 exce
1993 3087 2242 3151 tionem
2266 3088 2449 3153 Deus
2494 3086 2711 3153 faciat.

762 3172 1006 3239 Verum
1051 3172 1441 3236 nominatim
1502 3171 1610 3237 hic
1668 3170 1903 3236 dicitar
2002 3170 2171 3236 aulis
2228 3191 2462 3255 corpus
2508 3172 2710 3237 humo

761 3258 1133 3325 conditum:
1195 3257 1368 3340 quod
1416 3257 1600 3322 Deus
1658 3255 2020 3322 vindictam
2081 3276 2266 3320 suam
2324 3256 2408 3321 ad
2452 3263 2711 3338 tempus

762 3352 1174 3421 exserturus,
1243 3363 1314 3408 se
1372 3339 1854 3408 misericordem
1922 3341 2123 3406 etiam
2179 3362 2338 3425 erga
2394 3342 2711 3425 populum

761 3451 958 3496 suum
1003 3429 1370 3511 patefacere
1390 3427 1693 3509 voluerit,
1732 3436 1799 3490 et
1835 3448 1964 3492 non
2002 3427 2373 3509 permiserit
2410 3447 2562 3492 eum
2599 3428 2712 3510 q'ui

759 3535 1011 3581 sacram
1058 3515 1433 3579 unctionem
1471 3522 1812 3595 acceperat
1833 3522 1906 3576 ut
1940 3512 2256 3595 populum
2286 3513 2714 3580 israeliticum

759 3602 901 3665 Deo
948 3620 1206 3666 sacrum
1250 3600 1664 3683 gubernaret,
1712 3606 2027 3679 perpetuo
2066 3594 2379 3664 dedecore
2414 3607 2484 3662 et
2524 3599 2711 3681 igno-

758 3686 962 3749 minia
1017 3684 1421 3750 obrueretur.
1513 3682 1901 3749 Viventium
1967 3682 2174 3767 igitur
2238 3684 2450 3767 magis
2516 3702 2712 3767 quam

760 3771 1004 3834 mortui
1032 3768 1252 3835 Saulis
1295 3790 1492 3835 causa
1527 3768 1707 3834 istud
1742 3769 1984 3833 factum
2021 3778 2138 3847 est,
2185 3766 2269 3833 ad
2303 3789 2497 3851 quem
2545 3769 2712 3833 nihil

759 3854 915 3920 inde
957 3855 1280 3920 commodi
1324 3855 1519 3920 rediit
1560 3874 1761 3936 quum
1799 3874 2065 3919 sensum
2101 3872 2236 3917 non
2274 3854 2565 3920 haberet.
2612 3854 2713 3919 Ac

758 3960 917 4007 sane
961 3940 1236 4004 minime
1282 3940 1555 4005 dubium
1615 3946 1717 4004 est
1771 3939 1932 4021 quin
1991 3939 2183 4003 multi
2240 3959 2324 4003 ex
2367 3939 2712 4021 Israelitis,

759 4024 986 4091 audito
1009 4025 1203 4090 Iabes
1228 4024 1486 4091 Galaad
1526 4023 1890 4089 incolarum
1938 4035 2074 4088 tam
2116 4024 2365 4107 insigni
2400 4025 2711 4108 facinore,

758 4111 1141 4195 collegerint
1201 4132 1272 4177 se
1325 4111 1501 4193 ipsos
1562 4130 1645 4173 ex
1704 4112 2251 4188 consternatione,
2308 4111 2712 4194 sumpserint

758 4197 1033 4275 animos,
1081 4206 1150 4260 et
1194 4197 1542 4262 alacriores
1576 4195 1731 4260 facti
1765 4194 2012 4260 fuerint
2046 4197 2125 4260 ad
2151 4197 2371 4261 Deum
2406 4195 2713 4279 precibus

758 4281 1268 4348 sollicitandum.

929 4367 1186 4433 Idcirco
1231 4369 1408 4432 enim
1451 4366 1744 4449 sequitur
1784 4369 1857 4431 in
1901 4376 2212 4432 contextu
2235 4366 2709 4431 labes-Galaad

765 4452 1034 4528 incolas,
1082 4461 1333 4535 septem
1381 4451 1521 4517 dies
1580 4453 1995 4528 ieiunavisse,
2054 4461 2133 4516 ut
2187 4471 2405 4517 coram
2452 4450 2597 4517 Deo
2640 4473 2713 4518 se

764 4537 1247 4615 submitterent,
1294 4547 1359 4603 et
1403 4536 1666 4602 tandem
1689 4537 1940 4603 cladem
1983 4547 2251 4620 propter
2293 4537 2517 4621 populi
2560 4557 2710 4620 pec-

759 4632 905 4686 cata
927 4623 1284 4706 contigisse
1318 4630 1770 4706 agnoscerent,
1817 4633 1882 4688 et
1904 4643 1982 4689 ea
2003 4625 2412 4706 correptione
2434 4623 2707 4706 dignum

759 4706 970 4773 fuisse
1037 4708 1256 4790 palam
1323 4708 1711 4774 faterentur.
1800 4710 2028 4791 Neque
2083 4709 2259 4772 enim
2319 4728 2439 4791 pro
2506 4708 2709 4773 Saule

759 4811 985 4875 preces
1042 4793 1292 4858 fudisse
1338 4793 1662 4874 dicuntur,
1720 4815 1932 4878 neque
1992 4792 2305 4877 obsequia
2361 4795 2591 4861 fecisse
2633 4794 2705 4859 in

758 4879 1017 4944 animae
1076 4880 1281 4960 ipsius
1325 4879 1843 4963 redemptionem
1887 4887 2001 4944 aut
2057 4887 2468 4961 peccatorum
2514 4879 2706 4945 satis·

758 4964 1134 5028 factionem:
1195 4964 1367 5047 quod
1430 4965 1485 5030 si
1545 4967 1798 5047 fuisset,
1853 4966 2180 5047 scriptura
2222 4963 2344 5030 hoc
2388 4964 2527 5030 loco
2571 4986 2704 5030 non

760 5050 1155 5115 omississet:
1226 5049 1341 5116 sed
1386 5051 1588 5117 solius
1646 5051 2023 5134 sepulturae
2067 5050 2276 5132 ipsius
2318 5053 2398 5115 fit
2437 5051 2702 5115 mentio.

759 5132 1094 5214 Quorsum
1140 5135 1346 5218 igitur
1389 5135 1568 5201 istud
1624 5135 1989 5202 ieiunium?
2055 5136 2167 5199 An
2214 5143 2289 5201 ut
2331 5136 2546 5202 solent
2589 5157 2705 5218 pa-

753 5220 965 5301 pistae
1023 5239 1144 5304 pro
1203 5223 1478 5288 mortuis
1534 5221 1669 5288 suis
1728 5235 1794 5287 et
1851 5222 2063 5287 salute
2118 5221 2409 5305 ipsorum
2465 5222 2703 5289 missas

2402 336 2817 405 HOMILIA
2863 336 3081 406 CVII.

4613 343 4710 409 732

2821 546 2972 592 suas
3017 524 3555 590 demurmurare?
3600 525 3833 609 Apage
3876 524 4088 591 istud:
4134 546 4288 592 nam
4313 535 4389 592 ut
4430 534 4573 593 ante
4593 528 4720 611 dixi,

2820 610 2930 675 isti
2977 610 3410 676 humanitatis
3454 610 3685 677 officiis
3719 610 3989 678 Saulem
4025 613 4408 694 prosequuti
4442 633 4724 682 memores

2820 697 3041 781 regiae
3083 694 3424 782 dignitatis
3466 705 3532 761 et
3576 697 3929 778 singularis
3972 695 4144 779 quod
4187 697 4270 763 ab
4314 699 4458 780 ipso
4498 718 4723 784 accepe-

2821 789 2973 848 rant
3015 781 3335 865 beneficii‚
3385 800 3602 846 coram
3651 783 3793 847 Deo
3847 802 3991 849 sese
4034 784 4275 849 sistunt
4333 793 4592 867 peccata
4628 807 4727 855 sus

2821 869 3040 950 palam
3085 868 3396 952 agnituri,
3442 875 3512 933 et
3553 867 3813 933 veniam
3851 868 4178 952 supplices
4214 866 4629 952 deprecaturi,
4666 881 4726 936 ut

2821 953 3036 1018 solent
3095 954 3192 1018 rei
3251 973 3471 1018 coram
3528 952 3739 1018 iudice
3808 954 4056 1021 crimen
4131 955 4320 1019 fateri
4382 955 4728 1039 veniamque

2822 1038 3179 1122 deprecari.
3224 1039 3418 1104 Hanc
3460 1039 3664 1119 igitur
3706 1038 3790 1104 ob
3832 1059 4098 1106 causam
4143 1040 4377 1105 ieiunii
4404 1041 4482 1104 fit
4501 1043 4731 1121 mentio,

2819 1124 2990 1208 quod
3035 1144 3373 1207 nunquam
3420 1144 3461 1188 a
3496 1124 3800 1208 precibus
3843 1134 3911 1189 et
3946 1124 4536 1207 supplicationibus
4574 1147 4728 1206 sepa·

2820 1219 3039 1275 ratum
3084 1210 3283 1276 fuisse
3327 1209 3810 1276 observandum
3855 1220 3986 1275 est:
4034 1211 4092 1275 si
4127 1209 4394 1293 quidem
4431 1210 4734 1277 individuo

2822 1316 2991 1360 nexa
3047 1295 3292 1361 ieiunia
3349 1316 3499 1360 cum
3557 1295 3858 1379 precibus
3918 1296 4268 1362 coniuncta
4320 1306 4515 1373 sunt,
4580 1317 4736 1363 sacra

2819 1380 3150 1465 scriptura
3194 1379 3471 1446 subinde
3515 1380 3706 1446 nobis
3749 1380 3911 1445 illud
3955 1380 4321 1446 indicante:
4367 1382 4503 1447 imo
4545 1383 4738 1466 0111180

2817 1467 3106 1531 Domino
3185 1477 3412 1531 nostro
3493 1466 3644 1530 Iesu
3711 1466 3986 1532 01111810
4065 1486 4326 1549 semper
4407 1468 4736 1533 orationem

2818 1552 3059 1616 ieiunio
3102 1553 3580 1636 coniungente:
3623 1560 3690 1616 et
3733 1550 3943 1617 Paulo
3982 1552 4055 1616 18
4100 1551 4380 1634 epistola
4426 1552 4488 1617 2.
4526 1552 4605 1617 ad
4641 1552 4740 1619 Oo-

2818 1636 3120 1701 rinthios.
3202 1637 3430 1718 Neque
3476 1637 3655 1701 enim
3702 1636 3907 1702 alium
3953 1657 4147 1702 usum
4186 1637 4389 1703 habet
4431 1638 4737 1716 ieiunium,

2816 1741 3011 1806 quam
3057 1730 3133 1786 ut
3188 1721 3488 1786 homines
3543 1732 3894 1806 praeparet
3936 1730 4004 1787 et
4047 1720 4354 1804 disponat
4409 1723 4493 1787 ad
4537 1725 4740 1788 seriam

2817 1826 3040 1873 coram
3096 1808 3239 1872 Deo
3295 1807 3767 1889 poenitentiam
3825 1817 3891 1872 et
3950 1806 4031 1873 ad
4076 1808 4253 1892 ipsos
4307 1808 4739 1885 humiliandos,

2817 1900 2884 1958 et
2925 1892 3009 1957 ad
3045 1913 3270 1974 preces
3292 1900 3360 1956 et
3398 1893 3727 1958 orationes
3764 1893 3978 1976 magis
4012 1913 4088 1959 ac
4124 1894 4337 1977 magis
4383 1892 4742 1959 incitandos.

2819 1977 3262 2059 Quamobrem
3281 1998 3479 2060 quum
3512 1977 3620 2043 hic
3632 1979 3710 2043 fit
3724 1978 3971 2042 mentio
3999 1978 4223 2043 ieiunii
4242 1990 4504 2061 septem
4522 1978 4743 2043 dierum

2818 2084 2859 2128 a
2901 2062 3096 2128 labes
3141 2060 3400 2128 Galaad
3445 2063 3681 2129 incolis
3725 2062 4055 2141 instituti,
4124 2064 4551 2129 sentiendum
4591 2066 4742 2147 ipsos

2817 2157 2998 2213 metu
3045 2148 3251 2213 divini
3294 2148 3524 2215 iudicii
3569 2148 3902 2231 perculsos
3947 2158 4016 2212 et
4048 2149 4186 2214 irae
4220 2148 4549 2215 adversus
4581 2169 4742 2214 suum

2817 2234 3151 2318 populum,
3199 2233 3280 2298 de
3323 2234 3497 2299 seria
3540 2234 3943 2317 poenitentia
3983 2243 4052 2298 et
4094 2235 4438 2318 agnitione
4482 2244 4744 2317 peccato-

2818 2340 2966 2384 rum
3011 2319 3351 2403 cogitasse,
3396 2331 3460 2383 et
3499 2319 3739 2383 idcirco
3775 2319 4080 2402 11180111118
4102 2318 4494 2385 ardentibus
4532 2319 4743 2385 ieiunio

2817 2405 3186 2471 coniunctis
3221 2405 3302 2468 ad
3328 2405 3545 2469 Deum
3568 2404 3960 2488 confugisse.
4005 2405 4343 2470 Ieiunium
4389 2406 4613 2487 itaque
4653 2425 4744 2487 per

2819 2512 2890 2556 se
2914 2490 3078 2554 nihil
3117 2500 3235 2567 est,
3271 2489 3546 2572 ideoque
3571 2491 3864 2573 graviter
3895 2492 4189 2574 papistae
4222 2490 4556 2555 falluntur
4576 2508 4743 2574 quum

2819 2575 3076 2658 aliquod
3137 2576 3446 2640 meritum
3491 2575 3562 2638 in
3606 2575 3850 2641 ieiunio
3894 2577 4325 2656 constituunt,
4387 2586 4747 2659 partemque

2819 2660 3026 2726 divini
3072 2660 3290 2725 cultus
3333 2660 3613 2726 faciunt:
3660 2681 3854 2742 quam
3901 2660 3982 2726 ob
4021 2681 4286 2727 causam
4333 2663 4542 2726 etiam
4583 2660 4741 2724 Deus

2818 2754 3044 2812 noster
3102 2745 3479 2830 hypocritas
3535 2746 3754 2829 arguit
3813 2747 3914 2810 sui
3974 2747 4306 2829 temporis,
4367 2746 4487 2829 qui
4543 2746 4740 2810 multis

2819 2832 3114 2895 externis
3157 2829 3528 2895 istiusmodi
3552 2830 3850 2914 gestibus
3892 2832 4202 2914 pietatem
4238 2828 4658 2909 simulabant,
4694 2842 4746 2897 et

2817 2916 3081 2981 interim
3140 2918 3241 2980 sui
3299 2935 3561 2997 semper
3620 2915 3883 2993 similes,
3946 2917 4132 2980 avari
4191 2929 4392 3000 puta,
4455 2914 4747 2991 crudeles,

2813 3002 3165 3067 facinorosi
3188 3001 3637 3066 remanebant.
3685 3000 3838 3065 Non
3871 3001 4098 3082 itaque
4119 3002 4446 3067 ieiunium
4475 3002 4748 3067 reiicieu·

2818 3086 2996 3164 dum,
3054 3086 3250 3150 modo
3294 3093 3548 3151 rectum
3595 3106 3788 3151 usum
3835 3094 3902 3150 et
3943 3087 4144 3150 finem
4203 3089 4514 3154 retineat.
4602 3087 4746 3151 Tum

2814 3173 3018 3254 igitur
3062 3172 3305 3236 ieiunio
3361 3170 3780 3253 potissimum
3822 3169 4007 3236 locus
4049 3181 4168 3249 est,
4229 3192 4444 3254 quum
4481 3172 4749 3237 afflictio·

2816 3254 3011 3321 nibus
3052 3276 3400 3339 urgemur:
3445 3275 3608 3337 quas
3652 3256 3981 3337 patienter
4021 3256 4196 3322 ferre
4241 3255 4583 3335 debemus,
4624 3274 4749 3339 quo-

2818 3342 2996 3405 niam
3043 3341 3259 3406 Deum
3304 3339 3736 3406 offendimus:
3782 3350 3850 3407 et
3893 3341 4133 3406 idcirco
4167 3350 4442 3424 peccata
4495 3343 4750 3426 ingenue

2815 3426 3005 3491 fateri
3052 3446 3174 3490 nos
3213 3435 3485 3508 oportet,
3529 3437 3596 3492 et
3618 3427 3929 3508 quoniam
3955 3426 4174 3492 Deum
4209 3428 4508 3510 peccatis
4531 3427 4749 3491 nostris

2815 3511 3165 3577 adversum
3212 3531 3332 3575 nos
3374 3512 3894 3594 provocavimus,
3954 3512 4209 3578 confusi
4256 3522 4324 3577 et
4379 3513 4621 3578 abiecti
4663 3533 4750 3577 co·

2816 3616 2957 3661 ram
3013 3597 3157 3679 ipso
3215 3597 3476 3661 veniam
3539 3596 3962 3680 deprecemur
3978 3647 3994 3677 ,
4046 3609 4113 3663 et
4173 3597 4485 3681 precibus
4543 3596 4750 3693 arden·

4576 3694 4752 3748 critas

4521 3786 4751 3836 versam

2922 3854 2945 3917 i
2987 3873 3260 3917 manum
3306 3853 3619 3931 sentiunt,
3677 3852 3791 3925 sed
3835 3868 3958 3937 pro
4001 3874 4077 3919 eo
4131 3853 4306 3936 quod
4364 3875 4516 3919 sese
4558 3870 4754 3920 001818

2815 3939 2957 4022 11180
3016 3937 3325 4016 deiicere,
3384 3939 3763 4021 crimenque
3821 3940 4012 4004 fateri
4071 3938 4420 4017 deberent,
4473 3939 4754 4005 dentibus

2815 4023 3216 4107 infrendent‚
3283 4025 3711 4107 fraenumque
3774 4024 4127 4107 arrodunt,
4191 4031 4261 4090 et
4306 4045 4429 4106 pro
4477 4023 4755 4108 precibus

2817 4108 3232 4192 blasphemas
3276 4129 3469 4175 voces
3523 4120 3857 4189 evomunt,
3918 4118 3986 4174 81
4029 4131 4147 4193 1110
4193 4109 4660 4193 desperatione
4698 4108 4751 4170 ia

2815 4196 3102 4259 furorem
3146 4202 3516 4261 vertuntur.
3605 4195 3782 4261 Hinc
3826 4197 4049 4278 itaque
4093 4195 4427 4260 discamus
4488 4194 4752 4279 quoties·

2815 4301 3074 4362 cunque
3110 4278 3292 4345 Deus
3335 4300 3608 4344 manum
3650 4280 4000 4346 adversum
4045 4300 4166 4346 nos
4209 4287 4503 4362 exseret,
4561 4279 4751 4364 ipsius

2814 4365 3080 4432 iudiciis
3125 4366 3319 4430 rectis
3353 4364 3608 4443 subiici,
3655 4374 3920 4449 peccata
3954 4374 4181 4431 nostra
4215 4365 4435 4444 fateri,
4485 4376 4558 4429 et
4597 4366 4662 4428 iu
4693 4381 4756 4426 sa

2816 4449 3166 4533 diligenter
3186 4450 3538 4533 inquirere,
3586 4472 3714 4534 quo
3749 4452 4003 4517 facilius
4026 4452 4292 4516 veniam
4317 4451 4755 4533 impetremus.

2817 4538 3037 4619 Atque
3080 4535 3375 4620 singulos
3432 4538 3561 4601 ista
3618 4558 3738 4619 1110
3790 4558 3862 4602 88
3915 4537 4130 4603 facere
4183 4545 4484 4618 oportet:
4551 4534 4660 4600 sed
4697 4534 4754 4596 in

2815 4621 3046 4703 primis
3077 4623 3270 4705 gravi
3301 4621 3521 4704 aliqua
3549 4623 3890 4688 ecclesiam
3912 4622 4264 4687 afflictione
4289 4630 4601 4705 urgente,
4625 4637 4754 4702 pro·

2812 4709 3094 4791 positum
3126 4707 3234 4773 1110
3276 4708 3464 4772 nobis
3487 4706 3678 4773 labes
3702 4707 3955 4773 Galaad
3979 4706 4342 4773 incolarum
4387 4706 4754 4788 exemplum

2811 4800 3070 4876 oportet
3110 4793 3376 4873 imitari,
3422 4802 3489 4856 et
3529 4812 3749 4858 coram
3794 4793 3921 4858 Dei
3966 4794 4136 4858 serio
4184 4790 4559 4858 humiliari.
4605 4790 4755 4856 Nam

2812 4878 2920 4944 hic
2964 4885 3067 4944 est
3106 4878 3340 4943 ieiunii
3374 4897 3537 4943 usus
3579 4888 3647 4944 et
3687 4878 3878 4945 finis:
3935 4877 4108 4962 quod
4153 4877 4457 4959 alioquin
4505 4897 4639 4942 non
4680 4877 4755 4938 its

2809 4966 3034 5048 magni
3093 4985 3133 5029 a
3177 4965 3320 5029 Deo
3378 4963 3522 5029 fieri
3541 5015 3556 5043 ,
3627 4985 3749 5031 nec
3791 4964 4046 5048 reliqua
4103 4963 4398 5047 corporis
4462 4959 4754 5028 exercitin

2808 5058 3061 5115 certum
3109 5058 3241 5115 est:
3298 5050 3425 5115 nisi
3467 5048 3600 5115 illis
3645 5048 3971 5116 discamus
4014 5048 4253 5115 animis
4289 5047 4546 5114 nostris
4593 5048 4754 5129 inge·

2810 5137 3083 5201 miscere
3141 5132 3314 5218 quod
3375 5134 3590 5199 Deum
3652 5134 4141 5212 offenderimus,
4205 5145 4272 5199 et
4327 5153 4499 5198 vere
4556 5147 4752 5198 coram

2808 5222 2951 5304 ipso
2975 5220 3341 5286 humiliari:
3381 5239 3594 5303 neque
3616 5220 3881 5286 interim
3906 5221 4202 5286 animum
4229 5217 4752 5302 despondeamus,

2817 3683 2993 3747 tibus
3050 3702 3200 3746 eum
3257 3681 3697 3748 sollicitemus.
3785 3682 3984 3748 Multi
4058 3681 4324 3768 quidem
4385 3682 4434 3747 h

2815 3768 3108 3917 fflviter
3150 3767 3529 3832 afficiuntur
3572 3776 3637 3832 et
3681 3770 4155 3834 contristantur
4186 3789 4397 3850 quum
