5059 6059
855 327 989 395 239

2515 317 2920 387 HOMILIA
2961 324 3218 393 LXIV.

4676 326 4766 392 240

865 514 1172 585 trahendi
1228 512 1631 579 occasionem
1691 508 1845 576 inde
1901 510 2242 593 accipiant.
2329 508 2500 574 Nam
2546 510 2682 575 fere
2726 510 2802 576 fit
2910 514 3110 600 periri
3157 512 3475 588 volumus,
3514 511 3881 577 necessario
3918 509 4105 576 nobis
4138 510 4221 576 ad
4261 510 4469 594 ipsius
4489 510 4771 580 bonitatem

864 614 940 671 ut
995 603 1105 687 qui
1164 599 1364 683 equis,
1429 598 1745 675 curribus,
1814 596 2017 662 armis
2083 595 2576 661 instructissimi
2620 605 2798 677 sunt,

865 687 1019 756 inde
1078 688 1456 763 efferantur,
1521 695 1588 749 et
1647 703 1816 747 vana
1883 681 2164 766 quadam
2226 683 2603 765 arrogantia
2666 691 2804 748 tur·

865 782 1096 860 geant:
1141 781 1211 839 ct
1250 783 1499 847 contra,
1529 770 1640 853 qui
1674 766 1909 834 iisdem
1946 777 2190 845 carent,
2229 775 2409 833 metu
2445 766 2807 852 trepident:

866 862 1119 944 Deique
1141 856 1477 942 potentiae
1512 868 1579 920 et
1613 855 1842 919 auxilii
1881 875 2011 919 non
2048 852 2491 920 recordentur.
2559 851 2810 920 Idcirco

865 947 1023 1014 dicit
1066 946 1251 1011 Deus
1294 943 1417 1008 sibi
1457 942 1586 1008 ista
1630 940 1991 1024 displicere.
2060 940 2286 1023 ltaque
2330 939 2701 1005 carnalibus
2745 948 2811 1005 et

867 1029 1332 1115 temporalibus
1356 1026 1657 1094 omnibus
1682 1025 2020 1109 praesidiis
2054 1037 2497 1110 opponuntur,
2521 1025 2810 1109 primum

866 1121 1062 1184 timor
1107 1116 1238 1181 Dei
1295 1123 1364 1181 et
1418 1113 1805 1193 reverentia,
1862 1132 2033 1194 quae
2075 1112 2282 1196 ipsius
2325 1112 2655 1178 maiestati
2699 1110 2811 1176 ds-

867 1205 1091 1270 betur:
1140 1200 1375 1267 deinde
1421 1221 1605 1283 spes,
1653 1218 1819 1281 quae
1856 1199 1983 1262 duo
2026 1197 2337 1281 coniungi
2380 1218 2647 1264 necesse
2692 1205 2810 1263 est.

869 1291 1044 1357 Nam
1111 1290 1353 1355 scimus
1411 1285 1788 1370 hypocritas
1846 1284 2028 1349 abuti
2086 1283 2314 1348 solitos
2358 1285 2485 1350 Dei
2545 1282 2812 1348 nomine

870 1385 947 1442 et
1002 1373 1347 1458 evangelii,
1413 1383 1481 1436 et
1535 1370 1751 1454 palam
1811 1368 2071 1453 quidem
2138 1368 2351 1435 verbis
2416 1367 2812 1454 praedicare,

872 1463 1085 1528 verbo
1134 1460 1258 1526 Dei
1302 1455 1586 1524 dandum
1634 1454 1891 1540 pondus
1934 1464 2001 1521 et
2039 1456 2452 1522 autoritatem
2491 1464 2568 1520 ut
2602 1453 2814 1520 solum

871 1548 1175 1625 emineat,
1240 1556 1306 1609 et
1349 1545 1444 1610 ita
1487 1542 1715 1608 testari
1760 1564 1882 1607 nos
1926 1561 2059 1606 non
2104 1561 2295 1624 posse
2339 1542 2411 1605 in
2457 1541 2602 1606 Deo
2648 1538 2813 1605 fidu·

865 1635 1035 1703 ciam
1080 1633 1415 1714 collocare,
1473 1630 1600 1694 nisi
1663 1649 1783 1693 nos
1827 1628 1957 1710 ipsi
2002 1626 2320 1692 subiicere
2368 1626 2813 1706 didicerimus,

867 1729 938 1787 et
996 1739 1215 1784 veram
1276 1715 1710 1783 obedientiam
1768 1712 2069 1778 reddere:
2126 1713 2237 1778 sed
2302 1721 2523 1778 tamen
2571 1711 2811 1777 multos

870 1827 1012 1873 esse
1054 1802 1369 1880 infideles,
1415 1802 1523 1885 qui
1568 1800 1695 1865 Dei
1739 1800 2041 1864 timorem
2083 1798 2509 1882 simulabunt,
2555 1797 2667 1881 qui
2710 1796 2810 1861 ni·

873 1892 1229 1958 hilominus
1274 1909 1482 1971 neque
1528 1888 1741 1970 ipsum
1785 1896 2027 1962 ament,
2071 1905 2284 1967 neque
2321 1884 2534 1951 colere
2570 1884 2812 1949 velint:

877 1998 1109 2044 verum
1175 1976 1315 2040 eius
1374 1994 1699 2038 summam
1745 1980 1809 2036 et
1851 1970 2256 2036 tremendam
2299 1971 2615 2036 iustitiam
2662 1969 2813 2034 hor-

865 2073 1071 2130 reant.
1178 2060 1288 2126 Illi
1333 2059 1537 2143 igitur
1581 2059 1785 2124 solam
1831 2065 2171 2122 externam
2218 2055 2623 2123 obedientiae
2667 2075 2813 2137 spe·

870 2151 1037 2215 ciem
1105 2167 1262 2230 prae
1329 2167 1399 2213 se
1462 2146 1701 2222 ferunt,
1761 2144 1942 2209 intus
2006 2142 2426 2209 rebellionem
2492 2142 2809 2207 foventes.

872 2232 1316 2317 Quamobrem
1362 2233 1644 2297 sciamus
1689 2229 1816 2295 duo
1861 2230 1977 2295 illa
2021 2251 2186 2313 quae
2223 2228 2512 2294 diximus
2548 2230 2811 2293 coniun-

871 2320 1107 2406 genda,
1152 2320 1454 2383 timorem
1499 2326 1566 2382 et
1607 2336 1787 2400 spem
1833 2336 1946 2381 seu
1993 2335 2302 2381 amorem.
2371 2315 2544 2380 Nam
2580 2313 2812 2378 timere

873 2409 1091 2473 Deum
1151 2417 1287 2470 tam
1344 2402 1496 2467 boni
1568 2423 1761 2485 quam
1828 2400 1984 2466 mali
2048 2402 2376 2479 iubentur,
2445 2408 2520 2465 ut
2585 2406 2813 2464 monet

875 2492 1197 2576 propheta
1239 2490 1309 2554 in
1356 2488 1658 2553 PsalmiS.
1746 2486 2133 2552 Doctrinam
2188 2487 2393 2571 igitur
2437 2487 2628 2551 istam
2675 2505 2811 2549 me-

874 2578 1191 2654 ditemur,
1261 2574 1526 2640 Domini
1590 2593 1733 2637 esse
1800 2571 2073 2638 bellum:
2142 2592 2336 2655 quam
2402 2570 2485 2636 ob
2548 2590 2810 2637 causam

875 2662 1198 2748 propheta
1241 2659 1506 2726 Psalmo
1553 2658 1638 2725 33
1686 2657 1842 2724 dicit
1892 2678 2115 2741 equum
2158 2677 2291 2723 esse
2331 2658 2685 2724 mendacem
2727 2656 2814 2721 ad

873 2750 1182 2815 sazutem:
1235 2751 1290 2812 et
1348 2764 1547 2829 reyem
1583 2765 1707 2809 non
1745 2745 1992 2809 servari
2032 2743 2430 2808 multitudine
2468 2743 2812 2824 copiarum,

875 2855 1069 2918 neque
1092 2837 1399 2915 potentem
1422 2830 1819 2896 multitudine
1852 2831 2121 2895 virium.-
2151 2829 2264 2895 sed
2286 2829 2529 2894 oculum
2554 2827 2815 2893 Iehovae

872 2921 1187 2987 attendere
1229 2919 1314 2985 ad
1368 2919 1645 2983 timentes
1697 2916 1821 2982 sui.
1909 2914 2055 2982 Hoc
2106 2915 2452 2997 impletum
2518 2914 2814 2980 videmus

880 3008 953 3072 in
1000 3004 1349 3072 Goliatho:
1395 3023 1608 3085 neque
1653 3000 1921 3067 dubium
1964 3003 2118 3083 quin
2157 2999 2376 3067 David
2423 3000 2550 3065 hoc
2592 3018 2814 3083 perpe-

882 3104 1068 3158 tuum
1095 3090 1539 3156 testimonium
1585 3089 1654 3152 in
1691 3087 1963 3153 ecclesia
1997 3108 2139 3153 esse
2168 3087 2468 3164 voluerit,
2514 3095 2582 3151 et
2623 3106 2814 3168 saepe

871 3180 944 3244 in
1010 3177 1390 3243 memoriam
1450 3173 1669 3258 populi
1725 3174 2068 3251 revocarit,
2139 3172 2313 3258 quod
2367 3171 2569 3238 semel
2628 3171 2814 3236 Deus

880 3286 999 3349 per
1042 3264 1258 3347 ipsum
1303 3262 1625 3326 effecerat.
1716 3258 1938 3339 Quare
1995 3257 2156 3326 haec
2214 3258 2415 3325 verba
2471 3278 2667 3340 saepe
2709 3258 2810 3321 in-

883 3348 1218 3428 culcanda,
1261 3368 1393 3412 non
1440 3347 1506 3411 in
1551 3344 1974 3410 multitudine
2017 3345 2259 3410 virium
2303 3343 2555 3409 servari
2590 3350 2809 3427 poten·

875 3445 994 3516 tes,
1059 3433 1366 3518 quoniam
1434 3431 1762 3514 potentiae
1833 3431 1961 3496 Dei
2038 3430 2421 3514 temporalia
2489 3427 2814 3513 praesidia

876 3521 1089 3587 solent
1131 3539 1482 3601 opponere:
1528 3538 1696 3601 quae
1740 3516 2002 3599 quidem
2038 3538 2194 3582 sane
2217 3515 2402 3581 Deus
2437 3515 2814 3580 hominibus

881 3606 1061 3672 dedit
1102 3615 1167 3671 et
1210 3603 1471 3669 illorum
1519 3623 1708 3669 usum
1754 3603 2069 3685 permisit,
2130 3601 2241 3668 sed
2297 3603 2390 3667 ita
2448 3613 2668 3666 tamen
2728 3621 2813 3665 ne

880 3693 1111 3757 virtuti
1156 3699 1221 3754 et
1265 3688 1591 3771 potentiae
1633 3689 1844 3773 ipsius
1878 3689 2364 3771 praeferantur:
2407 3686 2812 3769 quandoqui-

882 3777 1030 3842 dem
1087 3776 1290 3853 DeuS,
1335 3795 1487 3841 suos
1552 3787 1951 3852 servaturus,
2020 3796 2153 3839 non
2221 3771 2461 3857 pendet
2524 3773 2605 3838 ab
2670 3772 2812 3838 istis

875 3862 1125 3940 mediis,
1183 3882 1390 3944 neque
1449 3861 1760 3944 alligatur
1818 3861 1962 3925 istis
2022 3861 2214 3927 rebus
2258 3857 2810 3941 corruptibilibus,

878 3948 1114 4033 quibus
1156 3947 1455 4011 homines
1509 3958 1777 4029 propter
1821 3947 2269 4011 infirmitatem
2326 3965 2492 4027 opus
2537 3943 2808 4009 habent:

787 4046 791 4051 '
876 4036 982 4102 cui
1044 4056 1164 4100 sua
1222 4033 1685 4115 ipsius-virtus
1730 4032 1986 4097 sufficit.
2075 4031 2346 4097 Nullum
2392 4032 2614 4112 itaque
2658 4029 2808 4095 sub·

871 4119 1112 4187 sidium
1155 4118 1522 4184 humanum
1566 4117 1750 4183 Deus
1811 4117 1892 4183 ad
1951 4138 2103 4184 suos
2148 4116 2469 4182 iuvandos
2513 4115 2809 4198 requirit,

874 4219 942 4274 et
1007 4206 1175 4271 nihil
1240 4205 1361 4287 ipsi
1431 4203 1614 4269 deest
1671 4205 1751 4267 ad
1814 4204 2126 4268 virtutem
2188 4223 2373 4267 suam
2433 4202 2809 4267 hominibus

875 4289 1442 4359 manifestandam.
1548 4290 1725 4354 Sane
1791 4291 1845 4355 si
1911 4290 2080 4355 hanc
2146 4287 2507 4353 doctrinam
2576 4288 2808 4353 animis

876 4378 1438 4462 insculpserimus,
1499 4375 1566 4438 in
1623 4395 1882 4440 omnem
1930 4376 2132 4439 vitam
2177 4376 2471 4454 sufficiet,
2516 4386 2582 4438 et-
2628 4374 2809 4439 tutis·

875 4467 1116 4544 simum
1155 4464 1282 4528 erit
1318 4462 1636 4527 adversus
1671 4459 1991 4543 quaslibet
2014 4461 2407 4527 tentationes
2429 4459 2809 4525 remedium.

875 4552 1048 4616 Nam
1095 4550 1151 4615 si
1197 4549 1264 4614 in
1312 4549 1514 4630 ipsius
1562 4547 1831 4611 tutelam
1891 4547 2389 4630 confugerimus,
2441 4557 2618 4611 certo
2662 4568 2808 4631 per·

876 4639 1050 4701 suasi
1096 4635 1341 4699 erimus
1387 4654 1504 4697 nos
1548 4633 1703 4698 licet
1745 4631 2047 4697 omnibus
2091 4633 2432 4713 praesidiis
2473 4654 2712 4698 vacuos
2747 4642 2812 4696 et

879 4721 1243 4801 destitutos,
1284 4721 1442 4784 satis
1488 4729 1703 4784 tamen
1743 4719 1951 4801 ipsius
1984 4717 2218 4785 umbra
2254 4727 2429 4784 tutos
2452 4739 2613 4801 esse,
2651 4740 2814 4803 quac

882 4807 1019 4873 sola
1064 4808 1209 4889 plus
1259 4805 1470 4870 valeat
1505 4826 1699 4887 quam
1737 4804 1913 4869 mille
1948 4805 2433 4888 propugnacula
2470 4804 2551 4870 ad
2591 4806 2813 4871 hostes

877 4913 917 4957 a
962 4894 1147 4957 nobis
1192 4891 1678 4973 propulsandos,
1725 4891 1877 4955 licet
1920 4891 2137 4970 armis,
2183 4892 2388 4973 equis,
2435 4892 2815 4957 munitioni-

877 4979 1018 5056 bus,
1075 4978 1358 5042 militum
1417 4977 1669 5060 ingenti
1731 4996 2002 5041 numero
2058 4977 2526 5041 munitissimos
2587 4987 2653 5041 et
2710 4978 2811 5042 in·

880 5064 1366 5141 structissimos,
1412 5074 1479 5127 et
1523 5062 1603 5126 ad
1634 5083 1910 5144 quorum
1949 5071 2281 5147 aspectum
2316 5061 2586 5128 horrere
2622 5084 2813 5128 mun·

881 5149 1002 5215 dus
1046 5149 1325 5229 deberet,
1369 5147 1539 5231 quod
1587 5150 1721 5213 suis
1769 5148 2016 5214 viribus
2060 5146 2409 5213 videantur
2445 5169 2631 5230 posse
2668 5150 2813 5214 uni-

877 5256 1143 5301 versum
1184 5236 1505 5300 mundum
1550 5243 1883 5299 evertere:
1930 5234 2044 5299 sed
2084 5235 2138 5298 si
2189 5235 2310 5299 Dei
2354 5235 2646 5300 favorem
2694 5257 2809 5300 ex·

2911 612 3089 668 certa
3112 597 3349 666 fiducia
3383 596 3886 682 confugiendum
3935 609 4056 680 est,
4100 605 4179 661 ut
4220 597 4621 680 experiamur
4647 601 4774 682 quod

2911 688 3039 752 alio
3082 685 3220 752 loco
3265 683 3588 768 propheta
3625 681 3983 765 praedicat:
4031 681 4190 748 Ecce
4221 703 4393 766 reyes
4428 692 4774 764 convenensi,

2903 772 3231 855 proyressi
3269 776 3415 836 sunt
3445 769 3692 852 pariter
3709 792 3730 848 ,-
3772 768 3904 853 ipsi
3944 768 4253 845 viderunt,
4297 768 4592 834 similiter
4625 770 4775 836 admi-

2912 859 3043 925 rati
3098 862 3263 938 sunt,
3317 854 3661 921 ematur-bati
3712 858 3875 933 sunt,
3931 856 4211 920 commoti
4252 860 4416 929 sunt,
4464 860 4665 919 tremor
4695 878 4777 938 ap-

2904 943 3237 1026 prehendit
3279 962 3399 1021 003,
3455 939 3632 1006 dolor
3686 944 3753 1004 ut
3800 941 4242 1021 parturientis.
4330 940 4583 1021 Quibus
4620 943 4779 1008 verbis

2916 1031 3234 1114 propheta
3276 1026 3652 1095 consolatur
3696 1024 4052 1103 ecclesiam,
4099 1026 4413 1109 docetque
4450 1028 4783 1093 coniuranti-

2921 1116 3039 1182 bus
3082 1114 3396 1181 adversus
3438 1113 3650 1196 ipsam
3694 1111 4172 1195 capitalissimis
4228 1110 4539 1189 hostibus,
4596 1115 4783 1178 saevis-

2920 1203 3103 1269 simis
3160 1210 3227 1266 et
3283 1198 3675 1277 fortissimis,
3733 1217 3772 1261 a
3813 1197 4049 1280 quibus
4103 1198 4372 1263 iamiam
4422 1198 4688 1264 laniandi
4718 1199 4787 1265 vi·

2921 1287 3221 1366 deantur,
3279 1286 3417 1352 fore
3473 1295 3552 1349 ut
3607 1303 3807 1366 quum
3867 1284 4188 1366 impetum
4232 1284 4450 1350 facere
4494 1284 4706 1363 volent,
4740 1284 4788 1348 in

2921 1376 3203 1440 furorem
3251 1379 3616 1450 vertantur,
3662 1379 3728 1434 et
3771 1369 4046 1434 miseros
4090 1369 4242 1435 licet
4276 1392 4351 1435 ac
4387 1372 4659 1435 inermes
4684 1390 4791 1437 con-

2920 1461 3170 1544 spicati,
3214 1479 3342 1523 non
3388 1456 3675 1523 audeant
3718 1465 3937 1519 tamen
3982 1454 4311 1533 invadere,
4344 1455 4465 1521 sed
4500 1456 4659 1520 ultra
4685 1477 4793 1538 pro-

2922 1546 3324 1632 grediantur,
3367 1552 3434 1609 et
3476 1551 3722 1608 temere
3767 1540 4025 1606 viarum
4070 1542 4283 1624 ignari
4332 1542 4580 1606 abitum
4612 1541 4793 1608 accele-

2919 1642 3101 1711 rent,
3163 1631 3307 1696 Deo
3366 1631 3542 1711 ipsos
3607 1635 4055 1710 persequente,
4113 1636 4180 1691 et
4233 1627 4509 1693 consilia
4564 1629 4795 1711 ipoerum

2919 1720 3284 1803 frangente.
3372 1715 3671 1781 Profecto
3714 1711 3864 1778 talis
3908 1711 4195 1778 hostium
4240 1713 4399 1797 fuga
4445 1721 4514 1778 et
4554 1713 4796 1778 interitus

2919 1806 3116 1889 longe
3159 1803 3480 1886 insignior
3523 1807 3624 1865 est
3664 1818 3864 1881 quam
3908 1800 3965 1863 si
4010 1796 4188 1863 mille
4235 1799 4722 1884 propugnaculis
4754 1809 4799 1861 et
4914 1797 4915 1802 ’

2920 1889 3262 1977 praesidiis
3306 1887 3614 1953 humanis
3670 1897 4065 1966 tegeremur.
4155 1884 4412 1952 Idcirco
4456 1884 4663 1950 David
4700 1903 4799 1947 me-

2920 1979 3046 2044 rito
3106 1975 3263 2041 dicit
3318 1974 3443 2039 hoc
3496 1972 3672 2049 loco,
3741 1970 3871 2035 Dei
3930 1991 4076 2035 esse
4127 1970 4414 2036 bellum:

2920 2062 3182 2148 quidam
3248 2067 3515 2143 propter
3580 2059 3837 2122 unicam
3906 2055 4164 2122 literam
4234 2055 4315 2120 ad
4381 2056 4556 2121 illud
4616 2055 4801 2122 bellum

2919 2149 3343 2230 restringant,
3402 2144 3590 2228 quasi
3634 2142 3853 2209 David
3916 2142 4106 2220 dicat,
4162 2142 4382 2207 Deum
4451 2163 4592 2209 esse
4630 2139 4805 2225 populi

2916 2234 3252 2303 israelitici
3317 2241 3529 2316 caput,
3595 2238 3665 2294 et
3718 2248 3804 2294 ex
3859 2229 4150 2312 periculo
4204 2229 4587 2294 imminenti
4640 2230 4804 2312 ipsum

2917 2332 3349 2398 servaturum,
3408 2338 3538 2401 qua
3592 2316 3844 2380 ratione
3913 2314 4123 2379 volet:
4166 2314 4337 2397 quod
4384 2335 4553 2381 sane
4596 2313 4803 2377 verissi-

2918 2428 3102 2473 mum
3145 2415 3283 2471 est:
3343 2422 3575 2470 verum
3634 2412 3857 2466 tamen
3914 2400 4110 2465 etiam
4171 2401 4511 2484 generalis
4568 2411 4661 2465 est
4697 2419 4805 2464 sen·

2922 2493 3155 2559 tentia:
3223 2511 3355 2574 qua
3419 2510 3550 2554 non
3616 2486 3885 2552 dubium
3950 2494 4053 2550 est
4116 2488 4270 2569 quin
4338 2484 4573 2553 David
4628 2482 4805 2549 docere

2918 2577 3220 2659 voluerit,
3284 2575 3502 2642 Deum
3556 2573 3860 2639 omnibus
3914 2571 4175 2654 praeliis
4231 2592 4565 2654 praeesse,
4624 2581 4686 2637 et
4733 2568 4807 2635 cai

2919 2665 3201 2731 voluerit
3245 2661 3586 2729 victoriam
3631 2656 4008 2725 concedere.
4097 2658 4289 2739 Quod
4338 2659 4565 2740 ipsum
4616 2655 4805 2722 ethnici

2918 2761 3397 2835 cognoverunt:
3445 2754 3512 2810 et
3554 2744 3699 2810 ideo
3744 2746 3812 2809 in
3857 2741 4099 2810 bellum
4145 2744 4515 2828 profecturi
4562 2743 4677 2808 diis
4712 2741 4808 2807 su'u

2918 2857 3106 2902 sacra
3141 2836 3352 2900 facere
3387 2831 3581 2914 soliti,
3617 2840 3691 2896 ut
3733 2830 3896 2896 bene
3932 2850 4055 2895 sua
4097 2830 4370 2896 consilia
4420 2835 4734 2896 verterent
4764 2834 4808 2889 et

2919 2924 3351 2988 fortunarent.
3418 2919 3505 2983 Et
3551 2925 3700 3001 post
3745 2926 3997 2998 partam
4044 2915 4386 2982 victoriam
4438 2914 4675 2999 templa
4710 2914 4808 2978 iue-

2917 3016 3080 3073 runt
3121 3007 3203 3072 ad
3249 3006 3611 3091 gratiarum
3654 3003 3979 3069 actionem
4036 3011 4280 3085 aperta.
4370 3001 4518 3069 Sed
4562 3021 4710 3085 quae
4744 2996 4809 3060 illi

2920 3095 3047 3160 diis
3090 3095 3225 3160 suis
3268 3112 3453 3159 sacra
3496 3091 3806 3164 fecerunt,
3864 3108 4047 3153 mera
4085 3088 4463 3172 hypocrisis
4508 3089 4646 3167 fuit,
4683 3080 4810 3168 quod

2919 3201 3149 3246 verum
3195 3180 3415 3245 Deum
3460 3197 3591 3241 non
3639 3182 3924 3254 nossent,
3970 3185 4037 3239 et
4074 3194 4239 3258 quac
4282 3173 4418 3240 diis
4466 3175 4608 3239 suis
4637 3173 4810 3236 offere-

2918 3266 3076 3332 bant
3120 3266 3187 3330 in
3212 3264 3345 3329 Dei
3382 3262 3663 3328 viventis
3698 3260 4161 3327 contumeliam
4205 3258 4679 3325 redundarent.
4714 3251 4811 3320 Sed

2918 3352 3102 3417 Deus
3154 3354 3223 3416 in
3286 3349 3624 3415 hominum
3684 3345 4019 3411 mentibus
4084 3345 4379 3427 reliquas
4452 3367 4597 3413 esse
4653 3341 4811 3408 voluit
4908 3385 4909 3396 2

2918 3437 3170 3519 aliquas
3235 3435 3568 3518 religionis
3633 3431 3971 3511 scintillas,
4036 3430 4116 3495 ad
4183 3432 4509 3497 maiorem
4582 3432 4811 3513 ipsorum

2917 3522 3545 3598 condemnationem,
3590 3527 3657 3583 et
3699 3529 3775 3583 ut
3818 3518 3951 3583 sint
3994 3537 4208 3582 coram
4255 3518 4408 3583 Deo
4456 3511 4813 3583 inexcusabi-

2918 3610 3047 3675 les:
3115 3607 3289 3692 quod
3332 3605 3508 3672 ultro
3550 3604 3672 3671 sibi
3720 3603 3946 3669 oculos
3989 3601 4323 3686 effodiant,
4385 3625 4479 3669 ne
4522 3603 4607 3669 ad
4646 3601 4809 3664 Deum

2920 3707 3263 3761 vocantem
3329 3691 3602 3758 veniant
3666 3698 3734 3754 et
3800 3698 4167 3773 assurgant.
4274 3687 4545 3755 Idcirco
4620 3684 4811 3753 ethnici

2917 3782 3245 3846 fortunam
3312 3777 3500 3843 bellis
3578 3796 3880 3858 praeesse
3959 3787 4025 3841 et
4105 3774 4439 3840 dominari
4525 3775 4811 3840 dixerunt:

2917 3866 3153 3931 deinde
3206 3865 3490 3931 Martem
3551 3862 3749 3927 deum
3808 3861 4202 3944 praeliorum
4261 3860 4621 3947 imaginati
4671 3861 4811 3923 sunt:

2915 3951 3042 4018 Dei
3086 3951 3370 4018 viventis
3412 3949 3667 4015 interea
3711 3969 3842 4013 non
3886 3946 4228 4013 recordati.
4294 3946 4509 4028 Quod
4543 3959 4609 4012 et
4649 3945 4809 4027 ipsum

2915 4037 3271 4121 prophetae
3316 4037 3446 4102 Dei
3490 4033 3730 4120 populo
3775 4054 3966 4117 saepe
4009 4032 4530 4116 exprobrarunt,
4575 4032 4808 4098 dieentes

2915 4124 3082 4202 illos,
3142 4144 3258 4188 suo
3315 4122 3438 4187 ret-i
3496 4130 3563 4186 et
3619 4119 3981 4185 industriae
4025 4119 4531 4186 sacrificavisse.
4618 4117 4810 4197 Quem·

2916 4207 3267 4274 admodum
3312 4207 3503 4273 hodie
3547 4205 3784 4271 multos
3830 4206 4151 4288 principes
4187 4205 4423 4271 videas
4462 4224 4680 4271 veram
4707 4217 4811 4279 cog·

2916 4296 3233 4361 nitionem
3292 4294 3422 4359 Dei
3480 4314 3609 4358 non
3664 4290 3999 4369 habentes,
4059 4300 4252 4374 parta
4310 4291 4617 4366 victoria,
4666 4299 4721 4352 et
4762 4284 4809 4346 in

2917 4382 3197 4466 patriam
3241 4378 3510 4445 reduces
3555 4377 3867 4460 trophaea
3909 4396 4171 4460 ponere,
4229 4386 4300 4441 et
4340 4373 4808 4461 supplicationes

2917 4467 3279 4545 decernere,
3335 4463 3607 4531 subinde
3651 4483 3843 4527 suum
3903 4462 4068 4527 illud
4112 4463 4325 4548 Kyrie
4371 4465 4627 4530 eleison
4669 4476 4806 4538 repe·

2917 4562 3159 4619 tentes:
3202 4550 3316 4618 scd
3350 4552 3612 4617 interim
3658 4569 3809 4614 suas
3845 4547 4072 4614 laudes
4107 4549 4515 4632 praedicare,
4552 4549 4807 4612 vitantem

2916 4650 2983 4704 et
3025 4637 3416 4704 industriam
3459 4635 3684 4720 magni
3731 4634 3968 4701 facere:
4016 4635 4493 4718 fortunamque
4537 4631 4807 4722 dominae

2918 4723 3203 4803 laudare,
3249 4724 3507 4806 Deique
3553 4721 3933 4786 memoriam
3974 4741 4237 4786 omnem
4282 4722 4575 4788 abolere.
4638 4709 4803 4782 David

2916 4811 3133 4893 itaque
3177 4810 3399 4894 paucis
3443 4809 3585 4873 istis
3629 4807 3850 4872 verbis
3896 4805 4101 4882 docet,
4147 4806 4318 4871 bella
4363 4829 4517 4873 esse
4559 4804 4804 4876 Dom'um

2917 4897 3102 4978 quasi
3170 4895 3342 4961 dicat
3401 4895 3589 4959 illum
3657 4893 3993 4958 dominum
4060 4913 4201 4958 esse
4268 4891 4598 4960 bellorum
4655 4885 4801 4953 etin

2918 5002 3146 5047 omnes
3191 4980 3512 5046 dominari
3557 4989 3624 5045 et
3666 4979 4083 5044 autoritatem
4141 4980 4421 5058 habere;
4492 4991 4568 5046 ut
4624 4973 4719 5060 qui
4750 4968 4801 5032 de

2918 5069 3055 5134 suis
3125 5066 3370 5132 viribus
3435 5065 3717 5131 multum
3783 5064 3905 5131 sibi
3975 5066 4489 5147 pollicebantur,
4566 5064 4797 5148 animun!

2917 5165 3187 5238 repente
3231 5150 3697 5238 despondeant,
3736 5160 3800 5215 et
3835 5152 3914 5217 ab
3951 5151 4034 5215 iis
4072 5153 4185 5234 qui
4220 5150 4528 5217 imbelles
4546 5163 4612 5215 et
4628 5149 4797 5233 ignati

2919 5239 3345 5319 habebantur,
3401 5249 3629 5306 contra
3685 5238 3981 5303 omnium
4024 5237 4405 5321 opinionem
4449 5241 4799 5321 superentur·

4484 1989 4803 2055 quanquam
4914 1989 4915 1992 ¹
