5059 6059
753 317 956 385 -439

826 507 1244 591 spoliaretur,
1300 507 1584 572 multum
1640 517 1856 572 autem
1920 508 2232 592 temporis
2290 508 2636 573 effluxerat
2692 505 2776 571 ab

729 667 740 681 .
824 592 944 659 illa
988 592 1446 676 praedictione,
1489 599 1565 657 ut
1607 614 1781 658 vana
1821 594 2022 658 fuisse
2065 594 2439 660 videretur:
2484 593 2600 660 sed
2636 603 2779 657 tan-

828 678 977 744 dem
1029 677 1317 744 ostendit
1360 699 1431 742 re
1471 679 1614 761 ipsa
1656 698 1727 742 se
1772 676 2030 744 decreto
2088 701 2207 746 suo
2254 680 2448 745 finem
2501 679 2776 755 adferre,

826 775 893 830 et
938 784 1273 847 nunquam
1321 785 1527 829 vanas
1583 773 1697 829 aut
1739 764 1962 830 irritas
2017 785 2160 830 esse
2216 786 2370 830 suas
2423 764 2778 831 commina-

828 849 1061 915 tiones.
1149 848 1390 930 Quare,
1450 870 1652 933 quum
1700 849 1882 915 Deus
1927 850 2173 935 aliquid
2197 851 2611 934 promiserit,
2664 870 2779 933 pa·

828 937 1070 1000 tienter
1113 934 1564 1018 impletionem
1612 947 2093 1018 exspectemus:
2140 957 2351 1020 neque
2388 936 2550 1002 adeo
2592 935 2778 1001 stulti

825 1030 893 1088 et
915 1030 1209 1086 amentes
1229 1020 1435 1086 simus
1470 1030 1547 1086 ut
1582 1022 1702 1104 ipsi
1728 1030 1990 1105 tempus
2026 1020 2131 1086 vel
2167 1023 2396 1087 horam
2417 1024 2779 1107 praefigere

827 1106 1144 1174 velimus:
1203 1105 1317 1170 sed
1360 1106 1491 1171 fide
1543 1107 1614 1171 in
1659 1106 1786 1171 Dei
1831 1107 2278 1190 promissionis
2332 1109 2654 1188 nitamur,
2712 1115 2780 1172 et

827 1192 1210 1276 patientiam
1269 1201 1559 1258 nostram
1636 1192 1964 1275 explorari
2025 1194 2340 1274 sciamus,
2407 1202 2485 1259 ut
2557 1201 2779 1258 monet

828 1278 1029 1344 etiam
1074 1277 1428 1360 apostolus.
1517 1279 1608 1342 Et
1649 1279 1937 1345 vicissim
1982 1277 2128 1343 Deo
2175 1300 2293 1345 nos
2334 1280 2779 1346 comminatio-

828 1362 1024 1429 nibus
1088 1371 1376 1428 terrente
1435 1364 1527 1430 sic
1571 1365 1710 1440 eius
1754 1363 2010 1430 iudicia·
2038 1374 2437 1445 metuamus,
2495 1385 2580 1430 ne
2622 1364 2779 1430 hinc

828 1449 902 1514 in
925 1448 1411 1530 deperationem
1455 1459 1522 1513 et
1550 1448 1982 1515 diffidentiam
2025 1449 2406 1532 incidamus,
2446 1450 2600 1517 inde
2622 1469 2778 1516 vero

830 1533 1128 1601 socordia
1172 1545 1239 1598 et
1280 1534 1551 1617 ignavia
1572 1534 2003 1616 desideamus,
2048 1537 2231 1619 quasi
2270 1536 2643 1602 divinorum
2686 1536 2783 1601 iu-

833 1619 1150 1686 diciorum
1196 1620 1411 1685 minas
1456 1621 1858 1687 evaserimus
1876 1672 1892 1698 ,
1951 1621 2122 1703 quod
2166 1623 2234 1687 in
2290 1623 2531 1689 multos
2574 1642 2782 1687 annos

830 1705 949 1771 illa
1014 1704 1360 1771 distulerit.
1445 1705 1679 1789 Neque
1734 1709 1909 1772 enim
1954 1707 2106 1773 licet
2167 1727 2380 1774 annus
2433 1729 2610 1774 unus
2668 1716 2784 1772 aut

832 1791 1032 1871 alter,
1080 1790 1181 1854 vel
1229 1791 1427 1857 etiam
1472 1791 1692 1857 decem
1739 1803 1807 1858 et
1842 1792 2122 1875 amplius
2167 1794 2582 1873 effluxerint,
2634 1792 2783 1858 ideo

827 1875 958 1942 Dei
1002 1897 1270 1942 manum
1319 1878 1664 1944 evasimus.
1751 1878 1944 1957 Nam,
1990 1889 2065 1943 ιιι
2094 1879 2188 1944 ait
2219 1881 2559 1962 propheta,
2603 1878 2783 1943 mille

828 1962 984 2028 anni
1028 1982 1245 2028 coram
1285 1963 1572 2029 Domino
1615 1974 1771 2030 sunt
1813 1965 2020 2030 instar
2064 1965 2263 2030 unius
2307 1966 2457 2031 diei.
2530 1965 2781 2047 Quam-

825 2048 1048 2113 obrem
1108 2048 1164 2113 si
1224 2068 1359 2114 non
1404 2050 1618 2130 primo
1675 2070 1933 2133 quoque
1989 2058 2280 2134 tempore
2339 2052 2600 2136 magnis
2640 2052 2781 2115 icti-

825 2133 950 2200 bus
1005 2154 1126 2199 nos
1190 2134 1529 2218 opprimit,
1597 2156 1684 2200 ne
1740 2134 2077 2201 meliorem
2134 2136 2281 2202 ideo
2335 2137 2782 2203 conditionem

828 2225 1124 2284 nostram
1168 2219 1595 2286 arbitremur:
1650 2221 1764 2286 sed
1812 2220 1895 2286 ad
1939 2220 2296 2287 remedium
2341 2222 2512 2305 quod
2560 2224 2630 2288 in
2676 2241 2781 2286 sa·

827 2304 956 2371 cris
999 2304 1387 2388 proponitur
1428 2306 1903 2389 confugiamus,
1947 2328 2185 2391 nempe
2222 2316 2297 2371 ut
2339 2328 2489 2374 cum
2526 2308 2777 2394 gemitu

830 2399 899 2456 et
963 2388 1274 2474 lacrymis
1332 2391 1456 2456 sub
1530 2392 1736 2474 ipsius
1794 2401 2062 2477 potente
2120 2413 2319 2458 manu
2377 2394 2778 2471 deiiciamur,

829 2494 1104 2558 eamque
1149 2475 1428 2542 assiduis
1462 2477 1766 2560 precibus
1800 2498 2168 2562 urgeamus,
2214 2487 2291 2544 ut
2313 2500 2499 2544 suam
2529 2501 2571 2545 a
2592 2478 2779 2545 nobis

829 2558 1191 2627 vindictam
1234 2570 1305 2626 et
1342 2561 1945 2629 condemnationem
2002 2572 2277 2631 avertat.
2363 2565 2457 2630 Et
2514 2564 2638 2633 hoc
2680 2567 2778 2648 ip-

834 2664 983 2710 sum
1031 2666 1149 2711 nos
1192 2646 1437 2713 Paulus
1498 2646 1718 2733 docet,
1777 2669 1978 2733 quum
2023 2649 2243 2715 Deum
2303 2650 2460 2716 dicit
2516 2671 2640 2717 nos
2697 2649 2778 2716 ad

832 2739 1095 2813 tempus
1149 2741 1636 2815 exspectantem
1693 2735 1975 2800 invitare
2019 2735 2103 2800 ad
2144 2738 2616 2820 poenitentiam
2638 2785 2654 2817 ,
2715 2744 2783 2801 et

831 2816 1041 2882 otium
1065 2815 1222 2882 dare
1265 2817 1348 2883 ad
1369 2819 1587 2901 ipsum
1629 2821 2081 2905 confugiendi:
2126 2823 2314 2888 cuius
2345 2823 2400 2886 si
2431 2824 2782 2888 abutamur

831 2902 1183 2985 patientia,
1237 2904 1378 2970 fore
1433 2915 1514 2969 ut
1554 2905 1822 2971 nimiam
1886 2914 2178 2973 nostram
2234 2908 2781 2992 ingratitudinem

831 2989 1129 3055 severius
1190 2988 1562 3057 ulciscatur.
1660 2991 1884 3071 Quare
1953 3012 2153 3076 quum
2223 2995 2405 3059 Deus
2474 2995 2782 3077 loquutus

832 3082 951 3154 est,
1014 3072 1337 3141 discamus
1378 3073 1625 3142 dictum
1665 3077 1876 3161 ipsius
1918 3097 2040 3161 pro
2082 3098 2156 3144 re
2206 3079 2466 3146 decreta
2508 3090 2576 3145 et
2618 3082 2781 3144 irre·

832 3158 1112 3226 vocabili
1153 3159 1420 3226 babere:
1478 3183 1556 3228 ac
1599 3162 1872 3246 proinde
1924 3164 1983 3230 si
2024 3184 2097 3229 se
2153 3164 2337 3231 nobis
2380 3176 2780 3231 servatorem

832 3244 972 3314 fore
1014 3245 1341 3329 pollicitus
1384 3247 1488 3325 sit,
1534 3257 1606 3314 et
1624 3248 1941 3314 auxilium
1985 3249 2058 3314 in
2079 3251 2277 3316 rebus
2317 3251 2579 3317 afflictis
2622 3251 2782 3316 alla-

833 3337 1098 3400 turum:
1141 3340 1322 3398 certo
1362 3335 1653 3414 persuasi
1697 3336 1920 3410 simus,
1965 3355 2303 3418 nunquam
2333 3338 2553 3420 ipsum
2597 3337 2784 3403 nobis

834 3414 1235 3483 defuturum.
1324 3419 1450 3488 Sin
1495 3440 1651 3485 vero
1674 3420 1962 3486 minatus
1979 3421 2197 3500 fuerit,
2240 3423 2321 3487 ad
2346 3424 2551 3506 ipsius
2573 3423 2787 3487 minas

832 3522 1376 3585 commoveamur,
1420 3513 1492 3571 et
1530 3504 1913 3571 horreamus
1951 3506 2162 3590 ipsius
2201 3506 2459 3587 iudicia,
2505 3518 2574 3574 et
2617 3529 2786 3574 nun·

835 3606 1054 3670 quam,
1083 3589 1208 3654 nisi
1231 3588 1497 3658 inventa
1518 3591 1696 3674 apud
1720 3592 1932 3676 ipsum
1959 3593 2191 3677 gratia,
2227 3594 2785 3678 conquiescamus,

837 3673 1148 3738 certiores
1188 3674 1339 3742 faeti
1387 3674 1467 3740 de
1508 3686 1923 3759 peccatorum
1965 3686 2337 3744 nostrorum
2379 3679 2784 3746 remissione.

840 3756 995 3838 Qua
1037 3759 1288 3825 ratione
1328 3761 1461 3839 fiet,
1506 3770 1583 3827 ut
1624 3762 1764 3831 eius
1807 3764 1908 3827 ira
1949 3772 2287 3830 avertatur
2327 3784 2367 3829 a
2410 3766 2614 3832 nobis.

1007 3841 1331 3942 ⁸Sequitur
1370 3846 1671 3931 deinceps
1715 3848 1976 3914 nullum
2020 3848 2101 3914 de
2141 3848 2365 3916 Saulis
2398 3850 2790 3917 satellitibus

842 3926 1134 3997 voluisse
1169 3951 1435 3997 manum
1479 3932 1546 3998 in
1572 3934 1842 4000 Domini
1885 3934 2255 4002 sacerdotes
2291 3938 2581 4003 iniicere.
2639 3937 2789 4018 Qua

843 4034 928 4080 ex
964 4035 1037 4079 re
1072 4027 1344 4098 apparet
1366 4018 1582 4086 Deum
1619 4021 1903 4087 voluisse
1938 4022 2154 4105 ipsum
2188 4020 2623 4089 condemnare
2652 4042 2793 4106 pro-

843 4099 1007 4199 priis
1052 4099 1549 4169 domesticorum
1594 4107 1705 4188 qui
1749 4108 1874 4191 ipsi
1916 4107 2287 4173 militabant
2328 4108 2676 4193 suffragiis,
2727 4118 2794 4175 et

889 4207 959 4251 ιιι
1001 4196 1284 4271 tyranno
1335 4209 1521 4256 suam
1565 4213 1604 4255 o
1649 4212 1826 4257 eram
1870 4191 2195 4272 locabant,
2260 4195 2458 4274 Deus,
2506 4195 2793 4278 inquam,

850 4272 865 4286 “
900 4271 995 4336 los
1040 4292 1184 4337 esse
1226 4273 1437 4340 voluit
1465 4274 1558 4341 Sa
1628 4276 1687 4342 is
1728 4277 1992 4356 indices,
2038 4300 2239 4362 quum
2283 4281 2352 4345 in
2376 4280 2647 4345 Domini
2691 4302 2795 4348 sa-

847 4356 1140 4424 cerdotes
1183 4379 1416 4426 manus
1474 4361 1744 4428 iniicere
1783 4365 2151 4430 noluerunt.
2241 4366 2389 4431 Etsi
2447 4386 2604 4432 vero
2661 4388 2795 4432 non

847 4449 1006 4510 aunt
1046 4443 1194 4509 ideo
1238 4446 1604 4514 sacerdotes
1646 4448 1921 4534 liberati,
1965 4471 2177 4534 neque
2218 4452 2449 4517 melior
2482 4452 2656 4519 facta
2696 4461 2798 4518 est

846 4529 1138 4613 ipsorum
1185 4531 1470 4597 conditio
1487 4581 1510 4611 ,.
1572 4532 1771 4600 Saule
1814 4557 1944 4602 non
1989 4538 2266 4619 placato,
2330 4537 2516 4605 Deus
2571 4545 2793 4604 tamen

850 4637 933 4681 ex
994 4623 1180 4697 parte
1238 4617 1598 4685 sacerdotio
1651 4622 2022 4688 conciliavit
2079 4624 2530 4702 autoritatem,
2590 4644 2795 4707 quum

849 4700 1167 4768 satellites
1210 4705 1374 4789 regii
1429 4706 1681 4788 rapinis
1737 4714 1808 4772 et
1845 4708 2420 4791 compilationibus
2473 4731 2550 4777 ac
2597 4710 2798 4776 latro·

852 4787 1044 4855 ciniis
1101 4791 1377 4870 assueti,
1444 4801 1512 4857 et
1567 4791 1737 4859 male
1792 4793 2003 4858 feriati
2075 4794 2375 4860 homines
2445 4796 2799 4862 noluerunt

854 4879 1079 4938 tamen
1123 4875 1433 4942 mandato
1476 4879 1651 4962 regis
1708 4877 1789 4944 de
1833 4879 2304 4946 interficiendis
2356 4881 2800 4948 sacerdotibus

854 4959 1322 5041 obtemperare,
1367 4963 1480 5029 sed
1527 4985 1758 5030 manus
1800 4984 1843 5028 a
1884 4974 2018 5030 tam
2061 4965 2334 5032 immani
2378 4968 2621 5035 scelere
2656 4968 2800 5034 abs-

857 5044 1220 5143 tinuerunt.
1309 5050 1528 5131 Atque
1590 5052 1715 5115 hac
1769 5052 2022 5117 ratione
2076 5052 2433 5118 sacerdotio
2489 5074 2610 5118 sua
2654 5053 2797 5139 dig·

857 5139 1032 5229 nitas
1072 5139 1136 5194 et
1192 5131 1405 5198 honor
1450 5145 1546 5200 est
1603 5146 2010 5203 reservatus:
2065 5145 2133 5202 et
2186 5139 2446 5203 interim
2497 5137 2662 5206 Saul
2723 5162 2798 5207 eo

855 5235 1077 5281 minus
1131 5219 1520 5287 excusabilis
1574 5222 1782 5287 factus
1842 5232 1970 5302 est,
2044 5244 2246 5307 quum
2304 5244 2426 5291 sua
2490 5225 2801 5292 mandata

2441 317 2855 385 HOMILIA
2900 317 3233 385 LXXXI.

4614 287 4617 296 '
4643 315 4730 382 440

2878 505 3045 572 vidit
3085 514 3163 572 ut
3184 505 3433 572 iniusta
3474 505 3657 572 reiici
3701 526 3742 571 a
3763 504 4194 571 satellitibus:
4237 504 4464 587 etipse
4488 503 4737 571 nihilomi-

2877 613 3004 658 nus
3023 593 3093 656 in
3116 592 3481 675 pervicacia
3495 591 3804 676 perstitit.
3829 590 4029 658 Solus
4050 591 4146 656 illi
4168 589 4461 675 perfidus
4472 589 4743 657 Idumaeos

2876 677 3067 762 Doeg
3110 677 3464 761 superfuit,
3528 677 3722 743 homo
3766 677 4076 761 profanus
4125 689 4191 741 et
4233 675 4616 753 incredulus,
4656 677 4741 740 ini·

2876 764 3085 830 micus
3119 763 3248 828 Dei
3292 771 3357 828 et
3404 763 3572 849 legis
3613 764 3819 846 ipsius
3861 783 3938 829 ac
3972 783 4176 846 purae
4230 762 4574 846 religionis:
4620 761 4744 827 solus

2878 849 3058 915 illius
3101 848 3356 914 libidini
3401 849 3639 931 paruit.
3712 849 3801 913 Et
3843 849 4109 913 interim
4154 849 4292 931 ipse
4344 847 4439 913 sic
4478 847 4570 913 sui
4603 847 4747 929 ipsius

2878 934 3299 1014 obliviscitur,
3360 944 3436 1000 ut
3478 933 3848 1001 sacerdotes
3890 935 4167 1001 interfici
4210 932 4447 999 iubeat.
4525 931 4747 997 Debebnt

2878 1029 3097 1087 autem
3138 1020 3250 1085 ille
3272 1019 3444 1105 apud
3488 1041 3559 1086 se
3603 1021 3908 1104 cogitare,
3954 1041 4085 1084 non
4107 1040 4296 1103 posse
4319 1021 4490 1083 inter
4520 1018 4748 1084 homines

2879 1115 3139 1172 tantum
3208 1107 3461 1172 facinus
3531 1105 3815 1171 inultum
3880 1125 4248 1186 remanere,
4306 1116 4377 1170 et
4439 1106 4748 1187 sanguinem

2878 1193 3223 1258 innoxium
3299 1193 3519 1258 fusum
3574 1192 3942 1270 intuentes,
4007 1193 4078 1255 in
4136 1190 4437 1274 Doegum
4506 1190 4752 1272 impetum

2878 1279 3193 1344 facturos:
3239 1279 3427 1344 Tune
3470 1276 3794 1362 improbe,
3837 1277 4233 1361 inquientes,
4288 1278 4387 1341 ita
4440 1276 4557 1340 Dei
4606 1275 4752 1357 ipsius

2879 1364 3295 1429 sanctitatem
3339 1363 3710 1446 profanabis
3749 1364 4023 1446 impune
4044 1413 4059 1440 ,
4103 1374 4172 1428 et
4214 1359 4665 1430 sacrosanctam
4694 1360 4757 1442 ip-

2880 1451 3021 1516 sius
3066 1451 3276 1534 legem
3324 1447 3820 1532 pessumdabis‘l
3911 1448 4157 1514 Debuit
4197 1449 4444 1547 itaque·
4466 1461 4587 1510 tam
4626 1445 4757 1528 Doq

2880 1530 4762 1701 :3u:⁹::11?³:‚2.;:::⁰¹:22²:z‘2‘s320525033a0ffi

2882 1707 3027 1772 Deo
3068 1707 3282 1773 factus
3326 1719 3426 1771 est
3468 1704 3949 1771 inexcusabilis.
4038 1705 4392 1772 Caeterum
4454 1703 4628 1803 Doeg
4667 1713 4760 1765 tam

2880 1790 3374 1943 5:¹3²&ssss
3395 1791 4766 1959 ¹:⁶13:ss3:⁰301:52332:⁰22⁰2.332.0323

2882 1965 3123 2028 mirum
3147 1965 3214 2028 in
3260 1961 3530 2028 modum
3557 1961 3894 2029 delectari:
3940 1971 4007 2028 et
4049 1962 4441 2028 crudelitate
4464 1980 4575 2027 sua
4599 1976 4768 2042 super-

2883 2049 3097 2126 biisse,
3142 2048 3224 2114 ad
3248 2048 3378 2114 Dei
3414 2048 3690 2133 gloriam
3729 2049 3785 2113 si
3820 2059 4037 2132 posset
4064 2047 4476 2125 abolendam,
4523 2057 4586 2110 et
4614 2055 4767 2108 totum

2881 2134 3132 2201 cultum
3155 2133 3283 2199 Dei
3322 2135 3466 2217 lege
3510 2135 4004 2218 praescriptum,
4048 2153 4158 2199 sus
4182 2133 4397 2215 deque
4434 2130 4771 2198 vertendum.

2880 2220 3103 2303 Atque
3144 2219 3262 2285 illa
3303 2220 3432 2284 fuit
3475 2221 3687 2304 Doegi
3729 2241 3935 2285 mens.
4023 2218 4217 2301 Quod
4264 2239 4426 2284 vem
4470 2218 4640 2282 Dens
4672 2235 4773 2297 per·

2881 2306 3088 2370 mittit
3123 2306 3413 2371 habenas
3455 2306 3662 2388 ipsius
3692 2305 4082 2386 crudelitati,
4125 2303 4444 2371 mira'res
4478 2306 4691 2368 iterum
4705 2299 4773 2363 vi·

2883 2391 3175 2469 debitur,
3233 2400 3300 2455 et
3342 2391 3589 2457 nostris
3631 2393 3928 2457 sensibus
3972 2389 4424 2471 dissentanea,
4478 2401 4545 2454 et
4582 2411 4654 2452 ex
4687 2404 4776 2468 qm

2882 2480 2949 2542 in
3016 2498 3351 2543 summum
3423 2487 3754 2560 stuporem
3829 2476 4215 2542 incidamus.
4326 2475 4598 2541 Fici-ine
4660 2489 4775 2536 vero

2883 2574 3115 2646 potest,
3161 2574 3238 2628 ut
3266 2563 3449 2628 Deus
3491 2573 3627 2628 tam
3673 2561 4046 2647 improbum
4090 2563 4430 2627 bominem
4457 2560 4776 2627 Idumam

2883 2648 3258 2733 permiserit
3299 2658 3414 2713 aut
3456 2648 3739 2714 voluerit
3780 2650 3848 2712 in
3893 2668 4110 2714 sacros
4144 2647 4525 2714 sacerdotes
4567 2645 4775 2716 irruere,

2885 2743 2955 2799 et
3011 2744 3112 2800 tot
3181 2736 3562 2801 innocentes
3626 2734 3821 2800 simul
3895 2732 4268 2800 trucidare?
4376 2738 4483 2799 Ac
4544 2731 4596 2796 si
4644 2729 4779 2793 Dens

2886 2820 3116 2885 mundi
3160 2820 3361 2885 iudex
3403 2828 3535 2899 est,
3580 2829 3650 2885 et
3691 2818 4135 2904 dispensator,
4182 2819 4516 2902 quomodo
4558 2838 4636 2881 ne
4668 2834 4778 2880 con·

2886 2905 3170 2991 tingeret
3212 2926 3343 2970 non
3388 2905 3777 2988 impedivit?
3866 2906 3975 2970 En
4030 2912 4104 2971 ut
4147 2904 4473 2971 adversus
4514 2902 4707 2968 Deum
4738 2907 4783 2962 st

2884 2991 3026 3058 eins
3070 2990 3310 3057 iudicia
3351 2991 3540 3057 facile
3584 2990 3897 3057 mortales
3939 2991 4439 3070 contenderent,
4486 2989 4637 3055 etin
4657 2985 4783 3051 blas·

2885 3078 3159 3162 phemas
3200 3097 3397 3143 voces
3418 3077 3819 3142 devenirent.
3911 3076 4045 3144 Sed
4091 3078 4439 3144 sitantum
4484 3073 4783 3157 nobispoe-

2886 3164 3244 3243 mittamus,
3288 3168 3367 3226 ut
3387 3162 3727 3246 plerosque
3750 3165 4056 3246 profanos
4088 3159 4784 3228 homines-consuevisse

2884 3248 3079 3314 hodie
3122 3247 3449 3328 videmus,
3506 3259 3756 3315 certum
3804 3258 3907 3314 est
3966 3250 4137 3316 viam
4185 3247 4268 3314 ad
4312 3248 4591 3314 nimiam
4636 3243 4781 3310 ands-

2883 3336 3051 3401 ciam
3096 3354 3257 3412 esse,
3315 3353 3485 3416 quae
3526 3333 3791 3399 tandem
3837 3332 4153 3400 adversus
4193 3333 4426 3418 ipsum
4472 3334 4673 3398 Deum
4702 3346 4787 3392 nos

2866 3420 3227 3504 *insurgere
3270 3419 3484 3498 faciat,
3514 3429 3582 3485 et
3623 3420 3995 3504 opinionem
4040 3418 4121 3484 de
4158 3421 4304 3486 Deo
4349 3419 4607 3485 iniiciat
4642 3414 4785 3482 sinis-

2883 3515 3087 3571 tram:
3160 3526 3294 3571 non
3367 3526 3509 3572 esse
3577 3507 3890 3571 nimirum
3949 3505 4229 3589 amplius
4291 3505 4432 3590 ipsi
4491 3501 4787 3574 fidendum,

2884 3611 3103 3675 neque
3142 3590 3224 3657 ad
3261 3592 3477 3675 ipsum
3523 3592 3804 3676 amplius
3838 3592 3907 3657 in
3953 3592 4147 3658 rebus
4181 3592 4419 3657 arduis
4463 3587 4787 3673 confugim-

2888 3677 3079 3744 dum:
3124 3697 3333 3760 neque
3376 3677 3660 3761 denique
3700 3677 3982 3759 amplius
4023 3676 4500 3756 invocandum,
4546 3685 4621 3742 ut
4648 3668 4789 3738 mati

2886 3769 3370 3846 contemptores
3411 3763 3517 3829 his
3569 3762 3937 3829 rationibus
3987 3761 4072 3828 ad
4128 3782 4323 3829 omne
4382 3764 4693 3847 flagitium
4726 3757 4789 3820 fu-

2888 3857 3128 3915 runtur
3184 3870 3300 3933 spe
3359 3849 3801 3933 impunitatis,
3859 3869 4059 3933 quam
4102 3870 4186 3914 ex
4245 3850 4481 3933 pravis
4520 3848 4651 3913 illis
4693 3843 4791 3908 suh

2891 3934 3961 4088 ffiffissfflffib'iieffimffl‘ia
4007 3934 4666 4088 fflffibffirffi,
4683 3949 4795 4080 :t

2895 4106 3074 4173 trina
3094 4127 3264 4190 quae
3288 4105 3471 4172 nobis
3492 4105 3600 4171 hic
3619 4041 4006 4189 ρῗξιροιιὶιιιξ·
4032 4071 4137 4171 est
4154 4107 4579 4186 meditanda;
4616 4118 4795 4194 nenpq

2895 4205 2969 4259 ut
3025 4213 3177 4260 cum
3236 4192 3497 4257 silentio
3552 4200 3620 4257 et
3661 4193 3895 4258 timore
3936 4192 4158 4258 Deum
4216 4193 4717 4275 praestolemur.
4755 4203 4796 4248 Β

2896 4300 3026 4344 non
3072 4279 3285 4362 primo
3327 4285 3583 4361 quoque
3625 4287 3921 4362 tempore
3965 4298 4035 4344 se
4091 4278 4342 4344 nostris
4398 4277 4689 4344 hostibus
4714 4291 4797 4354 op-

2896 4363 3590 4533 :attenuata
3619 4363 4132 4516 ’ἒὲἕᾝιῗῖι
4145 4361 4796 4516 ἵξῃῖῃᾚᾞζέἓῗὲ

2896 4537 3082 4620 quasi
3125 4534 3251 4619 ipsi
3295 4535 3441 4601 Deo
3476 4536 3932 4620 probarentur,
3986 4555 4115 4601 non
4161 4551 4391 4602 autem
4438 4557 4565 4602 nos
4617 4533 4709 4618 qui
4738 4526 4793 4593 ab

2895 4622 3056 4706 ipsis
3098 4622 3233 4686 affli
3285 4621 3475 4688 ‘mur.
3561 4622 3730 4688 Oum
3755 4620 4016 4688 Davide
4059 4642 4216 4688 vero
4263 4621 4495 4689 dicere
4516 4623 4795 4687 discamus,

2897 4707 3185 4775 Domine
3207 4728 3246 4773 o
3290 4716 3597 4788 mutesco,
3643 4708 3949 4792 quoniam
3974 4717 4049 4774 tu
4074 4707 4303 4774 fecisti.
4370 4710 4469 4774 Et
4490 4698 4796 4773 Psalmo&

2898 4803 3059 4860 tunc
3102 4792 3377 4860 eandem
3420 4794 3784 4861 doctrinam
3840 4814 3912 4860 se
3953 4793 4344 4860 meditatum
4412 4791 4708 4872 ostendit,
4749 4802 4795 4850 st

2898 4880 2983 4947 ad
3027 4900 3218 4946 usum
3265 4900 3455 4945 suum
3499 4900 3877 4964 revocasse,
3936 4900 4141 4964 quum
4196 4880 4326 4944 ait:
4390 4880 4679 4963 Doegum
4712 4873 4793 4938 ho-

2897 4967 3145 5032 minem
3180 4964 3457 5050 impium
3503 4966 3702 5031 fuisse
3747 4966 3857 5048 qui
3901 4987 4031 5031 non
4090 4966 4309 5050 posuit
4357 4967 4435 5032 in
4478 4965 4618 5032 Deo
4659 4977 4791 5027 suan

2898 5053 3224 5130 fiduciam,
3269 5051 3387 5119 sed
3428 5051 3501 5115 in
3544 5050 3899 5117 honoribus
3923 5059 3992 5116 et
4032 5053 4346 5134 potentia,
4397 5063 4471 5118 et
4500 5054 4569 5116 in
4601 5044 4791 5115 malitis

2899 5158 3017 5204 sua
3060 5138 3449 5204 fortificatus
3490 5145 3620 5203 est:
3667 5135 3781 5202 sed
3839 5136 4102 5202 tandem
4145 5138 4284 5204 fore
4326 5145 4416 5203 ιιι
4457 5137 4788 5204 θηῶιοαιῐῑ

2900 5246 2975 5292 se
3015 5245 3175 5291 vero
3218 5224 3286 5288 in
3332 5224 3477 5290 Deo
3520 5244 3703 5307 spem
3746 5223 4073 5309 posuisse:
4119 5245 4195 5291 ac
4217 5223 4503 5308 proinde
4544 5223 4787 5289 forem·
