5059 6059
811 330 939 399 327

1343 524 1848 610 HOMILIA
1890 524 2232 610 NONA.

989 659 1094 727 18.
1160 661 1255 725 At
1319 660 1636 728 Schemuel
1689 662 2094 728 ministrabat
2148 664 2221 728 in
2274 668 2600 744 conspectu
2662 662 2767 728 Ie-

813 744 1036 812 ltooae:
1102 765 1267 829 puer
1338 748 1577 813 cinctus
1661 748 1928 814 amiculo
1983 748 2166 815 lineo.
2274 749 2376 816 19.
2459 750 2768 816 Tunicam

816 836 1026 897 autem
1057 852 1336 915 parvam
1375 832 1645 914 faciebat
1685 835 1746 900 ei
1772 840 1978 900 mater
2019 837 2173 912 eius,
2217 856 2406 918 quam
2449 835 2773 917 adferebat

812 917 873 983 ei
928 919 1290 983 annuatim:
1347 939 1541 1000 quum
1605 922 1959 987 ascenderet
2011 941 2152 988 cum
2194 923 2332 986 viro
2374 941 2489 987 suo
2532 921 2620 986 ad
2661 941 2767 985 sa·

808 1003 1282 1085 crificicandum
1316 1005 1700 1087 sacrificium
1734 1008 2266 1074 anniversarium.
2353 1008 2456 1073 20.
2494 1006 2769 1072 Benedi-

811 1095 993 1156 xerat
1034 1095 1239 1154 autem
1278 1089 1397 1155 E'Zi
1439 1091 1723 1158 Elcan-ae
1764 1098 1821 1159 et
1861 1094 2057 1158 uxori
2098 1095 2254 1176 eius,
2299 1094 2592 1160 dicendo:
2643 1093 2769 1158 Re-

798 1180 1007 1260 ponat
1059 1175 1180 1240 tibi
1239 1176 1464 1243 Iehova
1498 1198 1708 1243 semen
1752 1200 1832 1244 esc
1874 1179 2134 1244 muliere
2177 1178 2313 1259 hac,
2348 1199 2478 1263 pro
2521 1181 2771 1245 restitw

814 1262 983 1327 tione
1039 1262 1178 1326 eius
1210 1282 1389 1344 quem
1417 1264 1688 1344 petierat
1741 1285 1784 1328 a
1838 1264 2102 1330 Iehova:
2157 1287 2349 1348 quum
2408 1265 2654 1332 abirent
2698 1268 2770 1330 in

816 1348 1022 1413 locum
1063 1367 1269 1413 suum.
1351 1349 1454 1414 21.
1509 1351 1835 1433 Quumque
1890 1352 2173 1416 visitaret
2215 1348 2443 1418 Iehova
2487 1352 2767 1431 Annam,

818 1434 1166 1515 concipiens
1199 1437 1447 1515 peperit
1489 1440 1616 1501 tres
1652 1435 1827 1518 filios
1868 1441 1924 1501 et
1964 1437 2130 1502 duas
2170 1437 2382 1519 filias:
2427 1439 2581 1504 dum
2605 1459 2769 1521 puer

824 1518 1140 1584 Schemuel
1166 1528 1453 1585 cresceret
1481 1524 1655 1601 apud
1689 1521 2001 1588 Iehovam.
2042 1524 2145 1590 22.
2188 1523 2336 1588 Heli
2356 1530 2562 1589 autem
2582 1544 2771 1588 senex

820 1611 957 1670 erat
976 1605 1188 1670 valde.-
1217 1608 1330 1687 qui
1357 1608 1624 1673 audiens
1645 1629 2043 1690 quaecunque
2059 1610 2370 1693 faciebant
2386 1609 2515 1692 filii
2537 1612 2643 1676 sui
2662 1610 2771 1674 toti

822 1691 1078 1774 Israeli,
1111 1696 1166 1755 et
1198 1697 1270 1756 ut
1304 1694 1772 1759 concumbebant
1798 1714 1937 1759 cum
1967 1695 2336 1761 mulieribus
2357 1717 2516 1778 quae
2535 1701 2771 1761 turma-

819 1778 932 1841 tim
968 1776 1400 1843 conveniebant
1433 1780 1517 1844 ad
1534 1786 1789 1863 portam
1820 1784 2073 1846 tentorii
2100 1787 2460 1847 conventus.-
2503 1782 2610 1847 23.
2643 1782 2769 1848 Di-

821 1863 988 1928 cebat
1038 1864 1168 1927 eis.-
1233 1862 1440 1943 Quare
1484 1866 1704 1948 facitis
1758 1888 1860 1933 res
1898 1867 2315 1934 huiusmodi?
2382 1875 2452 1934 ut
2491 1888 2607 1951 eqo
2649 1888 2767 1932 au-

819 1950 997 2017 diam
1050 1968 1365 2014 sermones
1416 1950 1526 2016 hos
1580 1953 1780 2018 malos
1846 1955 1922 2018 de
1964 1955 2138 2019 vobis
2193 1953 2272 2018 ab
2311 1955 2452 2037 ipso
2497 1960 2613 2020 toto
2645 1975 2765 2036 po-

802 2036 984 2118 pulo.
1072 2033 1178 2100 24.
1246 2035 1667 2119 Nequaquam
1717 2039 1843 2119 filii
1887 2041 2039 2104 mei:
2106 2060 2231 2106 non
2272 2043 2436 2105 enim
2479 2041 2639 2107 bona
2683 2044 2771 2105 est

814 2122 942 2186 ista
979 2119 1161 2201 fama
1205 2140 1397 2200 quam
1441 2143 1549 2206 eqo
1590 2125 1801 2204 audio,
1845 2144 1957 2191 vos
2000 2131 2270 2190 avertere
2308 2128 2619 2209 populum
2663 2125 2767 2191 Ie·

813 2206 1020 2272 hovae.
1109 2204 1213 2271 25.
1278 2204 1354 2271 Si
1401 2212 1751 2291 peccaverit
1808 2211 1979 2277 ullus
2022 2214 2091 2275 in
2132 2212 2416 2297 alterum,
2463 2213 2771 2278 iudicabit

813 2313 954 2359 eum
1016 2293 1464 2374 mayistratus:
1532 2298 1643 2362 sed
1706 2298 1767 2361 si
1817 2298 1889 2362 in
1941 2296 2241 2363 Iehovam
2304 2298 2479 2364 ullus
2531 2304 2766 2384 peccat,

814 2381 959 2462 quis
1002 2384 1132 2444 oret
1173 2374 1411 2445 illum?
1473 2382 1625 2447 Non
1666 2387 1864 2448 tamen
1911 2384 2347 2449 auscultarunt
2386 2386 2520 2450 voci
2552 2386 2770 2467 patris

810 2467 950 2532 sui.-
992 2466 1147 2548 quia
1187 2464 1426 2532 volebat
1468 2467 1699 2535 lebova
1741 2475 1933 2535 morte
1975 2470 2228 2553 afficere
2272 2491 2389 2537 eos.

986 2586 1117 2652 Hic
1174 2586 1646 2654 consideranda
1704 2589 1888 2655 nobis
1945 2591 2334 2674 proponitur
2398 2589 2765 2659 benedictio

815 2679 883 2738 et
940 2672 1193 2739 vocatio
1252 2674 1331 2739 ad
1396 2696 1591 2758 quam
1650 2674 1999 2742 Schemuel
2045 2697 2085 2741 a
2129 2676 2272 2742 Deo
2319 2688 2592 2744 vocatus
2640 2689 2758 2760 est,

816 2759 1055 2826 summi
1115 2760 1471 2826 sacerdotis
1527 2761 1686 2827 Heli
1745 2762 2007 2828 domum
2053 2773 2123 2828 et
2164 2762 2336 2829 filios
2382 2763 2543 2844 eius,
2601 2786 2762 2847 quos

813 2844 885 2910 in
944 2844 1066 2911 hac
1122 2845 1441 2928 dignitate
1485 2848 1872 2914 sacerdotali
1918 2869 2321 2916 successores
2368 2871 2510 2916 esse
2552 2850 2762 2933 patris

815 2928 1140 3008 decuerat,
1186 2934 1577 3015 reprobante
1623 2944 1815 3017 atque
1858 2935 2216 3006 reiiciente.
2305 2935 2605 3001 Primum
2643 2959 2759 3002 au·

811 3025 947 3083 tem
1005 3017 1244 3084 dicitur
1290 3017 1640 3087 Schemuel
1690 3021 1831 3086 Deo
1875 3021 2282 3087 ministrasse
2328 3021 2609 3088 amiculo
2656 3022 2758 3088 vel

815 3102 1024 3186 ephod
1092 3104 1264 3169 lineo
1332 3107 1647 3173 amictus:
1710 3107 1833 3171 fuit
1894 3116 2116 3172 autem
2183 3106 2359 3172 istud
2405 3107 2757 3173 amiculum

813 3211 948 3256 non
993 3189 1290 3255 absimile
1336 3191 1659 3258 humerali
1706 3212 1835 3275 quo
1872 3214 2046 3259 nunc
2081 3193 2404 3276 pontificii
2441 3203 2756 3260 utuntur:

811 3297 939 3359 qua
1004 3277 1072 3342 in
1139 3297 1209 3343 re
1275 3297 1467 3344 suum
1536 3290 1873 3362 stuporem
1936 3278 2382 3362 prodiderunt,
2451 3279 2759 3347 ridiculos

809 3364 980 3428 ritus
1022 3373 1091 3428 et
1136 3373 1437 3430 ornatum
1484 3364 1867 3441 istiusmodi,
1931 3365 2136 3431 simiis
2185 3363 2361 3430 haud
2406 3365 2757 3447 absimiles,

812 3447 883 3512 in
941 3448 1280 3514 ecclesiam
1339 3451 1748 3517 invehentes.
1836 3450 2010 3516 Nam
2063 3450 2247 3516 Deus
2289 3450 2555 3534 quidem
2602 3452 2758 3518 olim

813 3532 934 3599 sub
979 3533 1123 3620 lege
1166 3545 1235 3601 et
1281 3538 1527 3604 umbris
1571 3536 1890 3622 legalibus
1940 3549 2153 3602 vestes
2188 3537 2506 3620 quasdam
2543 3559 2757 3605 sacer-

818 3616 1066 3687 dotales
1122 3621 1516 3702 instituerat,
1591 3622 1828 3708 quibus
1882 3622 1964 3689 ad
2010 3623 2221 3689 altare
2266 3623 2531 3688 Domini
2576 3645 2759 3691 acce·

813 3704 1043 3770 dentes
1089 3708 1517 3777 vestirentur:
1562 3720 1633 3776 at
1679 3711 1801 3776 hoc
1848 3720 2159 3792 tempore,
2204 3730 2332 3792 quo
2374 3708 2641 3775 illarum
2685 3711 2759 3776 fi-

808 3810 1127 3874 gurarum
1186 3805 1253 3857 et
1309 3796 1688 3862 umbrarum
1748 3798 2038 3861 omnium
2096 3810 2389 3861 veterum
2446 3795 2755 3862 substan-

815 3876 972 3940 tiam
1032 3899 1106 3944 ac
1165 3881 1508 3948 veritatem
1571 3884 1637 3949 in
1687 3883 1970 3948 Domino
2015 3893 2239 3947 nostro
2285 3880 2435 3946 Iesu
2483 3882 2756 3949 Christo

810 3960 1150 4045 habemus,
1213 3970 1546 4049 superflua
1604 3969 1714 4034 illa
1771 3969 2010 4047 omnia,
2068 3969 2227 4051 quin
2287 3969 2417 4033 imo
2478 3968 2753 4033 nimium

813 4068 1033 4114 crassa
1076 4062 1236 4116 sunt
1280 4065 1685 4136 ornamenta,
1732 4054 1968 4138 quibus
2001 4055 2143 4137 ipse
2177 4054 2397 4138 potius
2426 4052 2756 4121 Dominus

814 4145 1036 4201 noster
1102 4136 1287 4204 Iesus
1353 4139 1658 4207 Christus
1724 4141 2036 4225 sepelitur
2101 4151 2169 4204 et
2213 4138 2512 4205 obruitur
2558 4160 2756 4222 quam

813 4220 1051 4287 colitur
1115 4234 1182 4286 et
1226 4225 1702 4294 manifestatur.
1792 4228 1883 4293 Et
1925 4225 2190 4309 quidem
2230 4226 2424 4310 longe
2467 4226 2598 4291 alia
2643 4249 2754 4293 ve-

810 4318 1027 4372 terum
1096 4329 1289 4391 quam
1357 4309 1553 4378 huius
1611 4313 1852 4380 saeculi
1910 4312 2321 4379 sacerdotum
2368 4312 2568 4378 ratio:
2634 4311 2755 4379 hos

814 4394 992 4458 enim
1062 4395 1145 4459 ad
1211 4396 1432 4462 Deum
1497 4400 1764 4482 propius
1829 4399 2210 4466 accedentes
2267 4418 2385 4482 pro
2444 4398 2754 4464 universo

809 4480 1048 4563 populo
1127 4502 1346 4548 orasse
1411 4494 1480 4550 et
1543 4485 1935 4551 mediatores
2000 4485 2202 4550 fuisse
2264 4505 2457 4548 nemo
2521 4487 2752 4551 nescit.

811 4565 919 4631 Ad
965 4567 1089 4633 hoc
1133 4589 1377 4633 munus
1421 4571 1829 4654 implendum
1872 4572 2161 4654 oportuit
2207 4571 2378 4652 ipsos
2427 4591 2645 4653 puros,
2691 4579 2757 4636 et

813 4653 956 4718 sine
1011 4654 1282 4731 macula,
1330 4675 1551 4721 coram
1609 4659 1894 4724 Domino
1948 4678 2018 4723 se
2075 4657 2325 4732 sistere,
2386 4678 2518 4722 non
2566 4678 2756 4723 ausos

814 4739 1101 4821 alioquin
1161 4740 1587 4810 intermedios
1645 4765 1864 4811 coram
1927 4743 2067 4807 Deo
2113 4765 2183 4809 se
2226 4743 2479 4820 sistere,
2537 4741 2753 4825 ipsum

812 4824 1198 4909 placaturos,
1290 4828 1733 4913 populumque
1814 4829 1911 4895 illi
1978 4830 2455 4894 conciliaturus.
2547 4829 2755 4894 Porro

814 4932 1010 4994 quam
1075 4913 1490 4979 sanctitatem
1546 4926 1614 4981 et
1672 4916 2022 5000 puritatem
2081 4916 2152 4979 in
2212 4936 2283 4980 se
2342 4925 2579 4979 natura
2623 4937 2754 4980 non

812 4996 1159 5076 habebant,
1222 5000 1634 5067 vestimentis
1688 5000 2163 5086 profitebantur
2218 5022 2292 5067 ac
2347 5021 2501 5084 prae
2547 5022 2617 5067 se
2660 5000 2755 5066 fe-

811 5082 1061 5160 rebant,
1130 5093 1202 5149 ut
1258 5088 1537 5169 populus
1594 5088 2060 5154 admoneretur
2119 5099 2313 5170 atque
2358 5087 2595 5153 certior
2639 5088 2755 5153 fie-

810 5178 934 5248 ret,
979 5181 1324 5236 venturum
1372 5172 1525 5239 olim
1574 5173 1998 5241 mediatorem
2044 5175 2215 5238 inter
2262 5174 2476 5238 Deum
2524 5183 2590 5238 et
2635 5173 2754 5237 ho·

808 5256 1048 5336 mines,
1104 5278 1337 5340 purum
1397 5266 1463 5325 et
1519 5259 1600 5325 ab
1657 5262 1836 5328 omni
1895 5260 2151 5327 macula
2193 5260 2552 5326 immunem
2599 5259 2753 5329 sore.

2517 332 2934 402 HOMILIA
2976 334 3100 402 IX.

4644 337 4740 409 328

2871 520 3063 605 Quod
3123 521 3465 607 impletum
3523 522 3772 589 ultimis
3832 532 3933 589 est
3994 523 4396 607 temporibus
4433 524 4495 590 in
4536 526 4634 593 filii
4667 530 4743 614 ip·

2869 610 3006 676 sius
3064 608 3193 675 Dei
3252 609 3524 674 Domini
3570 609 3780 675 nostri
3823 630 4123 692 persona,
4178 610 4293 693 qui
4333 612 4504 676 omni
4542 611 4663 679 labe
4694 626 4745 682 et

2868 695 3125 762 macula
3166 717 3414 761 vacuus
3451 704 3626 760 totus
3668 694 3739 761 in
3776 716 3916 761 sese
3954 706 4219 761 sauctus
4253 706 4443 780 atque
4479 699 4745 781 perfectus

2867 781 3011 848 fuit.
3102 780 3540 862 Quamobrem
3587 792 3844 847 veteres
3879 781 4250 847 istiusmodi
4288 782 4524 866 figuras
4556 796 4612 849 et
4642 808 4745 851 um·

2871 867 3024 933 bras
3082 867 3274 934 hodie
3331 868 3473 933 siue
3543 880 3886 950 praecepto
3961 878 4347 934 revocantes
4417 869 4559 953 quid
4606 872 4743 938 aliud

2870 974 3062 1036 quam
3111 954 3473 1020 Dominum
3517 963 3812 1019 nostrum
3848 954 4071 1021 Iesum
4099 953 4435 1019 Christum
4460 954 4743 1022 abiiciunt?

2868 1038 3220 1105 Caeterum
3280 1039 3395 1104 illo
3453 1039 3711 1106 saeculo
3766 1041 4204 1125 praescriptos
4263 1062 4302 1107 a
4347 1039 4484 1106 Deo
4526 1042 4669 1108 ritus
4701 1053 4749 1110 et

2870 1126 3170 1190 ordinem
3237 1124 3584 1210 diligenter
3645 1127 3933 1210 oportuit
3988 1125 4343 1192 observari.
4430 1127 4513 1192 Et
4563 1126 4749 1195 idcirco

2870 1211 3083 1277 adhuc
3109 1233 3271 1294 puer
3307 1209 3660 1278 Schemuel
3695 1212 3910 1295 ephod
3948 1210 4190 1277 lineum
4229 1221 4514 1296 gestasse
4546 1213 4748 1281 dicitur.

2871 1296 3130 1378 Quibus
3165 1296 3385 1363 verbis
3427 1298 3727 1363 innuitur
3769 1298 3955 1363 illum
3995 1299 4136 1363 Deo
4172 1310 4240 1363 et
4275 1299 4418 1364 eius
4451 1299 4750 1366 ministerio

2869 1383 3000 1448 iam
3025 1395 3163 1449 tum
3188 1405 3227 1447 a
3257 1385 3638 1467 parentibus
3670 1382 3976 1463 dicatum,
4013 1405 4217 1468 quum
4237 1384 4392 1450 Heli
4422 1385 4651 1450 oblatus
4664 1395 4751 1452 est.

3042 1470 3259 1536 Porro
3317 1468 3468 1535 Heli
3512 1468 3797 1536 Elcanae
3839 1476 3896 1536 et
3937 1472 4167 1536 Annae
4210 1470 4586 1537 benedixisse
4620 1472 4753 1537 dein·

2869 1575 3009 1637 ceps
3051 1556 3308 1636 dicitur,
3355 1562 3653 1637 precatus
3695 1556 3829 1622 illis
3876 1556 4073 1622 aliam
4111 1561 4365 1637 praeter
4410 1554 4754 1623 &nannetem

2869 1640 3149 1707 sobolem.
3240 1642 3393 1707 Vox
3436 1662 3564 1724 qua
3608 1643 3820 1707 utitur
3864 1642 4020 1707 Heli
4067 1643 4628 1726 reciprocationem
4666 1664 4754 1707 no·

2873 1737 2989 1807 tat,
3047 1749 3196 1792 nam
3254 1737 3320 1792 et
3376 1739 3599 1809 petere
3643 1738 3709 1793 et
3753 1728 3908 1793 dare
3952 1729 4295 1812 significat.
4384 1728 4594 1810 Quare
4632 1728 4754 1793 bens

2871 1825 3233 1897 congruent
3289 1813 3418 1880 ista
3473 1813 3646 1880 inter
3705 1836 3795 1896 se,
3849 1814 3908 1881 si
3953 1815 4168 1881 Deum
4214 1827 4513 1899 precatus
4554 1814 4753 1880 dicatur

2875 1898 3030 1964 Heli
3085 1909 3158 1964 ut
3215 1920 3333 1981 pro
3395 1897 3804 1978 Schemuele,
3867 1922 4058 1983 quem
4118 1899 4242 1965 Dei
4291 1900 4636 1966 ministerio
4670 1921 4752 1983 pa·

2870 1996 3092 2050 rentes
3180 1985 3494 2070 dicarant,
3579 1987 3740 2070 ipsis
3805 1986 4000 2052 aliam
4067 1985 4352 2052 sobolem
4419 1987 4753 2064 restitueret,

2870 2071 3038 2154 quod
3097 2070 3394 2155 precibus
3439 2073 3652 2154 ipsum
3700 2072 3879 2154 prius
3923 2073 4401 2157 impetrassent.
4487 2072 4640 2138 Nam
4676 2094 4754 2136 su-

2870 2157 3089 2240 perius
3153 2157 3456 2241 precibus
3511 2157 3752 2223 Annae
3820 2158 4044 2224 datum
4112 2156 4567 2226 Schemuelem
4613 2156 4752 2222 audi·

2873 2243 3109 2321 vimus,
3153 2244 3268 2309 sed
3314 2243 3603 2309 eiusdem
3652 2255 3802 2311 voto
3850 2243 3994 2326 Deo
4029 2245 4100 2309 in
4136 2266 4399 2310 omnem
4436 2245 4570 2310 eius
4602 2244 4754 2308 vitam

2873 2328 3098 2393 datum
3144 2340 3338 2412 atque
3386 2329 3688 2397 dicatum.
3775 2331 4084 2397 Mutuum
4129 2331 4337 2414 igitur
4373 2330 4623 2407 donum,
4661 2327 4755 2394 Dei

2871 2416 3135 2498 quidem
3179 2415 3262 2481 ad
3308 2436 3530 2500 preces
3575 2437 3805 2482 eorum
3849 2421 4221 2500 annuentis,
4269 2438 4345 2483 ac
4392 2416 4591 2481 filium
4621 2414 4756 2480 bunc

2870 2501 3032 2586 ipsis
3077 2500 3450 2585 largientis:
3498 2501 3732 2568 horum
3771 2523 3928 2569 vero
3965 2502 4076 2586 qui
4116 2524 4306 2568 suam
4345 2500 4756 2587 gratitudinem

2871 2608 2990 2670 pro
3053 2597 3318 2671 accepto
3382 2588 3636 2653 infante
3703 2591 4003 2654 testaturi
4067 2589 4350 2654 eundem
4419 2589 4556 2654 Deo
4595 2608 4630 2651 a
4662 2606 4757 2668 quo

2870 2684 3256 2757 acceperant
3318 2684 3719 2754 consecrant,
3783 2695 3980 2758 seque
4046 2688 4318 2758 paterno
4388 2685 4456 2740 et
4517 2685 4755 2739 materno

2868 2760 3010 2825 iure
3103 2769 3337 2843 sponte
3416 2760 3494 2826 ad
3580 2761 3704 2826 Dei
3782 2761 4062 2845 gloriam
4127 2761 4452 2827 abdicant.
4557 2758 4757 2841 Quam·

2867 2846 3091 2912 obrem
3150 2846 3308 2912 Heli
3362 2845 3580 2911 Deum
3641 2860 3844 2929 rogat,
3917 2847 4202 2912 Elcanae
4261 2857 4332 2912 et
4394 2847 4576 2912 uxori
4616 2845 4756 2909 bene-

2868 2932 3109 3017 dicens,
3166 2941 3240 2997 ut
3285 2953 3403 3015 pro
3446 2930 3836 2999 Schemuele
3879 2934 4127 3016 prolem
4173 2932 4377 2998 aliam
4419 2934 4573 3016 ipsis
4611 2929 4755 2996 resti·

2865 3027 3029 3083 tuat.
3119 3018 3256 3084 Nec
3312 3017 3537 3084 irritae
3595 3029 3752 3084 sunt
3810 3040 4063 3102 preces:
4123 3017 4366 3084 dicitur
4409 3020 4581 3085 enim
4618 3016 4754 3081 deiu-

2864 3124 3017 3187 ceps
3070 3103 3274 3169 Anna
3330 3125 3412 3169 ex
3468 3105 3704 3170 marito
3755 3113 3888 3170 tres
3932 3106 4099 3170 filios
4143 3114 4209 3170 et
4253 3105 4420 3172 duas
4463 3106 4618 3171 filias
4653 3121 4756 3167 sus·

2863 3191 3131 3272 cepisse,
3197 3189 3353 3256 licet
3415 3190 3656 3256 multos
3724 3211 3933 3257 annos
3995 3191 4229 3257 fuisset
4272 3192 4547 3259 sterilis:
4605 3206 4754 3271 quam

2863 3295 3024 3340 sane
3085 3297 3426 3359 nunquam
3493 3297 3655 3343 ausa
3721 3287 3893 3344 esset
3956 3276 4471 3343 foecunditatem
4525 3291 4754 3360 sperare,

2862 3359 3066 3427 donec
3123 3363 3265 3445 ipso
3325 3361 3487 3428 duce
3546 3372 3772 3429 sancto
3831 3364 4070 3446 spiritu
4116 3365 4413 3428 animum
4459 3363 4538 3429 ad
4581 3375 4756 3455 preces

2860 3468 2977 3530 pro
3035 3445 3448 3531 impetranda
3482 3448 3701 3514 sobole
3738 3450 4072 3533 applicuit.
4137 3449 4345 3515 Porro
4381 3441 4754 3514 Benedicent

2860 3554 2990 3599 vox
3034 3533 3105 3598 in
3151 3536 3352 3600 sacris
3396 3556 3624 3599 omnes
3667 3534 3930 3617 quidem
3973 3536 4044 3600 in
4089 3554 4162 3600 se
4195 3555 4428 3618 preces
4463 3537 4530 3599 in
4565 3547 4756 3618 genere

2858 3619 3314 3703 complectitur
3357 3621 3594 3703 quibus
3630 3642 3669 3686 a
3705 3619 3850 3686 Deo
3888 3642 3994 3686 res
4028 3642 4382 3705 prosperas
4406 3619 4754 3703 expetimus:

2858 3704 2972 3771 sed
2997 3704 3417 3771 sacerdotalis
3440 3706 3909 3773 benedictionis
3947 3708 4248 3790 specialis
4287 3706 4602 3791 quaedam
4629 3700 4755 3767 ratio

2856 3792 3000 3857 fuit.
3085 3792 3315 3875 Neque
3379 3793 3556 3859 enim
3623 3814 3848 3876 preces
3916 3793 4092 3859 illius
4156 3814 4309 3861 cum
4380 3790 4699 3859 cuiuslibet
4730 3805 4755 3848 e

2856 3878 3046 3961 plebe
3106 3879 3408 3960 precibus
3468 3879 3962 3962 comparandae,
4029 3901 4232 3962 quum
4289 3897 4599 3962 expressa
4643 3892 4754 3959 pro-

2859 3964 3167 4030 missione
3201 3963 3408 4031 fultus
3446 3963 3700 4031 medius
3734 3965 3910 4031 inter
3946 3965 4161 4030 Deum
4200 3973 4270 4030 et
4291 3964 4584 4031 homines
4605 3965 4754 4032 emt,

2858 4059 3055 4134 atque
3125 4052 3309 4117 testis
3372 4050 3637 4117 divinae
3705 4051 4174 4118 benedictionis
4241 4073 4436 4117 suum
4501 4048 4755 4144 effectum

2856 4157 3090 4202 revera
3133 4138 3503 4204 sortiturae.
3564 4137 3990 4221 Perspicuum
4037 4138 4104 4201 id
4150 4160 4232 4204 ex
4268 4134 4564 4221 pluribus
4597 4149 4755 4212 scrip·

2859 4233 3046 4288 turae
3104 4221 3281 4301 locis,
3341 4222 3414 4287 in
3473 4224 3708 4306 quibus
3768 4223 3848 4289 de
3908 4224 4119 4288 officio
4163 4233 4232 4290 et
4274 4244 4546 4289 munere
4587 4235 4755 4286 sacer·

2859 4308 3059 4374 dotali
3104 4330 3144 4374 a
3190 4308 3341 4388 itur,
3388 4308 3497 4374 ubi
3545 4309 3929 4375 nominatim
3976 4308 4290 4376 dicuntur
4332 4309 4520 4376 electi
4563 4306 4633 4372 ad
4672 4320 4757 4386 po·

2859 4394 3087 4476 pulum
3198 4395 3688 4460 enedicendum.
3779 4395 3894 4462 Sic
3958 4396 4401 4482 Numerorum
4468 4414 4598 4477 cap.
4638 4390 4672 4455 6
4707 4405 4753 4448 v·

2855 4480 2958 4557 23,
3004 4493 3351 4564 postquam
3398 4480 3581 4547 Deus
3626 4482 3799 4547 Mosi
3844 4489 3912 4547 et
3954 4481 4206 4547 Aaroni
4244 4482 4425 4567 leges
4460 4489 4526 4546 et
4559 4481 4756 4544 statutt

2857 4569 3296 4651 praescripsit,
3365 4567 3600 4651 quibus
3643 4587 3715 4634 se
3759 4588 3798 4632 a
3841 4569 4083 4652 populo
4128 4568 4253 4635 coli
4297 4567 4527 4643 voluit,
4580 4557 4753 4628 addit:

2856 4654 3107 4735 Populo
3164 4675 3308 4720 meo
3368 4653 3779 4731 benedicetis,
3840 4663 3906 4719 et
3964 4655 4088 4720 erit
4136 4653 4530 4720 benedictus.
4611 4646 4754 4728 Quo·

2856 4760 3003 4804 rum
3069 4741 3414 4805 verborum
3469 4740 3575 4806 hic
3620 4749 3723 4805 est
3765 4761 4026 4806 sensus:
4088 4733 4620 4808 Benedictionem
4657 4747 4755 4814 qu·

2855 4824 3095 4909 populo
3176 4825 3569 4892 benedicetis
3659 4835 3871 4891 ratam
3960 4825 4231 4893 habebo.
4333 4825 4559 4908 Neque
4638 4833 4756 4916 vero

2861 4910 3075 4976 Deum
3151 4912 3533 4978 adstrictum
3591 4912 3789 4978 fuisse
3848 4913 4293 4979 sacerdotibus
4352 4911 4477 4978 hac
4527 4922 4757 4992 promlfl·

2857 4998 3038 5063 sione
3094 4998 3282 5063 nobis
3338 4997 3880 5082 persuadendum,
3946 4998 4060 5065 sed
4104 4998 4323 5083 potius
4366 4995 4660 5080 populum
4695 4984 4755 5050 de

2855 5094 3271 5167 peccatorum
3364 5085 3717 5150 obtinenda
3791 5085 4195 5165 remissione,
4284 5083 4610 5151 sacerdote
4662 5090 4754 5139 ⁸110

2857 5191 3130 5235 munere
3167 5170 3506 5256 fungente,
3542 5170 3887 5236 certiorem
3927 5172 4170 5237 factum
4207 5170 4410 5237 fuisse
4446 5160 4754 5234 sciendum·

2857 5255 3081 5337 Quare
3125 5257 3184 5323 si
3226 5257 3436 5323 sancti
3483 5257 3753 5341 spiritus
3795 5256 4085 5341 impulsu
4129 5258 4291 5325 Heli
4331 5276 4452 5342 pro
4472 5248 4757 5320 monnau
