5059 6059
861 341 988 407 415
2473 331 2882 399 HOMILIA
2926 330 3256 397 LXXIX.
4668 336 4751 403 416

1034 527 1349 610 Sequitur
1401 523 1721 607 deinceps,
1768 521 2083 588 Davidem
2128 526 2382 603 patrem
2439 526 2496 586 et
2547 524 2805 585 matrem

862 613 1194 682 deduxisse
1254 612 1325 675 in
1378 609 1688 693 reqionem
1741 607 1934 674 Moab
1950 656 1969 691 ,
2041 612 2097 672 et
2159 626 2413 691 roqasse
2481 626 2684 689 reyem
2736 611 2808 670 ut

861 703 1180 767 manerent
1218 695 1396 778 apud
1435 696 1610 778 ipsos
1664 694 1849 759 donec
1901 694 2129 760 scirent
2184 693 2337 773 quid
2391 692 2621 775 faceret
2679 692 2807 773 ipsi

861 786 1063 853 Deus.
1150 781 1405 864 Quibus
1470 780 1686 845 verbis
1763 779 1972 862 magis
2037 777 2429 862 exprimitur
2494 777 2679 842 dolor
2740 786 2808 841 et

865 868 1136 936 tristitia
1177 888 1370 950 quam
1416 865 1633 931 David
1691 886 1778 929 ex
1839 863 2128 929 adventu
2187 863 2392 946 patris
2452 871 2520 928 et
2572 863 2805 928 matris

862 957 937 1021 in
979 954 1310 1039 regionem
1339 950 1531 1017 Moab
1553 949 1819 1033 accepit.
1887 949 1947 1014 N
1952 969 2025 1014 ec
2065 950 2243 1014 enim
2269 947 2550 1014 habebat
2590 947 2801 1014 locum

862 1041 946 1108 ad
988 1040 1163 1125 ipsos
1209 1035 1688 1122 excipiendum,
1748 1047 1813 1100 et
1858 1036 2066 1100 tristis
2120 1043 2262 1100 erat
2317 1033 2634 1099 habitatio
2689 1033 2805 1098 illa

861 1127 933 1194 in
976 1125 1300 1210 spelunca,
1348 1134 1412 1186 et
1458 1123 1625 1187 fame
1667 1121 1863 1187 etiam
1908 1120 2068 1203 ipsis
2107 1119 2512 1203 pereundum
2557 1119 2804 1203 fuisset,

862 1213 993 1278 nisi
1036 1209 1421 1276 miraculose
1461 1210 1634 1291 ipsos
1676 1206 1860 1273 Deus
1904 1205 2188 1271 aluisset.
2276 1203 2409 1272 Sed
2468 1216 2807 1290 praeterea

864 1319 1054 1364 senes
1096 1296 1241 1361 illos
1283 1295 1444 1359 haec
1466 1294 1601 1359 vita
1640 1312 1773 1357 non
1820 1292 2084 1357 decebat
2126 1299 2203 1355 ut
2223 1291 2554 1374 perpetuis
2580 1291 2804 1355 mortis

864 1381 1222 1449 terroribus
1278 1380 1718 1465 agitarentur:
1778 1375 2198 1460 quamobrem
2269 1376 2396 1441 alio
2453 1399 2491 1441 a
2548 1374 2806 1441 Davide

863 1470 1040 1552 ipsos
1085 1465 1312 1533 deduci
1355 1464 1660 1550 oportuit,
1705 1462 1817 1528 ubi
1862 1464 1929 1526 in
1979 1463 2107 1527 otio
2151 1461 2485 1543 degerent,
2547 1473 2612 1526 et
2655 1482 2805 1546 pro·

864 1554 972 1622 cul
1018 1575 1055 1618 a
1099 1552 1295 1617 tantis
1340 1548 1668 1616 laboribus
1712 1558 1776 1613 et
1810 1547 2141 1627 molestiis,
2184 1547 2572 1630 quibuscum
2596 1545 2803 1611 Davi-

865 1641 1012 1710 dem
1056 1637 1390 1722 oportebat
1431 1635 1688 1702 luctari.
1776 1634 2068 1699 Domum
2125 1632 2222 1697 illi
2282 1653 2468 1698 suam
2529 1641 2598 1697 et
2656 1652 2801 1715 pos-

864 1726 1186 1792 sessiones
1245 1723 1674 1805 reliquerant,
1743 1729 1810 1786 et
1882 1718 1964 1785 ad
2032 1719 2238 1784 filium
2297 1719 2366 1784 iu
2424 1718 2800 1802 speluncam

863 1810 1044 1877 illam
1090 1819 1399 1890 tanquam
1459 1806 1540 1871 ad
1598 1805 1856 1890 asylum
1912 1815 2266 1871 venerant:
2326 1803 2438 1869 sed
2497 1804 2804 1887 quoniam

865 1896 1140 1978 singulis
1219 1893 1566 1959 momentis
1642 1892 2137 1975 exspectabatur
2202 1889 2424 1954 Saulis
2499 1890 2802 1972 impetus,

866 2002 1130 2048 necesse
1172 1980 1300 2045 fuit
1341 1981 1411 2043 in
1456 1977 1651 2044 aliam
1696 1977 2030 2062 regionem
2087 1975 2237 2040 illos
2279 1975 2360 2041 ab
2405 1976 2545 2058 ipso
2590 1986 2805 2041 trans-

862 2069 1038 2135 ferri.
1106 2064 1401 2132 Deduxit
1436 2064 1653 2145 itaque
1698 2063 1769 2127 in
1802 2063 2083 2146 Maspha
2125 2082 2288 2144 quae
2331 2069 2475 2126 erat
2516 2060 2805 2144 regionis

863 2152 1078 2220 Moab.
1167 2150 1345 2217 Sane
1403 2148 1731 2214 Moabitae
1789 2146 2255 2214 descenderant
2326 2147 2407 2213 ab
2460 2146 2804 2229 Israelitis,

866 2259 1145 2323 quorum
1187 2236 1423 2302 fratres
1465 2244 1686 2301 erant:
1730 2231 2100 2316 acproinde
2124 2256 2162 2298 a
2207 2232 2441 2315 quibus
2485 2231 2802 2297 auxilium

866 2330 1244 2407 exspectare
1288 2322 1359 2386 in
1403 2321 1599 2386 rebus
1640 2319 1937 2405 angustis
1976 2328 2300 2402 poteraut.
2368 2316 2502 2384 Sed
2543 2339 2613 2384 se
2658 2338 2802 2400 per-

866 2421 1065 2494 petuo
1127 2428 1244 2492 pro
1309 2406 1608 2472 hostibus
1673 2416 2044 2490 gesserunt,
2126 2410 2203 2469 ut
2267 2403 2528 2469 tandem
2598 2403 2798 2468 etiam

865 2494 1085 2560 David
1143 2492 1457 2559 adversus
1512 2492 1687 2575 ipsos
1757 2490 2001 2557 bellum
2060 2511 2284 2575 gerere
2355 2500 2615 2555 coactus
2680 2488 2799 2553 sit:

864 2580 1039 2665 quod
1082 2598 1420 2661 nunquam
1442 2596 1788 2661 aggressus
1832 2584 2000 2643 esset
2043 2576 2173 2642 nisi
2214 2574 2503 2657 ipsorum
2546 2574 2801 2639 malitia

864 2673 1273 2751 provocatus,
1317 2671 1385 2729 et
1426 2663 1506 2729 de
1550 2661 1841 2729 hostibus
1883 2660 2020 2728 suis
2065 2661 2359 2745 loquens,
2415 2659 2573 2726 dicit
2617 2660 2800 2725 Moa-

863 2753 1033 2821 bitas
1075 2751 1276 2817 fuisse
1318 2770 1510 2815 suum
1556 2748 1940 2832 perfugium,
1997 2746 2113 2813 sed
2167 2745 2508 2830 perfidiose
2567 2745 2799 2811 adver-

867 2860 980 2905 sus
1025 2837 1150 2902 Dei
1195 2834 1507 2921 populum
1564 2835 1792 2918 egisse.
1879 2833 2183 2899 Fuerunt
2236 2852 2393 2918 ergo
2449 2831 2557 2895 isti
2615 2830 2797 2895 Moa-

865 2924 1041 2989 bitae
1095 2921 1445 2989 inhumani
1502 2918 1815 2985 adversus
1869 2918 2223 2995 Israelitas,
2289 2924 2356 2982 et
2412 2917 2800 2981 nominatim

869 3017 1021 3093 post
1063 3013 1342 3073 mortem
1387 3005 1680 3083 Davidis,
1725 3025 1929 3087 quum
1974 3003 2235 3089 Assyrii
2280 3002 2587 3069 Iudaeam
2636 3001 2803 3066 bello

868 3093 1395 3180 aggrederentur,
1439 3100 1502 3155 et
1547 3090 1631 3156 ad
1675 3090 1999 3156 Moabitas
2057 3088 2281 3154 miseri
2337 3088 2801 3171 confugissent,

868 3194 943 3247 ut.
985 3179 1161 3264 apud
1205 3179 1379 3262 ipsos
1422 3176 1718 3255 laterent,
1779 3174 2015 3258 proditi
2075 3187 2230 3240 sunt
2281 3175 2364 3241 ab
2423 3173 2601 3258 ipsis.
2691 3172 2800 3237 Id-

869 3267 1039 3331 circo
1097 3263 1283 3328 Deus
1354 3283 1471 3345 per
1525 3262 1913 3346 prophetam
1989 3260 2069 3325 de
2124 3259 2432 3326 Moabitis
2492 3259 2801 3342 queritur.

869 3350 1165 3435 Populus
1207 3369 1411 3426 meus,
1458 3347 1687 3431 inquit,
1728 3346 2048 3431 fugitivus
2090 3354 2209 3425 est,
2253 3367 2292 3410 o
2326 3346 2544 3420 Moab.
2589 3344 2800 3411 locum

869 3439 1093 3521 itaque
1136 3435 1206 3500 in
1252 3433 1466 3499 medio
1511 3443 1584 3498 ιιι
1628 3432 1980 3500 concedere
2025 3432 2149 3516 ipsi
2207 3430 2501 3511 debebas,
2559 3429 2672 3496 sed
2731 3440 2801 3495 tu

872 3533 1097 3590 contra
1137 3520 1485 3587 crudeliter
1530 3520 1600 3583 in
1644 3519 1928 3585 hostium
1974 3539 2234 3586 manus.
2262 3516 2609 3582 tradidisti.
2697 3517 2803 3581 Ex

874 3607 1108 3692 quibus
1173 3612 1444 3689 apparet
1512 3624 1664 3671 cum
1721 3604 1982 3687 quantis
2036 3602 2528 3670 difficultatibus
2581 3600 2802 3667 David

871 3694 1159 3758 luctatus
1203 3693 1304 3769 sit,
1363 3690 1443 3756 ad
1489 3690 1813 3756 Moabitas
1854 3689 2202 3773 confugere
2244 3698 2526 3772 coactus,
2584 3686 2805 3753 hostes

871 3776 1099 3863 populi
1140 3775 1375 3841 iudaici
1398 3775 1888 3858 capitalissimos
1912 3785 1977 3840 et
1997 3773 2584 3858 perfidiosissimos:
2633 3772 2804 3856 quod

873 3861 1364 3946 insurgentibus
1421 3860 1731 3927 adversus
1787 3860 2123 3928 Israelitas
2181 3860 2511 3940 inimicis,-
2558 3858 2806 3924 fuerint

875 3960 1184 4032 tanquam
1233 3945 1506 4011 venatici
1550 3966 1743 4013 canes
1788 3945 1870 4012 ad
1905 3947 2178 4013 miseros
2221 3947 2291 4010 in
2337 3944 2604 4011 occultis
2650 3945 2803 4009 locis

871 4035 1175 4113 latentes,
1235 4031 1753 4115 investigandos,
1813 4040 1879 4097 et
1936 4031 2019 4097 ad
2078 4032 2405 4098 lanienam
2465 4030 2802 4096 tahendos.

875 4119 1069 4205 Apud
1114 4120 1276 4185 istos
1319 4124 1539 4182 tamen
1582 4116 1805 4184 David
1848 4117 2018 4201 patri
2062 4128 2128 4183 et
2182 4118 2374 4182 matri
2436 4116 2801 4200 perfugium

874 4204 1220 4291 quaesivit.
1302 4201 1451 4285 Qua
1493 4202 1566 4266 in
1609 4224 1680 4268 re
1720 4203 2035 4287 singulari
2076 4203 2203 4268 Dei
2242 4203 2466 4269 favore
2510 4200 2803 4266 adiutum

873 4300 1161 4376 apparet,
1208 4290 1332 4355 etsi
1376 4288 1457 4353 ab
1502 4288 1524 4352 i
1570 4308 1641 4353 so
1684 4288 1898 4353 Deum
1943 4290 2337 4365 invocatum,
2394 4298 2469 4353 ut
2527 4288 2801 4371 gratiam

874 4374 1048 4460 apud
1100 4395 1322 4459 regem
1382 4374 1538 4438 Moa
1639 4372 1991 4455 inveniret,
2050 4394 2184 4439 non
2241 4373 2349 4440 hic
2398 4374 2806 4456 exprimitur,

874 4461 1044 4546 quod
1109 4473 1331 4527 tamen
1396 4468 1646 4526 certum
1711 4468 1813 4524 est
1875 4481 1960 4524 ex
2022 4458 2287 4525 Psalmo
2352 4479 2546 4542 quem
2611 4478 2808 4542 supra

876 4546 1242 4614 citavimus.
1341 4545 1570 4629 Neque
1639 4545 1813 4609 enim
1874 4547 2016 4611 sine
2072 4565 2266 4610 causa
2318 4544 2474 4611 dicit
2531 4563 2611 4609 eo
2670 4544 2807 4611 loco

874 4634 1120 4699 iustum
1175 4631 1455 4697 clamare
1513 4630 1595 4695 ad
1639 4630 2016 4709 Dominum,
2072 4639 2137 4695 et
2193 4631 2555 4697 Dominum
2610 4650 2807 4696 exau·

876 4719 1017 4785 dire
1059 4718 1297 4802 ipsum,
1358 4725 1425 4781 et
1468 4737 1551 4780 ex
1593 4716 1895 4782 omnibus
1939 4716 2462 4782 tribulationibus
2509 4715 2806 4781 liberare.

877 4804 1096 4885 Quare
1173 4799 1391 4866 David
1478 4822 1817 4885 nunquam
1906 4809 2087 4866 tanta
2171 4800 2657 4886 perturbatione
2737 4802 2807 4866 in

877 4888 1344 4955 afflictionibus
1389 4897 1457 4951 et
1498 4885 1975 4954 calamitatibus
2033 4895 2418 4955 excaecatus
2474 4894 2593 4964 est,
2652 4888 2806 4969 quin

879 4976 961 5040 ad
1019 4974 1233 5039 Deum
1294 4973 1632 5038 awsserit
1656 5023 1670 5050 ,
1730 4980 1798 5038 et
1850 4974 2148 5058 precibus
2203 4973 2393 5037 illum
2453 4971 2809 5051 solicitarit,

882 5077 1226 5143 persmsus
1273 5057 1567 5124 divinum
1602 5059 1916 5125 auxilium
1954 5059 2076 5125 sibi
2113 5078 2444 5141 nunquam
2481 5057 2808 5142 denegan-

882 5143 1056 5209 dum.
1121 5143 1268 5209 Hac
1311 5143 1517 5227 igitur
1560 5144 1809 5208 ratione
1852 5145 2134 5230 gratiam
2176 5144 2324 5208 iniit
2367 5142 2540 5227 apud
2586 5165 2808 5228 regem

878 5228 1093 5308 Moab,
1137 5229 1434 5311 precibus
1483 5229 1794 5294 nimirum
1848 5229 2020 5313 apud
2067 5229 2300 5296 Deum.
2390 5229 2557 5295 Nam
2605 5250 2806 5313 quum

2904 521 3087 586 Deus
3132 521 3422 585 omnium
3469 519 3809 585 hominum
3855 519 4054 585 corda
4102 519 4169 583 in
4231 540 4428 584 manu
4471 516 4680 598 habeat.
4716 535 4761 588 ot

2905 607 3192 671 maxime
3236 607 3581 688 impiorum
3626 625 3795 688 quae
3839 626 3958 688 pro
3996 605 4266 671 arbitrio
4309 604 4528 680 flectit.
4567 605 4762 690 ideoque

2906 691 3246 774 pollicetur
3319 693 3497 756 Deus
3560 713 3632 756 se
3687 691 4072 756 effecturum
4094 741 4109 766 ,
4192 700 4266 754 ut
4342 690 4605 773 populus
4653 715 4759 758 suus

2904 779 3184 862 gratiam
3250 779 3421 859 apud
3488 777 3788 842 inimicos
3852 776 4185 852 inveniat,
4259 788 4438 840 certo
4503 776 4650 841 istud
4697 797 4763 845 est

2904 862 3456 942 constituendum,
3499 861 3716 927 Deum
3761 861 4054 927 effecisse
4095 862 4165 926 in
4224 861 4504 943 gratiam
4546 861 4763 940 Davidis,

2906 960 2982 1014 ut
3023 948 3482 1015 conciliaretur
3525 947 3653 1030 ipsi
3696 967 3816 1011 rex
3854 946 4318 1029 Moabitarum,
4361 968 4551 1030 quem
4590 950 4765 1034 alioqui

2905 1044 3156 1100 certum
3200 1044 3302 1099 est
3343 1035 3540 1099 fuisse
3584 1031 3909 1100 Davidem
3968 1031 4402 1116 repulsurum,
4462 1033 4562 1098 vel
4606 1039 4764 1119 potius

2904 1120 2974 1185 in
3058 1118 3343 1185 hostium
3422 1139 3661 1183 manus
3749 1117 4165 1184 traditurum.
4277 1117 4763 1199 Quemadmodum

2905 1205 3121 1270 solent
3194 1205 3523 1289 principes
3616 1203 3790 1288 apud
3869 1203 4034 1270 alios
4109 1203 4449 1269 hominum
4523 1210 4768 1290 sanguine

2906 1311 3220 1374 quaerere
3262 1290 3604 1370 amicitias,
3652 1289 3755 1356 vel
3799 1309 4023 1373 pacem
4073 1288 4409 1368 redimere,
4472 1306 4534 1355 et
4582 1293 4766 1358 invete-

2909 1388 3085 1442 ratas
3150 1376 3526 1442 inimicitias
3581 1396 3843 1459 ponere.
3932 1374 4046 1443 Sic
4117 1374 4412 1441 videmus
4487 1375 4770 1444 Dominum

2907 1476 3202 1527 nostrum
3249 1462 3470 1527 Iesum
3514 1459 3853 1526 Christum
3896 1461 4099 1526 fuisse
4141 1464 4210 1525 in
4256 1462 4474 1526 Pilato
4517 1463 4592 1526 ad
4622 1464 4771 1533 Hero-

2908 1547 3055 1612 dem
3114 1550 3384 1614 missum
3405 1598 3421 1626 ,
3479 1557 3548 1613 et
3603 1545 3884 1612 ludibrio
3937 1547 4079 1612 eius
4139 1550 4530 1631 expositum,
4580 1559 4647 1614 ut
4691 1550 4773 1615 sibi

2907 1633 3240 1699 Herodem
3297 1633 3541 1699 iratum
3604 1633 3860 1698 Pilatus
3913 1631 4310 1698 conciliaret.
4398 1632 4584 1699 Idem
4628 1635 4773 1719 igitur

2907 1718 3153 1785 Davidi
3199 1719 3409 1801 potuit
3448 1720 3846 1802 contingere,
3904 1719 4030 1783 nisi
4073 1717 4258 1785 Deus
4310 1719 4694 1801 providisset,
4731 1737 4775 1786 st

2906 1806 3080 1887 regis
3144 1803 3581 1871 Moabitarum
3648 1826 3758 1870 cor
3823 1805 4186 1871 inflexisset
4259 1804 4339 1869 ad
4401 1805 4775 1888 recipiendum

2909 1903 3161 1973 patrem
3204 1900 3270 1957 et
3312 1898 3589 1956 matrem
3634 1889 3929 1955 Davidis,

3075 1975 3298 2042 Verba
3370 1985 3588 2042 autem
3666 1976 3780 2039 illa
3846 1974 4124 2042 Davidis
4182 1976 4368 2042 donec
4434 1977 4624 2042 seiam
4672 1979 4781 2059 qaid

2901 2063 3104 2143 faciat
3142 2061 3302 2127 mihi
3357 2061 3561 2142 Deus,
3618 2082 3747 2126 non
3806 2061 3900 2126 sic
3956 2060 4386 2144 intelligenda
4449 2071 4599 2128 sunt
4648 2067 4777 2145 quasi

2904 2146 3125 2212 David
3170 2148 3462 2213 incertus
3509 2158 3859 2232 vagaretur
3916 2157 3986 2212 et
4040 2145 4277 2212 dubius
4320 2148 4548 2214 animi.
4613 2148 4782 2231 Neque

2904 2235 3077 2298 enim
3127 2254 3413 2315 unquam
3460 2233 3696 2298 abiecit
3738 2232 3978 2297 factam
4025 2252 4065 2296 a
4108 2231 4254 2298 Deo
4298 2231 4431 2298 sibi
4477 2235 4779 2318 promioeio·

2906 2336 3089 2384 nem:
3162 2318 3276 2383 sed
3335 2341 3412 2383 ea
3461 2319 3669 2384 fretus
3727 2338 3955 2384 omnes
4010 2317 4436 2385 difficultates
4491 2321 4783 2402 superavit.

2906 2408 3005 2471 Ac
3050 2391 3204 2469 licet
3247 2404 3471 2469 multis
3514 2404 3817 2488 procellis
3876 2418 3943 2467 et
4001 2406 4504 2485 tempestatibus
4566 2409 4783 2488 agitatus
4908 2417 4909 2436 l

2909 2491 3012 2570 sit,
3058 2510 3392 2572 nunquam
3437 2501 3652 2555 tamen
3715 2490 3931 2573 potuit
3988 2489 4067 2553 ab
4125 2489 4240 2553 illo
4279 2489 4686 2557 fundamento
4718 2490 4785 2555 di·

2906 2576 3166 2649 moveri.
3211 2573 3433 2640 Deum
3479 2595 3619 2641 esse
3666 2595 3985 2641 veracem.
4077 2580 4173 2641 Ac
4231 2576 4510 2658 proinde
4566 2577 4786 2659 quando-

2905 2661 3166 2745 quidem
3202 2662 3409 2743 ipsius
3451 2661 3743 2727 bonitate
3766 2663 4052 2746 gratuita
4071 2661 4282 2726 fuerat
4304 2682 4435 2725 rex
4457 2662 4785 2746 designatus.

2906 2748 3122 2813 Deum
3165 2749 3362 2811 etiam
3406 2747 3643 2829 reipsa
3667 2748 4258 2812 demonstraturum
4303 2769 4374 2812 se
4424 2748 4786 2826 defensorem,

2906 2847 2972 2898 et
3016 2832 3275 2897 nonnisi
3323 2854 3391 2896 re
3434 2833 3720 2915 perfecta
3763 2832 4264 2916 conquieturum
4321 2832 4450 2899 sibi
4510 2835 4783 2916 persuasit.

2907 2917 3351 2983 Nihilominus
3397 2930 3616 2983 tamen
3664 2918 3826 2982 haee
3883 2918 4089 2984 verba
4143 2925 4302 2984 sunt
4355 2918 4635 2985 hominis
4681 2940 4785 2985 cum
4908 2923 4909 2930 ’

2907 3004 3213 3069 maximis
3249 3002 3737 3069 difficultatibus
3782 3004 4112 3071 luctantis.
4176 3004 4284 3069 Ex
4330 3025 4463 3087 quo
4485 3004 4618 3070 loco
4646 3003 4786 3070 disa-

2906 3111 3054 3155 mus
3121 3087 3547 3174 pugnandum
3609 3110 3750 3156 esse
3804 3088 4122 3155 adversus
4180 3110 4416 3156 sensus
4474 3101 4704 3156 nostros
4745 3099 4789 3152 et

2907 3196 3131 3242 omnes
3166 3175 3717 3259 apprehensiones
3755 3196 3958 3259 quum
3995 3176 4359 3258 affligimur
4381 3186 4453 3242 et
4473 3195 4788 3241 exercemur

2905 3282 2944 3326 a
2988 3261 3131 3326 Deo
3174 3282 3291 3344 per
3333 3262 3519 3326 varia
3559 3262 4015 3327 instrumenta.
4102 3261 4275 3326 Nam
4321 3261 4514 3327 Deus
4565 3283 4699 3328 suos
4728 3261 4791 3326 sic

2905 3357 3167 3414 exercet
3209 3346 3610 3431 plerumque,
3657 3357 3734 3412 ut
3758 3348 4057 3413 videatur
4093 3368 4201 3412 eos
4246 3348 4318 3412 in
4362 3348 4611 3412 inferos
4642 3367 4790 3428 usque

2907 3434 3290 3498 detrusurus
3311 3482 3326 3509 ‚
3406 3443 3474 3498 et
3552 3433 4028 3500 calamitatibus
4106 3452 4585 3516 oppressurus:
4654 3433 4789 3498 cuius

2906 3534 3122 3584 tamen
3177 3519 3396 3599 favor,
3456 3520 3669 3602 gratia
3724 3527 3790 3584 et
3842 3527 4129 3601 potestas
4186 3529 4524 3585 momento
4585 3531 4791 3601 apparet

2906 3615 3163 3687 praeter
3206 3605 3755 3687 exspectationem
3802 3620 3865 3670 et
3909 3604 4281 3688 opinionem
4330 3619 4641 3670 nostram.
4694 3600 4787 3667 Ob-

2905 3689 3228 3756 servanda
3298 3711 3459 3755 sane
3531 3690 3694 3755 haec
3763 3689 4061 3756 doctrina
4119 3699 4251 3770 est,
4321 3690 4789 3774 quandoquidem

2907 3777 3146 3842 nostris
3204 3774 3503 3842 sensibus
3561 3777 3755 3858 plane
3814 3777 4145 3841 contraria
4200 3785 4332 3853 est,
4394 3777 4480 3842 ad
4538 3795 4709 3859 quam
4748 3787 4791 3836 et

2904 3863 3031 3927 alia
3074 3861 3341 3942 accedit,
3400 3883 3528 3943 qua
3572 3861 3936 3926 retinemur
3991 3862 4062 3926 in
4120 3861 4406 3927 summis
4467 3859 4791 3930 calamitati·

2903 3948 3023 4014 bus
3045 3957 3112 4013 et
3147 3946 3655 4024 difficultatibus,
3694 3955 3770 4012 ut
3805 3948 4117 4012 nimirum
4157 3947 4491 4031 patienter
4525 3955 4788 4030 exspecto-

2905 4055 3069 4114 mus,
3127 4033 3331 4099 donec
3373 4054 3446 4098 se
3501 4031 3685 4098 Deus
3743 4032 4063 4098 vindicem
4127 4033 4516 4116 patefaciat:
4572 4056 4641 4100 ac
4684 4033 4793 4098 lios
4908 4067 4909 4072 κ

2904 4119 2987 4186 ad
3017 4130 3279 4202 tempus
3321 4116 3578 4185 vultum
3623 4139 3810 4184 suum
3857 4119 4154 4200 occultet,
4208 4141 4485 4204 sperare
4528 4134 4718 4185 tamen
4744 4116 4791 4180 in

2904 4206 3047 4289 ipso
3092 4225 3221 4269 non
3265 4204 3657 4283 desinamus,
3718 4221 3784 4268 et
3840 4204 4143 4287 precibus
4200 4205 4594 4272 ardentibus
4643 4203 4789 4289 ipsius

2904 4290 3221 4357 auxilium
3275 4290 3717 4374 imploremus.
3817 4289 4040 4356 Huius
4096 4290 4412 4356 scientiae
4480 4290 4787 4372 exemplum

2906 4376 3093 4442 nobis
3158 4374 3280 4442 hoc
3344 4376 3485 4441 loco
3550 4376 3930 4459 proponitur
3988 4377 4058 4440 in
4117 4376 4376 4441 Davide
4434 4376 4785 4443 imitandum.

2907 4461 3115 4528 Cuius
3157 4460 3358 4528 verba
3415 4461 3545 4541 illa,
3609 4462 3796 4526 donec
3850 4480 4173 4546 coqnovero
4229 4464 4390 4543 quid
4451 4463 4626 4528 Deus
4676 4457 4787 4524 mihi

2903 4547 3118 4629 faciat,
3176 4553 3501 4612 testantur
3553 4546 3748 4612 fidem
3806 4548 3944 4613 eius
4001 4561 4068 4612 et
4122 4548 4535 4630 patientiam.
4615 4546 4783 4629 Neque

2908 4635 3085 4698 enim
3126 4633 3329 4699 oculis
3371 4632 3697 4715 corporeis
3731 4639 3799 4698 et
3831 4633 4130 4699 sensibus
4163 4634 4467 4701 externis
4500 4651 4784 4719 cognosco-

2910 4720 3038 4797 bat,
3097 4738 3230 4801 qua
3287 4718 3539 4783 ratione
3593 4719 3775 4784 Deus
3832 4720 3961 4801 ipsi
4029 4720 4469 4798 succurrerit,
4533 4721 4634 4804 qui
4677 4735 4781 4784 oum

2908 4804 3110 4870 tantis
3152 4803 3646 4870 difficultatibus
3688 4802 4078 4871 luctaretur:
4133 4804 4247 4871 sed
4310 4807 4580 4872 interim
4619 4803 4780 4870 animo

2907 4910 3286 4973 persuasum
3329 4888 3607 4955 habebat
3629 4889 3849 4956 Deum
3891 4911 4042 4957 suas
4073 4890 4541 4974 promissiones
4576 4888 4778 4956 tandem

2907 4975 3351 5059 impleturum,
3406 4983 3475 5039 et
3517 4974 3691 5058 quod
3751 4997 3867 5058 per
3913 4974 4131 5042 Saulis
4189 4978 4629 5046 ministerium
4680 4996 4781 5059 pro-

2908 5060 3197 5137 miserat,
3244 5061 3717 5145 perfecturum:
3763 5060 4004 5129 idcirco
4048 5062 4244 5128 etiam
4290 5063 4595 5130 videmus
4630 5060 4775 5126 Dari·

2908 5145 3057 5211 dem
3134 5166 3346 5230 neque
3409 5147 3741 5225 fortunae,
3834 5168 4045 5232 neque
4119 5146 4386 5215 fortuiti
4466 5169 4641 5216 casus
4701 5153 4775 5210 sut

2908 5241 3184 5299 eventus
3229 5232 3618 5312 meminisse,
3674 5233 3787 5298 sed
3830 5232 3957 5300 Dei
4008 5233 4114 5317 qui
4175 5254 4293 5315 pro
4346 5236 4661 5303 voluntate
4692 5249 4772 5296 sut
