5059 6059
301 290 405 353 373

298 481 384 544 est.
461 473 564 539 32.
610 472 1018 556 Respondens

296 564 402 629 ait.-
456 560 662 642 Quare
712 558 1063 624 morietur?
1122 558 1274 640 quid
1330 558 1521 641 fecit?
1623 558 1728 624 33.
1787 558 1875 623 Et
1932 559 2208 640 arripuit

301 645 438 714 Saul
492 643 774 710 lanceam
815 649 885 709 ut
915 649 1260 727 percuteret
1301 663 1472 709 eum.
1536 643 1626 709 Et
1665 643 1966 709 intellexit
2010 643 2204 709 Iona-

295 733 416 799 thas
463 730 626 813 quod
676 729 1002 813 definitum
1053 733 1210 795 esset
1261 750 1303 795 a
1354 735 1541 810 patre
1583 750 1698 796 suo
1738 734 1807 794 ut
1849 730 2207 810 interficeret

295 817 505 886 David.
593 816 698 882 34.
759 814 1048 881 Surrexit
1101 835 1242 899 erqo
1299 815 1604 880 Ionathas
1646 836 1688 880 a
1729 835 1946 880 mensa
1989 816 2059 879 in
2102 816 2208 879 ira

290 904 525 987 furoris,
590 909 648 967 et
708 922 832 968 non
885 901 1150 968 comedit
1202 901 1274 965 in
1326 900 1431 966 die
1486 901 1892 968 calendarum
1934 900 2207 966 secunda

287 1008 510 1073 pawn.
603 986 1019 1054 Gontristatus
1081 987 1247 1052 enim
1298 990 1390 1051 est
1437 1006 1631 1068 super
1670 984 1891 1052 David
1931 1005 2002 1050 eo
2044 984 2209 1067 quod

291 1074 643 1156 confudisset
694 1092 833 1139 eum
876 1078 1066 1155 pater
1117 1091 1291 1137 suus.
1378 1071 1481 1138 35.
1534 1073 1855 1155 Quumque
1895 1071 2210 1136 illuxisset

291 1181 471 1238 mane,
513 1160 681 1225 venit
725 1158 1031 1225 Ionathas
1072 1159 1145 1224 in
1177 1178 1407 1241 aarum
1442 1160 1623 1223 iuscta
1649 1158 1955 1239 placitum
1990 1156 2207 1222 David

291 1245 918 1328 etpuerparvulus
980 1264 1258 1311 cumea.
1347 1242 1588 1309 36.Et
1651 1243 2206 1323 aitadpuerum

287 1352 488 1397 suum.-
559 1331 749 1410 Vade,
808 1335 865 1395 et
918 1331 1076 1412 affer
1133 1329 1292 1394 mihi
1349 1331 1617 1414 sayittas
1672 1348 1832 1410 quas
1872 1347 1980 1411 eqo
2023 1328 2203 1394 iacio.

298 1418 599 1499 Quumque
631 1436 801 1496 puer
834 1416 1222 1494 cucurrisset,
1280 1416 1418 1481 iecit
1452 1414 1648 1480 aliam
1680 1414 1976 1498 fayittam
2028 1418 2208 1478 trans

273 1522 545 1587 puerum.
633 1502 739 1568 37.
833 1502 1013 1567 Venit
1086 1501 1297 1583 itaque
1348 1521 1517 1583 puer
1579 1500 1664 1565 ad
1729 1500 1927 1566 locum
1987 1497 2205 1581 iaculi,

283 1588 428 1671 quod
466 1588 732 1654 miserat
776 1585 1096 1668 IonathaS,
1142 1591 1198 1651 et
1237 1584 1533 1652 clamavit
1574 1584 1881 1650 Ionathas
1902 1589 2050 1665 post
2082 1588 2202 1647 ter-

282 1694 417 1757 qum
447 1674 656 1754 pueri,
701 1677 758 1738 et
798 1673 923 1738 ait.-
966 1672 1125 1739 Ecce
1166 1672 1280 1736 tibi
1322 1677 1412 1738 est
1444 1672 1678 1754 sayitta
1703 1689 1898 1753 porro
1932 1670 2104 1736 ultra
2130 1674 2202 1734 te.

280 1760 373 1825 38.
421 1758 852 1840 Clamavitque
902 1758 1131 1822 iterum
1190 1757 1501 1823 Ionathas
1530 1761 1678 1840 post
1719 1762 1963 1839 teryum
1997 1756 2205 1838 pueri,

281 1846 505 1911 dicens:
572 1843 838 1910 Festina
879 1843 1181 1925 velociter,
1246 1864 1322 1908 ne
1362 1845 1618 1909 steteris.
1710 1840 1964 1924 Collegit
2003 1845 2207 1904 autem

272 1951 420 2014 puer
480 1928 791 1996 Ionathae
843 1929 1126 2013 sayittas,
1171 1934 1225 1994 et
1268 1929 1472 1994 attulit
1513 1929 1598 1995 ad
1640 1928 1957 1992 dominum
1999 1946 2202 1991 suum.

278 2016 373 2081 39.
415 2014 504 2080 Et
566 2015 724 2098 quid
780 2019 1068 2099 ayeretur
1102 2015 1358 2095 penitus
1401 2014 1749 2096 iynorabat,
1793 2011 2208 2077 tantummodo

274 2104 426 2167 enim
490 2100 805 2166 Ionathas
867 2104 923 2166 et
990 2098 1211 2165 David
1273 2120 1404 2163 rem
1461 2104 1778 2164 noverant.
1867 2096 1972 2162 40.
2016 2096 2211 2163 Dedit

274 2207 406 2270 erqo
450 2185 762 2253 Ionathas
802 2206 988 2251 arma
1029 2205 1149 2249 sua
1184 2205 1400 2267 puero,
1453 2190 1509 2249 et
1550 2185 1714 2250 divit
1753 2185 1843 2249 ei:
1921 2181 2111 2264 Vade,
2155 2185 2211 2246 et

272 2272 435 2355 defer
488 2274 567 2338 in
608 2273 935 2338 civitatem.
1017 2270 1121 2335 41.
1175 2270 1494 2352 Quumque
1536 2270 1789 2335 abiisset
1821 2288 2007 2353 puer,
2066 2287 2209 2333 sur·

273 2358 425 2425 rexit
481 2357 708 2425 David
760 2356 836 2422 cle
878 2357 1008 2423 loeo
1047 2358 1160 2438 qui
1199 2355 1477 2439 veryebat
1520 2357 1604 2420 ad
1648 2360 1949 2432 austrum,
2006 2358 2064 2418 et
2104 2371 2206 2418 ca·

272 2444 415 2510 deris
445 2463 700 2525 pronus
742 2444 814 2508 in
855 2447 1106 2522 terram,
1164 2443 1455 2508 adoravit
1498 2443 1712 2507 tertio:
1768 2445 1823 2505 et
1866 2438 2209 2505 osculantes

267 2550 328 2594 se
359 2529 753 2609 alterutmm,
782 2529 1084 2609 fleverunt
1109 2529 1376 2609 pariter,
1414 2526 1636 2593 David
1672 2532 1876 2591 autem
1910 2524 2205 2608 ampliu&

271 2614 367 2679 42.
435 2614 634 2680 Dixit
696 2635 839 2698 eryo
905 2613 1206 2679 Ionathas
1247 2615 1333 2679 ad
1377 2611 1622 2679 David.-
1704 2611 1873 2678 Vade
1915 2612 1988 2675 in
2021 2630 2204 2692 pace:

271 2721 668 2782 quaeeunque
722 2700 1078 2765 iuravimus
1132 2699 1308 2765 ambo
1359 2700 1428 2763 in
1483 2698 1728 2764 nomine
1769 2697 2053 2779 Domini,
2109 2695 2208 2761 di-

274 2791 479 2865 centes,
544 2785 867 2852 Dominus
926 2787 1010 2850 sit
1072 2786 1234 2850 inter
1296 2805 1395 2849 me
1451 2790 1506 2849 et
1561 2788 1635 2856 te,
1700 2788 1756 2848 et
1806 2783 1968 2847 inter
2005 2800 2208 2847 sevnen

271 2877 460 2948 tuum,
530 2878 593 2936 et
656 2891 866 2936 semen
926 2890 1131 2936 meum
1193 2890 1390 2952 usque
1452 2870 1523 2935 in
1578 2869 2034 2954 sempiternum.
2122 2865 2211 2932 Et

269 2958 542 3023 surrexit
608 2955 847 3033 David,
911 2963 968 3021 et
1030 2957 1216 3023 abiit.-
1278 2957 1386 3022 sed
1449 2960 1505 3019 et
1547 2953 1851 3020 Ionathas
1892 2955 2211 3037 in9ressus

433 3214 800 3280 Ionathani
854 3213 1018 3279 fides
1060 3212 1412 3296 singularis
1454 3233 1611 3295 erga
1657 3209 1978 3275 Davidem
2027 3208 2212 3274 nobis

269 3300 369 3366 hic
414 3300 486 3365 in
534 3300 771 3382 primis
815 3308 914 3364 est
948 3296 1437 3377 consideranda,
1481 3307 1547 3362 et
1581 3298 1815 3380 ingens
1852 3296 2211 3380 periculum

267 3385 434 3468 quod
472 3385 688 3468 ipsius
723 3386 937 3469 gratia
971 3384 1203 3449 subiit:
1249 3393 1316 3448 et
1352 3382 1640 3449 vicissim
1681 3385 1904 3465 gravis
1932 3380 2213 3445 Davidis

265 3472 542 3537 tentatio
607 3470 920 3536 adversus
978 3490 1176 3552 quam
1220 3468 1329 3534 diu
1372 3466 1607 3534 luctari
1650 3469 1863 3549 ipsum
1910 3467 2212 3549 oportuit,

265 3576 464 3638 quum
513 3555 778 3622 nullum
821 3552 999 3621 aliud
1043 3555 1167 3638 ipsi
1209 3563 1579 3636 superesset
1599 3552 1829 3618 salutis
1851 3551 2210 3617 remedium

263 3642 386 3708 nisi
444 3644 516 3707 in
577 3642 741 3726 fuga
804 3651 995 3706 extra
1046 3639 1383 3704 Iudaeam.
1470 3639 1602 3704 Hic
1659 3659 1812 3703 vero
1871 3639 1938 3702 in
1987 3638 2213 3720 primis

262 3728 718 3811 expendamus
765 3746 933 3810 quae
976 3726 1058 3792 de
1103 3725 1301 3792 Saule
1347 3726 1670 3804 dicuntur,
1739 3745 1968 3804 nempe
2012 3744 2209 3805 quum

265 3816 475 3896 primo
538 3811 651 3877 die
707 3813 856 3877 festi
896 3811 1260 3887 assedisset,
1318 3823 1382 3875 et
1427 3831 1672 3876 vacuus
1718 3808 1896 3874 locus
1941 3808 2214 3873 Davidis

262 3908 452 3980 esset,
502 3898 765 3963 nullam
810 3899 1012 3981 ipsius
1056 3897 1286 3963 fecisse
1328 3898 1745 3974 mentionem,
1792 3892 1961 3977 quod
2012 3895 2210 3958 Davi·-

262 3983 406 4050 dem
469 3985 801 4069 cogitaret
857 3984 1078 4066 aliqua
1130 3982 1421 4066 legitima
1481 3985 1811 4047 occasione
1867 3981 2032 4044 festo
2078 4001 2208 4043 nou

257 4072 602 4147 iuteresse,
647 4078 808 4153 puta
851 4067 1023 4152 quod
1066 4088 1196 4133 non
1243 4077 1417 4133 esset
1458 4067 1764 4141 mundus,
1821 4085 1938 4130 nec
1982 4066 2205 4148 purifi·

257 4167 457 4235 catus,
539 4176 716 4238 quae
794 4155 1087 4239 legitima
1171 4154 1403 4220 fuisset
1482 4152 1832 4219 excusatio,
1922 4148 2208 4231 Quidam

258 4244 450 4308 aliter
493 4243 1041 4323 interpretantur,
1090 4240 1276 4323 quasi
1313 4238 1474 4306 Saul
1510 4237 1892 4323 cogitaverit
1926 4238 2211 4319 aliquem

259 4348 487 4394 casnm
555 4326 869 4393 incidisse
924 4325 1181 4391 Davidi.
1273 4324 1502 4392 Malim
1561 4344 1786 4390 casum
1830 4322 2211 4406 simpliciter

257 4413 641 4497 intelligere
684 4411 765 4478 de
807 4411 1227 4477 immunditia
1268 4411 1383 4476 illa
1424 4410 1639 4491 legali,
1697 4406 1866 4492 quod
1912 4429 1983 4474 se
2028 4408 2210 4492 puri·

256 4498 505 4566 ficandi
569 4498 784 4564 otium
845 4518 973 4561 non
1031 4497 1387 4564 habuisset.
1477 4496 1682 4561 Porro
1723 4492 1968 4561 multas
2011 4494 2210 4561 fuisse

255 4585 412 4650 olim
482 4585 558 4650 in
609 4584 756 4668 lege
799 4582 1231 4666 pollutionum
1276 4581 1521 4665 species
1564 4580 1774 4646 cnivis
1820 4590 2044 4646 notum
2089 4589 2209 4646 est.

253 4671 424 4737 Nam
472 4669 606 4736 etsi
657 4668 939 4751 pollutus
974 4668 1297 4750 quispiam
1333 4666 1549 4749 aliqua
1584 4666 1997 4731 immunditie
2036 4666 2209 4733 domi

256 4766 516 4840 poterat
581 4754 781 4820 edere
839 4762 906 4818 et
948 4754 1186 4833 bibere,
1244 4774 1377 4818 non
1421 4751 1656 4818 licebat
1699 4751 1823 4834 ipsi
1869 4762 2080 4818 tamen
2128 4752 2210 4818 ad

257 4843 531 4908 solenne
622 4839 1002 4907 convivium
1083 4842 1186 4905 cui
1265 4838 1651 4905 sacrificium
1718 4835 2209 4922 adiungebatur,

257 4927 604 4996 accedere:
692 4947 776 4992 ne
862 4945 995 4989 rem
1080 4926 1362 4991 Domino
1449 4936 1738 4989 sanctam
1822 4925 2210 5006 profanaret.

259 5013 445 5095 Quae
502 5011 962 5079 caeremoniae
1023 5010 1289 5076 fuerunt
1344 5032 1383 5074 a
1443 5012 1580 5074 Deo
1623 5011 2077 5094 praescriptae,
2139 5024 2214 5076 ut

255 5099 646 5166 ostenderet
704 5118 774 5164 se
816 5097 887 5161 in
931 5098 1230 5163 omnibus
1275 5097 1487 5179 ipsum
1533 5094 1986 5161 invocantibus
2032 5097 2213 5180 puri·

1593 283 1687 348 IN
1736 283 1790 349 I.
1837 282 2015 350 LIB.
2062 282 2463 351 SAMUEL.
2509 282 2707 349 CAP.
2751 280 2909 348 XX.

4113 286 4245 352 374

1061 476 1266 538 autem
1309 471 1613 538 Ionathas
1651 471 1836 538 Sauli
1859 474 2038 554 patri
2070 492 2208 550 suo,
2310 472 2434 536 Dei
2478 491 2714 537 nomen
2756 472 3016 536 invocat
3058 468 3140 535 ab
3173 470 3351 536 omni
3387 471 3731 554 iniquitate
3765 470 4121 538 abstineat:
4174 481 4243 540 et

2307 557 2434 621 alio
2478 557 2653 622 loco:
2721 555 3191 621 Abstineamus
3234 576 3273 619 a
3318 556 3798 639 pollutionibus,
3860 565 3928 624 et
3971 559 4241 644 quisque

2307 662 2425 707 vas
2468 662 2659 707 suum
2702 642 2774 706 in
2819 641 2999 706 omni
3041 642 3324 725 puritate
3359 641 3701 726 possideat,
3750 656 4061 727 tanquam
4099 645 4240 711 Dec

2307 725 2563 792 deditus
2620 737 2689 792 et
2745 741 3173 793 consecratus.
3262 727 3398 793 Nos
3442 748 3600 792 vero
3638 728 3769 792 iam
3814 728 3899 794 ab
3940 730 4240 797 omnibus

2304 812 2447 879 istis
2517 812 2944 879 caeremoniis
3016 812 3268 877 Christi
3326 811 3635 879 beneficio
3696 835 3924 882 sumus
3978 816 4239 897 quidem

2306 899 2646 978 immunes,
2719 897 2833 963 sed
2897 919 3120 963 earum
3179 906 3400 964 tame‘n
3457 898 3817 971 substantia
3873 910 3939 967 et
3998 902 4242 970 veritas

2306 984 2667 1050 retinenda.
2758 986 2857 1050 Ac
2912 983 3183 1066 proinde
3242 985 3296 1048 si
3356 984 3478 1050 sub
3524 985 3684 1068 lege,
3743 988 3851 1068 qui
3899 989 4003 1055 vel
4048 988 4243 1054 morti

2307 1069 2592 1135 hominis
2638 1090 2944 1153 praesens
2987 1069 3213 1147 fuerat,
3258 1070 3367 1134 vel
3410 1069 3688 1137 cadaver
3729 1073 4058 1156 attigerat,
4104 1073 4243 1156 pcl-

2307 1155 2624 1234 luebatur,
2690 1174 2864 1220 nunc
2926 1176 3389 1238 cognoscamus
3445 1177 3564 1222 nos
3605 1156 3977 1228 immundos
4023 1179 4245 1227 coram

2307 1241 2447 1307 Deo
2491 1241 2647 1317 fore,
2686 1250 2753 1305 et
2797 1261 2939 1306 reos
2980 1240 3269 1306 malitiae
3313 1252 3378 1307 et
3422 1242 3801 1326 iniquitatis,
3850 1246 3978 1314 nisi
4025 1247 4245 1314 animo

2306 1336 2372 1391 et
2428 1346 2695 1410 corpore
2756 1326 2878 1410 ipsi
2944 1325 3143 1391 dediti
3198 1338 3265 1392 et
3316 1330 3676 1394 consecrati
3735 1329 3802 1396 in
3846 1330 4055 1415 ipsius
4098 1335 4243 1401 obe-

2306 1411 2550 1477 dientia
2638 1432 3145 1495 perseveremus,
3246 1421 3314 1478 et
3390 1413 3858 1498 cupiditatibus
3945 1419 4247 1488 omnibus

2305 1499 2528 1583 pravis
2583 1509 2649 1563 et
2706 1498 2980 1582 impuris
3024 1497 3481 1564 abstineamus.
3568 1500 3788 1585 Atque
3833 1504 3943 1571 hic
3988 1506 4111 1570 fuit
4152 1505 4245 1571 le-

2304 1584 2550 1669 galium
2618 1583 2911 1648 omnium
2968 1585 3519 1651 caeremoniarum
3579 1589 3728 1655 finis
3792 1601 3857 1656 et
3901 1613 4075 1657 usus.
4161 1591 4241 1657 In

2306 1670 2536 1753 primis
2603 1688 2758 1734 vero
2818 1676 2916 1733 est
2972 1667 3447 1735 observandum
3508 1694 3637 1739 non
3685 1675 3951 1742 licuisse
3992 1677 4245 1742 homini

2306 1757 2399 1821 sic
2458 1754 2707 1837 polluto
2767 1753 2849 1818 ad
2908 1754 3222 1820 sacrificia
3280 1756 3601 1837 accedere,
3670 1780 3710 1826 a
3767 1762 4003 1845 quibus
4064 1784 4240 1829 arce-

2308 1840 2518 1906 batur.
2598 1839 2692 1906 Ut
2725 1840 2907 1905 Deus
2942 1860 3017 1905 eo
3050 1842 3239 1924 signo
3276 1841 3654 1926 declararet,
3698 1847 3865 1930 quod
3897 1870 4018 1913 nos
4047 1848 4244 1914 etiam

2307 1926 2435 1991 alio
2476 1926 2619 1991 loco
2662 1925 2992 2008 praeclare
3035 1925 3284 1991 Paulus
3328 1927 3533 2008 docet,
3595 1952 3795 2013 quum
3842 1934 3949 2013 ait,
3995 1932 4243 1998 nullam

2306 2031 2449 2078 esse
2492 2010 3015 2077 communionem
3065 2010 3196 2076 luci
3241 2032 3389 2077 cum
3438 2015 3738 2097 tenebris,
3795 2019 4042 2084 nullam
4088 2038 4243 2085 con-

2308 2096 2594 2163 cordiam
2660 2096 2927 2162 Christo
2991 2118 3141 2163 cum
3208 2097 3439 2176 Belial,
3506 2099 3574 2165 id
3639 2113 3740 2169 est
3799 2105 4044 2169 nullam
4105 2124 4246 2170 esse

2307 2182 2833 2249 coniunctionem
2892 2180 3161 2248 Christo
3216 2184 3429 2250 omnis
3488 2187 3792 2268 puritatis
3849 2190 4032 2270 fonti,
4096 2209 4245 2255 cum

2307 2267 2773 2352 pollutionibus
2831 2280 2898 2331 et
2956 2269 3236 2352 peccatis
3279 2269 3521 2353 quibus
3565 2275 3998 2341 sordescimus
4040 2285 4107 2340 et
4147 2276 4244 2339 in·

2308 2355 2677 2437 quinamur.
2768 2352 3070 2437 Exempli
3127 2356 3358 2438 gratia,
3432 2370 3910 2428 sacrosanctam
3981 2379 4245 2426 coenam

2312 2439 2502 2505 hodie
2567 2459 2937 2505 accessuros
2990 2461 3221 2506 cavere
3280 2439 3631 2525 diligenter
3673 2457 3926 2529 oportet
3970 2467 4053 2510 ne
4097 2465 4248 2512 suas

2311 2524 2535 2592 sordes
2590 2524 2900 2605 adferant,
2959 2523 3194 2608 quibus
3253 2537 3387 2592 tam
3433 2540 3657 2596 sancta
3701 2552 3805 2597 res
3848 2531 4246 2615 profanetur,

2310 2620 2471 2696 puta
2513 2631 2770 2676 sacrum
2809 2612 3251 2677 testimonium
3291 2624 3356 2678 et
3393 2614 3630 2700 pignus
3667 2626 3930 2682 nostrae
3965 2636 4250 2685 commu-

2315 2697 2528 2761 nionis
2571 2716 2717 2761 cum
2765 2717 3027 2779 corpore
3072 2707 3138 2762 et
3178 2700 3501 2782 sanguine
3548 2703 3816 2769 Domini
3856 2702 4058 2769 nostri
4095 2701 4245 2768 Iesu

2312 2782 2584 2847 Christi.
2674 2780 2838 2847 Saul
2906 2783 3129 2866 itaque
3208 2785 3591 2854 existimans
3649 2787 3972 2854 Davidem
4026 2787 4249 2853 abesse

2313 2878 2581 2950 propter
2624 2866 2819 2932 talem
2863 2866 3143 2950 aliquam
3182 2868 3455 2954 legalem
3495 2874 3956 2959 impuritatem,
4000 2872 4248 2938 nullam

2315 2956 2466 3019 fecit
2508 2954 2649 3018 eius
2693 2955 3110 3038 mentionem,
3159 2975 3239 3020 ne
3283 2958 3340 3021 si
3382 2958 3708 3039 pollutum
3753 2959 4096 3024 advocaret
4139 2958 4246 3022 de·

2315 3039 2544 3105 doeore
2607 3037 2863 3104 afficere
2930 3039 3098 3106 velle
3162 3039 3534 3109 videretur:
3601 3043 3714 3110 sed
3780 3045 3848 3108 in
3915 3054 4246 3127 posterum

2315 3126 2485 3190 diem
2531 3122 2790 3189 distulit
2832 3144 2958 3207 quo
2993 3146 3124 3192 non
3162 3148 3304 3195 esse
3343 3130 3623 3212 amplius
3661 3129 3813 3195 huic
3847 3128 4249 3195 excusationi

2315 3212 2527 3277 locum
2595 3210 2855 3277 sciebat.
2945 3210 3115 3276 Nam
3172 3213 3285 3297 qui
3342 3216 3435 3282 sic
3486 3215 3916 3299 polluebatur,
3991 3223 4249 3279 tantum

2316 3298 2548 3381 viginti
2616 3307 2893 3379 quatuor
2960 3298 3270 3365 horarum
3341 3306 3551 3385 spatio
3621 3301 3904 3383 pollutus
3960 3310 4116 3376 erat,
4184 3309 4251 3364 et

2316 3383 2549 3448 deinde
2594 3383 3057 3465 purificabatur
3091 3396 3365 3453 externo
3400 3406 3604 3469 aquae
3641 3386 3934 3452 lavacro:
3979 3384 4252 3450 minime

2315 3468 2578 3552 quidem
2638 3468 2810 3551 quod
2870 3468 3184 3552 pollutam
3240 3481 3305 3536 et
3349 3472 3675 3555 impuram
3718 3472 4003 3536 animam
4049 3489 4253 3554 aquae

2313 3555 2481 3621 levis
2525 3554 2855 3637 adspersio
2898 3555 3277 3621 mundaret:
3323 3558 3435 3623 sed
3481 3568 3554 3621 ut
3599 3566 3969 3640 peccatores
4015 3577 4252 3641 agnos-

2315 3653 2538 3705 cerent
2577 3660 2649 3703 se
2683 3660 2845 3722 opus
2879 3639 3119 3707 habere
3156 3643 3554 3726 praescripta
3590 3663 3628 3707 a
3663 3643 3807 3708 Dec
3842 3662 3931 3724 pu
4055 3642 4250 3709 tione.

2314 3727 2459 3791 Hoc
2525 3745 2679 3790 vero
2744 3736 3050 3809 tempore,
3117 3749 3316 3810 quum
3385 3727 3626 3812 legales
3676 3727 3828 3794 illae
3874 3749 3982 3793 um
4030 3749 4143 3794 rae
4186 3740 4254 3793 et

2314 3811 2753 3876 caeremoniae
2831 3813 2965 3877 sint
3029 3813 3327 3891 abolitae,
3406 3836 3540 3879 non
3607 3823 3912 3880 tenemur
3973 3814 4252 3896 amplius

2315 3898 2576 3962 illarum
2611 3898 3097 3963 observatione:
3142 3920 3344 3981 quare
3380 3900 3784 3982 papistarum
3822 3899 4251 3965 intolerabilis

2312 3993 2412 4049 est
2472 3982 2738 4048 inimica
2794 3982 2907 4048 illa
2951 3983 3241 4050 lustralis
3284 4005 3488 4068 aquae
3532 3985 3903 4052 veneratio:
3969 4005 4135 4067 quae
4178 3984 4247 4049 in

2315 4069 2517 4153 ipsius
2577 4068 2701 4134 Dei
2758 4070 3215 4135 contumeliam
3274 4069 3465 4148 cedit,
3525 4081 3591 4136 et
3643 4071 3857 4136 omnis
3916 4070 4250 4152 religionis

2313 4155 2440 4221 alia
2482 4153 2869 4219 adulteratio
2914 4166 3030 4231 est,
3077 4157 3384 4238 quoniam
3419 4156 3813 4222 indaismum
3851 4157 4039 4238 sapit,
4088 4154 4248 4218 tales

2311 4241 2671 4307 ablutiones
2728 4240 2799 4304 in
2855 4241 3377 4309 christianimnm
3439 4242 3767 4307 invehere.
3854 4241 4025 4305 Nam
4084 4240 4249 4305 scire

2312 4326 2621 4393 debemus
2668 4346 2785 4390 nos
2830 4345 2959 4391 non
3007 4347 3191 4411 posse
3240 4329 3586 4410 purificari,
3635 4328 3759 4391 nisi
3806 4323 3947 4390 Deo
3990 4344 4111 4391 nos
4145 4324 4245 4389 in-

2313 4414 2514 4477 terius
2572 4411 2851 4488 lavante,
2910 4413 3093 4478 cuius
3148 4414 3491 4478 lavationis
3551 4426 3896 4478 externum
3957 4411 4245 4476 testimo-

2313 4499 2495 4564 nium
2565 4495 2877 4562 habemus
2942 4498 3008 4563 in
3076 4499 3430 4581 baptismo:
3498 4510 3565 4563 et
3631 4498 3929 4561 novimus
3984 4517 4243 4562 omnem

2313 4593 2601 4648 nostram
2657 4584 3009 4665 puritatem
3057 4586 3124 4649 in
3169 4586 3487 4669 sanguine
3536 4582 3801 4647 Domini
3846 4583 4053 4653 nostri
4102 4581 4245 4647 lesu

2313 4668 2560 4736 Christi
2606 4689 2745 4733 esse
2787 4670 3081 4751 positam.
3173 4669 3305 4737 Sed
3349 4669 3476 4734 alia
3511 4668 3634 4732 fuit
3668 4675 3798 4731 tem
3890 4688 4037 4732 rum
4078 4668 4245 4751 pris·

2310 4776 2532 4821 corum
2572 4754 2756 4835 ratio,
2801 4756 3039 4837 quibus
3072 4756 3265 4821 certis
3301 4752 3683 4821 ceremoniis
3720 4766 3787 4818 et
3833 4753 4246 4818 avationibus

2312 4841 2589 4925 populus
2636 4841 2898 4907 Israelis
2942 4840 3484 4925 adstringebatur.

2483 4927 2732 4991 Idcirco
2778 4927 2981 5010 igitur
3016 4926 3177 4993 Saul
3214 4923 3528 5008 postridie
3561 4923 3881 4989 novilunii
3922 4924 4246 4990 Davidem

2313 5013 2616 5095 requirit:
2668 5033 2859 5095 quem
2908 5012 3312 5077 Ionathanus
3356 5021 3432 5075 ut
3464 5010 3853 5095 promiserat
3887 5010 4245 5090 excusavit,

2313 5098 2515 5164 ivisse
2574 5098 2880 5163 nimirum
2943 5096 3441 5164 Bethlehemam
3499 5116 3706 5179 usque
3763 5095 3980 5162 natale
4036 5096 4247 5162 solum

256 5194 460 5253 tatem
547 5183 910 5266 requirere.
1001 5183 1191 5262 Nam,
1258 5193 1330 5247 ut
1393 5182 1485 5246 ait
1550 5180 1821 5246 Paulus:
1897 5181 2213 5266 Quisquis
2317 5183 2398 5250 ad
2479 5183 2871 5249 sacrificium
2951 5204 3244 5250 annuum
3325 5182 3767 5247 domesticum.
3853 5182 4023 5247 'Dum
4093 5201 4253 5248 vero

3703 5281 3806 5337 24·
