5059 6059
795 325 916 389 371

800 513 1169 579 divinarum
1225 512 1740 595 promissionum,
1801 520 1866 578 et
1907 533 2022 596 spe
2065 512 2134 577 in
2185 515 2541 579 Dominum
2587 535 2737 579 nos-

2404 324 2815 391 HOMILIA
2856 324 3184 390 LXXVI.

4621 325 4711 388 372

2843 513 3066 578 videri.
3156 512 3562 578 Ionathanus
3604 512 3806 597 igitur
3849 511 4034 576 illum
4079 511 4170 576 ibi
4216 510 4393 575 iubet
4438 512 4632 593 latere,
4670 528 4722 577 et

803 610 979 663 trum
1043 599 1262 664 Iesum
1320 597 1683 676 Christum,
1756 597 1939 664 cuius
2000 598 2215 665 David
2274 611 2418 665 erat
2474 599 2733 684 figura?
2836 599 2908 663 in
2955 600 3221 664 tertium
3262 619 3466 681 usque
3510 597 3681 663 diem
3718 597 4045 663 novilunii
4079 596 4342 681 signum
4378 610 4720 680 exspectare,

799 684 943 749 Iam
1003 706 1155 751 vero
1214 683 1691 766 praeterierunt
1744 685 2067 762 tenebrae,
2139 696 2205 749 et
2263 705 2394 749 non
2451 685 2731 768 amplius

797 769 977 835 locus
1023 779 1121 835 est
1163 769 1412 835 umbris
1449 768 1579 834 illis
1618 779 1684 834 et
1717 769 1975 854 figuris:
2023 769 2135 835 sed
2165 770 2492 836 Dominus
2517 779 2738 837 noster

799 854 988 921 Iesus
1054 854 1380 935 Christus,
1442 857 1554 939 qui
1619 865 1796 923 certa
1850 854 1965 919 lux
2023 865 2123 919 est
2179 864 2247 920 et
2289 857 2556 935 iustitia,
2618 877 2736 921 nos

799 961 998 1024 supra
1055 962 1161 1006 res
1215 962 1438 1005 omnes
1495 949 1746 1006 creatas
1804 940 2061 1024 attollit,
2127 962 2328 1024 quum
2389 962 2465 1006 ea
2521 942 2737 1025 gratia

799 1025 1125 1111 dignatur,
1186 1035 1262 1090 ut
1305 1034 1501 1092 testes
1545 1047 1701 1092 suae
1744 1026 1990 1110 gloriae
2035 1026 2369 1108 producat,
2428 1035 2495 1091 et
2540 1025 2736 1091 verbo

799 1124 920 1177 suo
965 1112 1384 1177 autoritatem
1427 1113 1744 1178 conciliet.
1835 1112 2056 1176 Nosne
2099 1133 2253 1195 ergo
2299 1114 2632 1195 segniores
2674 1121 2740 1177 et

798 1198 1170 1283 ignaviores
1244 1196 1608 1263 Ionathano
1672 1196 2142 1279 praebebimus,
2224 1198 2334 1280 qui
2393 1199 2739 1263 veritatem

797 1282 1116 1348 habemus
1152 1282 1336 1347 cuius
1373 1283 1483 1348 ille
1519 1290 1772 1347 tantum
1812 1282 2091 1347 habebat
2127 1282 2451 1366 figuram?
2497 1283 2735 1349 Nonne

799 1368 1222 1433 metuendum
1266 1388 1351 1432 ne
1390 1377 1639 1433 tantam
1685 1368 2022 1450 ignaviam
2066 1369 2251 1434 Deus
2296 1390 2552 1434 summo
2590 1369 2731 1433 iure

800 1455 1172 1532 ulciscatur,
1236 1461 1304 1518 et
1367 1452 1609 1536 duplici
1669 1452 1978 1520 dedecore
2039 1455 2475 1532 involvamur,
2537 1476 2735 1537 quum

802 1538 1197 1605 horrendam
1270 1539 1881 1604 condemnationem
1947 1541 2335 1623 accipiemus
2402 1548 2555 1604 ante
2623 1540 2737 1603 tri-

801 1625 1000 1690 bunal
1046 1625 1175 1689 Dei
1218 1625 1287 1689 in
1332 1625 1449 1689 filii
1494 1625 1698 1707 ipsius
1742 1624 2068 1708 persona?

973 1710 1275 1793 Denique
1321 1710 1582 1775 tandem
1628 1711 1954 1793 expressis
1995 1711 2416 1775 iureiurando
2455 1708 2738 1775 foederis

803 1812 867 1862 et
957 1797 1278 1861 amicitiae
1355 1796 1831 1861 conditionibus
1912 1795 2323 1862 Ionathanus
2396 1797 2739 1879 rationem,

801 1903 997 1966 quam
1056 1882 1125 1946 in
1185 1882 1458 1948 certiore
1501 1882 1790 1947 faciendo
1836 1880 2094 1948 Davide
2133 1880 2214 1946 de
2259 1883 2463 1963 patris
2507 1882 2739 1947 volun-

803 1977 938 2033 tate
982 1979 1379 2050 sequuturus
1430 1968 1534 2046 sit,
1578 1967 1805 2049 aperit,
1854 1988 2102 2049 nempe,
2148 1987 2217 2031 se
2255 1966 2358 2031 die
2396 1966 2737 2048 novilunii,

802 2074 930 2137 quo
975 2074 1214 2119 vacua
1207 2052 1348 2117 erit
1393 2053 1670 2118 Davidis
1712 2052 1931 2130 sessio,
1992 2053 2484 2117 observaturum
2529 2055 2736 2135 patris

804 2160 960 2226 erga
1001 2140 1216 2238 ipsum
1265 2138 1682 2218 voluntatem,
1741 2144 1808 2202 et
1852 2138 1931 2201 de
1975 2137 2219 2216 eadem,
2265 2140 2453 2223 signo
2499 2139 2737 2220 aliquo,

801 2226 881 2290 de
937 2247 1063 2308 quo
1122 2225 1297 2289 inter
1351 2224 1526 2306 ipsos
1580 2224 1904 2301 convenit,
1987 2224 2329 2289 certiorem
2390 2224 2734 2290 facturum.

800 2311 989 2388 Nam,
1048 2319 1122 2375 ut
1179 2317 1331 2374 ante
1391 2308 1693 2385 diximus,
1753 2330 1944 2374 nemo
2006 2331 2073 2373 se
2130 2308 2410 2373 Davidis
2454 2310 2734 2375 amicum

800 2396 1078 2461 audebat
1122 2396 1426 2478 profiteri,
1486 2416 1569 2460 ne
1615 2396 1693 2458 de
1740 2394 1876 2458 vita
1920 2394 2413 2477 periclitaretur.
2506 2395 2735 2474 Quan-

801 2481 886 2546 tis
944 2481 1147 2564 igitur
1191 2480 1477 2562 undique
1520 2494 1923 2562 premeretur
1965 2479 2371 2544 Ionathanus
2417 2481 2735 2563 angustiis

802 2575 1088 2650 apparet,
1147 2571 1214 2629 et
1256 2574 1474 2629 tamen
1519 2565 1822 2631 servandi
1871 2565 2189 2630 Davidem
2237 2566 2493 2631 invenit
2537 2566 2731 2631 ratio·

802 2673 974 2716 nem.
1019 2650 1166 2732 Quo
1202 2651 1508 2715 docemur
1547 2651 1758 2716 Deum
1796 2650 2157 2716 indubitate
2181 2650 2367 2717 nobis
2389 2651 2732 2717 consilium

799 2737 869 2801 in
951 2735 1145 2801 rebus
1223 2736 1437 2801 dubiis
1515 2745 1582 2799 et
1644 2737 1943 2821 angustis
2009 2738 2583 2818 suppeditaturum
2651 2736 2732 2802 ad

800 2821 1125 2906 quaelibet
1166 2821 1435 2886 vitanda
1470 2822 1774 2904 pericula,
1817 2822 1948 2886 nisi
1983 2822 2278 2888 socordia
2317 2822 2521 2886 nimia
2558 2823 2731 2906 turpi

800 2920 864 2972 et
899 2908 1168 2992 ignavia
1212 2906 1600 2974 laboremus.
1646 2908 1813 2972 Nam
1852 2907 1966 2974 ubi
2006 2907 2109 2972 vel
2144 2908 2487 2972 minimum
2524 2908 2733 2991 impe·

799 2993 1158 3059 dimentum
1217 2995 1517 3070 occurrit,
1578 2993 1918 3076 repentino
1963 3003 2146 3058 metu
2189 2993 2282 3058 sic
2326 3013 2733 3076 occupamur,

798 3090 873 3145 ut
925 3081 994 3144 in
1039 3080 1255 3145 Deum
1303 3078 1603 3167 fiduciam
1647 3100 1962 3162 reponere
2008 3101 2138 3144 non
2181 3078 2611 3159 recordemur,
2671 3093 2736 3143 et

799 3165 869 3230 in
912 3187 1019 3230 res
1063 3174 1440 3246 praesentes
1484 3175 1550 3230 ct
1593 3176 1746 3230 ante
1789 3164 2011 3230 oculos
2054 3165 2475 3230 obversantes
2522 3165 2735 3248 magis

799 3251 1036 3317 intenti
1104 3251 1328 3315 simus.
1419 3249 1591 3331 Quid
1663 3249 1857 3330 enim,
1932 3249 2222 3327 dicimus,
2293 3251 2403 3316 fiet
2445 3251 2635 3315 nobis
2681 3250 2738 3315 si

802 3336 1104 3401 omnibus
1139 3335 1445 3402 remediis
1482 3334 1946 3401 destituimur?
1996 3339 2087 3401 At
2119 3336 2175 3402 si
2201 3336 2449 3402 sincero
2480 3336 2737 3411 affectu,

803 3432 868 3487 et
909 3443 1070 3489 vera
1114 3420 1239 3485 fide
1281 3422 1354 3485 in
1401 3423 1527 3486 Dei
1573 3422 1842 3486 verbum
1880 3430 1947 3484 et
1982 3430 2396 3505 praeceptum
2435 3422 2738 3504 respicia-

803 3528 968 3586 mus,
1027 3518 1278 3573 certum
1337 3516 1438 3572 est
1494 3509 1706 3590 ipsum
1751 3506 1940 3571 nobis
1984 3508 2142 3572 satis
2185 3506 2433 3572 consilii
2478 3517 2545 3572 et
2585 3528 2739 3590 pru·

804 3592 1061 3657 dentiae
1100 3592 1179 3656 ad
1218 3611 1336 3657 nos
1361 3591 1672 3658 adversus
1697 3591 1914 3658 hostes
1936 3591 2258 3675 quoslibet
2280 3591 2739 3675 defendendos,

807 3699 1010 3760 quum
1055 3678 1146 3740 ita
1189 3680 1541 3744 necessitas
1586 3678 1957 3761 postulabit,
2019 3678 2613 3762 suppeditaturum:
2675 3686 2743 3741 et

806 3783 935 3846 qua
989 3763 1104 3827 vix
1160 3765 1508 3846 apparebat
1550 3774 1866 3846 angustus
1909 3765 2147 3846 exitus,
2208 3765 2405 3828 latam
2451 3764 2628 3829 viam
2676 3771 2742 3827 et

806 3847 1064 3913 facilem
1109 3847 1532 3913 redditurum.
1622 3849 2020 3915 Ionathanus
2063 3851 2247 3931 queri
2295 3850 2580 3931 profecto
2627 3870 2740 3932 po-

806 3941 978 3997 terat
1034 3933 1287 3998 nullum
1346 3936 1467 3999 sibi
1526 3934 1725 3999 fidum
1790 3955 2129 4000 occurrere
2173 3935 2570 4017 ministrum,
2639 3937 2743 4001 cui

806 4019 1243 4085 committeret
1286 4040 1364 4084 ea
1405 4020 1635 4102 quibus
1679 4020 1899 4085 David
1941 4022 2175 4087 certior
2213 4023 2394 4087 fieret
2420 4019 2746 4099 de,Saulis

815 4105 1164 4182 voluntate,
1210 4124 1286 4168 ac
1326 4126 1394 4170 se
1436 4105 1702 4187 proinde
1747 4126 2075 4184 excusare,
2134 4108 2272 4171 fore
2315 4107 2629 4171 nimirum
2676 4115 2749 4170 ut

815 4192 869 4257 si
914 4192 1053 4274 ipse
1098 4190 1178 4255 ad
1223 4190 1544 4255 Davidem
1593 4190 2028 4273 egrederetur,
2089 4203 2154 4256 et
2198 4203 2497 4256 mutuum
2545 4194 2748 4274 ipsius

818 4297 967 4342 cum
1001 4274 1257 4341 Davide
1296 4277 1688 4359 colloquium
1719 4288 1906 4358 pater
1930 4278 2496 4355 animadverteret,
2541 4278 2749 4361 capite

820 4364 1243 4445 plecteretur:
1304 4374 1756 4428 verumtamen
1799 4364 1977 4428 iubet
2021 4375 2195 4428 certo
2239 4363 2379 4427 loco
2423 4362 2745 4427 Davidem

818 4447 1190 4528 subsistere,
1249 4457 1314 4512 et
1372 4450 1463 4514 sic
1520 4449 1737 4512 omnia
1782 4448 2079 4530 disponit,
2147 4461 2221 4513 ιιι
2263 4469 2369 4512 res
2418 4449 2607 4529 plane
2653 4448 2746 4512 lu·

821 4533 1033 4599 dieras
1076 4533 1183 4598 hic
1225 4535 1363 4617 geri
1409 4534 1668 4599 dixeris.
1760 4534 1858 4598 Tu
1895 4535 2146 4608 sedebis,
2192 4534 2424 4617 inquit,
2471 4534 2557 4598 ad
2591 4533 2751 4615 lapi-

821 4620 959 4685 dem
1000 4620 1105 4683 cui
1145 4639 1370 4684 nomen
1403 4625 1489 4685 est
1524 4619 1692 4702 Esel‚
1738 4625 1793 4683 et
1825 4620 1914 4684 ibi
1947 4619 2167 4684 latebis
2200 4621 2384 4685 donec
2407 4619 2753 4700 perfectum

821 4706 904 4769 sit
980 4705 1230 4787 siynum
1303 4707 1376 4770 de
1439 4727 1558 4787 quo
1625 4706 2028 4771 convenimus,
2118 4703 2403 4786 Quidam
2471 4703 2750 4787 lapidem

820 4790 1008 4854 illum
1075 4790 1595 4873 interpretantur
1652 4790 1849 4856 fuisse
1905 4790 2165 4873 signum
2224 4790 2609 4855 collocatum
2672 4791 2753 4855 ad

821 4878 950 4940 iter
995 4877 1355 4943 viatoribus
1391 4876 1908 4941 monstrandum.
1995 4876 2132 4941 Alii
2170 4877 2519 4941 terminum
2558 4877 2754 4941 fuisse

824 4972 1076 5046 putant,
1146 4961 1621 5046 distinguendis
1688 4973 1755 5027 et
1809 4960 2187 5044 separandis
2245 4963 2753 5027 haereditatibus

824 5047 1122 5147 positum.
1212 5047 1343 5115 Sed
1388 5051 1690 5113 existimo
1737 5049 1933 5115 fuisse
1968 5060 2210 5114 certam
2249 5047 2573 5130 quandam
2613 5069 2756 5129 spe-

822 5153 989 5209 cum,
1049 5134 1118 5196 in
1176 5154 1304 5217 qua
1347 5133 1566 5201 David
1611 5135 1812 5199 latere
1855 5136 1948 5200 sic
1989 5134 2289 5216 potuerit,
2351 5140 2421 5197 ut
2463 5143 2752 5216 praeter-

822 5226 1050 5284 euntes
1135 5219 1498 5305 intelligere
1564 5230 1792 5304 posset,
1871 5221 2013 5302 ipse
2079 5240 2232 5286 vero
2291 5216 2372 5283 ab
2428 5219 2559 5284 illis
2620 5242 2750 5284 non

2841 703 2972 767 quo
3030 684 3375 751 certiorem
3417 683 3602 749 illum
3649 683 3847 749 faciat
3888 682 3969 749 de
4013 692 4284 765 paterna
4330 682 4683 748 voluntate'
4670 705 4720 748 ιιι

2839 771 3073 853 ipsum,
3121 781 3186 835 et
3231 769 3472 835 indicet
3515 770 3685 835 sitne
3728 779 4067 846 venturus,
4113 789 4195 833 an
4242 787 4396 833 non.
4482 768 4583 832 Ex
4617 770 4724 850 qui·

2802 856 2963 921 -bus
3007 864 3277 938 apparet
3320 854 3489 938 quod
3535 863 3689 920 ante
3735 854 4089 931 docuimus,
4155 853 4587 918 Ionathanum
4626 854 4725 917 Da·

2840 941 3012 1008 vidis
3060 942 3259 1008 vitam
3296 961 3453 1007 suae
3485 940 3871 1023 paetulisse:
3917 940 4086 1023 quod
4124 939 4323 1005 sciret
4356 938 4566 1004 Deum
4597 939 4728 1001 velle

2839 1026 3054 1109 ipsum
3122 1026 3437 1126 attollere,
3503 1036 3568 1091 et
3630 1027 3704 1090 in
3767 1026 4015 1110 regiam
4082 1024 4469 1123 dignitatem
4516 1024 4730 1088 efferre:

2842 1133 3006 1195 quae
3049 1113 3385 1195 persuasio
3430 1110 3510 1177 de
3555 1110 3778 1178 divina
3822 1112 4157 1176 voluntate
4196 1112 4269 1174 in
4315 1110 4524 1192 ipsius
4561 1110 4731 1173 animo

2840 1205 2978 1262 tam
3037 1199 3167 1263 alte
3223 1196 3440 1262 defixa
3496 1205 3614 1276 est,
3670 1203 3748 1262 ut
3790 1217 4127 1280 nunquam
4176 1194 4520 1272 vacillarit,
4569 1215 4733 1276 neque

2842 1303 3130 1383 unquam
3173 1284 3245 1348 in
3290 1283 3701 1366 blasphemas
3746 1282 3911 1347 ullas
3956 1282 4274 1347 adversus
4330 1281 4549 1345 Deum
4585 1300 4731 1345 voca

2841 1369 3162 1468 eruperit·
3218 1368 3333 1434 sed
3393 1377 3622 1434 contra
3664 1369 3920 1434 fortiter
3962 1367 4266 1434 omnibus
4315 1364 4737 1431 tentationibus

2841 1454 3174 1531 restiterit,
3257 1454 3492 1537 quibus
3557 1453 3859 1536 impediri
3922 1464 4197 1539 poterat,
4278 1472 4362 1517 ne
4430 1472 4504 1517 se
4562 1471 4735 1516 coram

2845 1539 3102 1604 Davide
3148 1505 3544 1604 bumiliaret.
3633 1539 3781 1605 Hoc
3825 1560 3942 1605 nos
3989 1539 4173 1605 decet
4216 1538 4594 1620 exemplum
4629 1536 4738 1599 imi·

2843 1626 2987 1704 tari,
3046 1633 3113 1690 et
3155 1646 3231 1690 eo
3275 1624 3657 1709 diligentius
3700 1625 3917 1691 Deum
3963 1625 4236 1725 precari,
4290 1632 4366 1687 ut
4413 1622 4596 1688 nobis
4632 1622 4739 1685 ani·

2841 1729 3023 1774 mum
3060 1719 3127 1775 et
3164 1712 3335 1776 vires
3369 1711 3672 1789 sufficiat,
3713 1718 3786 1776 ut
3822 1732 4021 1795 quum
4059 1709 4480 1774 imminentia
4500 1706 4739 1790 pericula

2840 1795 3331 1878 conspiciemus,
3389 1816 3721 1878 nunquam
3766 1799 3860 1862 ita
3904 1807 4286 1871 terreamur,
4354 1794 4517 1878 quin
4560 1792 4683 1857 ad
4669 1814 4741 1872 ip·

2841 1902 2986 1946 sum
3028 1889 3097 1946 et
3129 1881 3449 1946 auxilium
3485 1883 3706 1964 ipsius,
3753 1903 4011 1965 semper
4047 1880 4525 1964 confugiamus.
4588 1877 4740 1959 Quod

2843 1968 2895 2031 si
2958 1966 3200 2032 nostris
3261 1968 3497 2032 animis
3541 1967 3844 2047 haeserit,
3909 1978 4163 2033 certum
4208 1976 4306 2032 est
4349 1966 4571 2029 Deum
4611 1964 4745 2028 dona

2842 2051 3031 2118 donis
3074 2053 3587 2118 cumulaturum.
3646 2063 3712 2118 et
3754 2074 3956 2136 quum
4003 2052 4175 2119 vires
4219 2051 4479 2117 dederit
4521 2050 4596 2115 ad
4634 2049 4743 2112 offi-

2841 2140 3014 2203 cium
3072 2137 3458 2213 faciendum,
3518 2138 3713 2203 etiam
3758 2140 3933 2204 viam
3980 2157 4107 2221 qua
4149 2159 4230 2203 ex
4275 2136 4587 2221 periculis
4624 2154 4745 2199 eva·

2840 2222 3071 2288 damus
3116 2236 3514 2306 apert-urum,
3586 2233 3661 2289 ιιι
3706 2224 3871 2289 nihil
3915 2236 4046 2289 tam
4094 2224 4371 2289 arduum
4424 2222 4517 2287 sit
4556 2233 4617 2287 et
4654 2219 4747 2283 dil·

2840 2308 3025 2386 ficile‚
3072 2309 3240 2391 quod
3289 2330 3416 2374 non
3458 2308 3645 2375 facile
3690 2330 4090 2393 superemus.

3008 2359 3152 2460 'Iam
3206 2415 3354 2460 vero
3398 2395 3590 2479 agite,
3637 2400 3742 2460 etc.

3348 2909 3838 2989 HOMILIA
3890 2910 4266 2991 LXXVI.

3014 3164 3115 3227 24.
3174 3164 3592 3230 Absconditus
3645 3169 3732 3228 est
3774 3185 3918 3247 erqo
3970 3164 4187 3230 David
4230 3166 4298 3229 in
4346 3187 4528 3248 aym,
4587 3170 4637 3228 et
4670 3184 4750 3225 ce·

2841 3255 3065 3316 nerum
3107 3250 3417 3332 calendae,
3477 3255 3535 3313 et
3575 3251 3734 3315 sedit
3773 3270 3885 3314 res:
3928 3251 4015 3315 ad
4056 3253 4501 3317 comedendum
4534 3270 4749 3331 panem.

2843 3337 2945 3401 25.
3019 3336 3341 3416 Quumque
3405 3335 3661 3401 sedisset
3722 3355 3837 3400 rex
3901 3356 4092 3418 super
4154 3336 4526 3403 cathedram
4583 3355 4752 3401 suom

2840 3423 3175 3487 secundum
3232 3421 3748 3503 consuetudinem,
3808 3441 3967 3502 quae
4022 3428 4157 3486 erat
4217 3423 4405 3487 iuxta
4457 3421 4751 3505 paridem,

2841 3507 3120 3573 surremit
3162 3506 3486 3585 Ionatham,
3534 3511 3588 3570 et
3630 3507 3786 3572 sedit
3829 3505 4041 3572 Abner
4084 3528 4161 3571 ex
4204 3509 4403 3573 latere
4451 3506 4629 3587 Saul,
4670 3529 4751 3569 vc·

2843 3613 3113 3675 cetusque
3169 3593 3474 3673 apparuit
3532 3592 3696 3657 locus
3752 3590 3990 3658 David.
4078 3592 4183 3657 26.
4228 3592 4318 3657 Et
4369 3614 4506 3659 non
4558 3600 4645 3657 est
4689 3592 4751 3652 Ιο-

2843 3684 3073 3761 quadus
3141 3677 3301 3742 Saul
3364 3678 3707 3758 quidquam
3770 3678 3843 3741 in
3904 3678 4007 3743 die
4061 3678 4208 3744 illa:
4260 3681 4590 3760 coquebat
4628 3678 4757 3742 eain·

2844 3763 3208 3929 {ikssessm
3236 3765 3764 3929 {35³”⁶5{,⁶5„⁶g,¹;‘
3785 3770 4132 3914 ιῖιΐφιὲἶῗι
4152 3767 4635 3917 scritate
4644 3783 4757 3929 ἐξ

2847 3935 3150 4013 calendas,
3206 3955 3437 3999 rursus
3487 3937 3787 4015 apparuit
3838 3935 4002 4000 locus
4057 3956 4293 4001 vacuus
4334 3936 4579 4003 David.
4658 3933 4755 3999 Di»-

2848 4023 3059 4102 oeitque
3120 4019 3278 4084 Saul
3332 4021 3418 4085 ad
3464 4020 3783 4085 Ionathan
3821 4021 4023 4102 filium
4067 4041 4289 4086 suum.-
4352 4022 4492 4087 Gur
4535 4042 4651 4087 non
4684 4040 4755 4083 ce-

2849 4108 2942 4171 nit
3001 4106 3179 4187 filius
3245 4101 3388 4170 Isai
3450 4126 3559 4170 nec
3622 4106 3779 4184 heri,
3844 4126 3951 4171 nec
4015 4107 4194 4171 hodie
4256 4109 4342 4172 aa
4403 4108 4750 4174 vesoendem

2852 4193 2953 4258 28.
3000 4191 3101 4256 29.
3144 4191 3597 4290 Responditqne
3633 4155 3935 4257 Iont’zthas
3972 4191 4190 4256 Sauli:
4236 4193 4517 4275 Royavit
4557 4213 4645 4257 me
4678 4189 4753 4253 cb·

2849 4280 2999 4343 nixe
3039 4283 3109 4341 ut
3149 4277 3269 4341 iret
3309 4277 3377 4341 in
3422 4276 3797 4342 Bethlehem.
3888 4277 3975 4342 Ει
4009 4279 4131 4342 ait:
4174 4278 4443 4344 Dimitte
4478 4299 4609 4343 mc.-
4642 4295 4754 4358 quo-

2850 4366 3025 4427 niam
3067 4362 3446 4442 sacrificium
3487 4364 3733 4428 solenne
3775 4369 3865 4429 est
3904 4365 3975 4428 in
4016 4364 4279 4447 civitate,
4324 4385 4502 4429 unus
4541 4367 4614 4429 de
4647 4363 4749 4443 fra³

2851 4449 3049 4513 tribus
3091 4448 3245 4512 meis
3287 4449 3605 4513 accersivit
3645 4469 3767 4513 me:
3808 4470 3972 4515 nunc
4002 4469 4147 4531 erqo
4178 4452 4238 4513 si
4273 4451 4493 4515 inveni
4512 4450 4751 4532 mm

2850 4536 2924 4599 in
2966 4533 3159 4600 oculis
3202 4535 3346 4609 tuis,
3392 4534 3621 4598 vadam
3663 4535 3798 4615 cito,
3843 4542 3900 4600 et
3942 4534 4154 4600 videbo
4187 4535 4428 4616 fratres
4462 4555 4641 4601 meos.
4685 4528 4750 4595 Ob

2854 4619 3014 4685 hanc
3055 4639 3311 4684 causam
3353 4640 3477 4684 non
3511 4621 3673 4685 venit
3707 4621 3793 4686 ad
3826 4641 4101 4685 mensam
4135 4620 4750 4703 reyes.30.1ratas

2854 4711 3053 4770 autem
3112 4703 3271 4770 Saul
3328 4706 3627 4770 adversus
3684 4707 4018 4785 Ionatham
4075 4707 4242 4771 dixit
4297 4706 4595 4773 05:10'510·
4644 4723 4749 4767 mu-

2855 4791 3030 4856 lieris
3072 4792 3278 4855 virum
3323 4791 3485 4856 ultro
3525 4792 3849 4873 rapienti&
3894 4793 4194 4873 nunquid
4238 4793 4466 4874 iynoro
4504 4793 4648 4874 quic
4675 4788 4749 4853 di-

2854 4877 3004 4958 liyis
3052 4876 3257 4958 filium
3314 4877 3459 4941 Isai
3514 4878 3585 4940 in
3636 4878 4054 4959 confusionem
4106 4882 4299 4953 tuam,
4365 4882 4423 4942 ει
4469 4879 4539 4941 in
4571 4874 4747 4954 conffl-

2853 4964 3091 5026 sionem
3172 4963 3618 5045 iqnominiosae
3690 4965 3918 5028 matris
3991 4963 4187 5028 time?
4284 4929 4392 5028 31.
4490 4959 4749 5029 Omnibus

2853 5050 3020 5112 enim
3075 5047 3292 5113 diebus
3341 5047 3567 5130 quibus
3621 5048 3800 5128 lilius
3852 5049 3999 5115 Isai
4038 5049 4263 5114 vixerit
4304 5070 4501 5130 super
4538 5054 4747 5143 ter-reu,

2854 5154 2972 5198 non
3029 5134 3372 5200 stabilieris
3426 5140 3512 5213 tu,
3571 5154 3764 5215 neque
3815 5155 4072 5218 requam
4114 5139 4324 5200 tuum:
4387 5133 4611 5216 Itaque
4644 5148 4745 5195 ιω·

2853 5239 3017 5285 nunc
3073 5222 3259 5301 mitte,
3317 5225 3371 5286 et
3425 5220 3629 5286 adduc
3680 5238 3818 5286 cum
3862 5221 3948 5286 ad
3989 5241 4101 5300 me,
4151 5222 4307 5302 quia
4344 5219 4532 5300 filius
4570 5216 4747 5283 mortis
