5059 6059
298 304 367 370 53
1557 299 1656 365 IN
1703 301 1752 366 1.
1800 300 1980 366 LIB.
2029 295 2427 369 SAMUEI„
2475 296 2674 363 OAP.
2717 297 2910 364 XIV.

294 491 675 580 quamobrem
758 490 875 556 lux
942 490 1053 557 illa
1118 491 1197 556 de
1259 510 1390 574 qua
1453 489 1701 556 Paulus
1764 489 2050 572 loquitur
2115 489 2185 555 in

293 580 482 647 anima
519 576 831 655 consistit,
874 598 1002 659 qua
1052 575 1487 643 discernimur
1516 596 1555 641 a
1593 576 1856 658 reliquis
1889 575 2185 639 animan-

294 667 441 732 tibus
486 663 694 729 omnis
729 662 1001 729 rationis
1035 670 1103 728 et
1136 660 1509 729 intellectus
1548 660 1936 744 expertibus.
1983 660 2184 738 Haec,

290 754 541 833 inquam,
600 746 941 831 praecipue
1001 749 1136 813 vita
1197 761 1418 815 nostra
1462 756 1577 824 est,
1637 767 1967 829 nunquam
2013 745 2186 829 peri-

290 848 432 910 tura,
472 835 711 916 quippe
753 833 1168 901 immortalis:
1214 832 1330 900 sed
1373 834 1576 898 vitam
1621 832 1950 914 quandam
1997 830 2188 895 babe-

287 941 412 987 mus
450 940 852 985 communem
898 939 1043 984 cum
1092 919 1346 985 bestiis:
1392 939 1559 1002 quae
1602 918 1670 982 iu
1716 939 1792 983 eo
1835 917 2043 1000 posita
2087 926 2187 982 est

287 1018 351 1073 ut
379 1004 773 1071 naturalibus
807 1003 1112 1070 omuibus
1141 1003 1632 1071 necessitatibus
1661 1003 1925 1069 obnoxii
1950 1004 2184 1081 simus,

287 1102 342 1158 et
391 1091 614 1170 cibum,
683 1100 926 1173 potum,
987 1111 1287 1156 somnum
1345 1100 1413 1155 et
1471 1089 1709 1154 similia
1767 1100 2183 1172 appetamus:

281 1199 431 1261 quae
471 1177 612 1241 vita
650 1176 961 1242 sensitiva
996 1186 1063 1241 et
1096 1175 1548 1243 substantialis
1584 1175 1973 1239 nominatur.
2021 1174 2185 1240 an-

281 1272 470 1329 terum
525 1282 728 1345 quum
775 1263 911 1327 vita
953 1282 1097 1328 esse
1136 1263 1207 1326 in
1251 1261 1572 1346 sanguine
1616 1259 1873 1341 dicitur,
1932 1260 2024 1324 ita
2067 1258 2181 1322 do-

277 1368 479 1414 cemur
546 1348 629 1411 ab
687 1348 865 1412 omni
922 1349 1196 1412 saevitia
1252 1358 1317 1412 et
1373 1344 1758 1412 crudelitate
1815 1345 2177 1421 abhorrere,

278 1436 457 1500 etiam
533 1454 690 1515 erga
754 1434 928 1516 ipsas
993 1433 1251 1499 bestias.
1340 1431 1517 1499 Sane
1581 1430 1812 1497 licebat
1878 1430 2182 1496 carnibus

2822 489 3317 577 HOMILIA
3366 490 3673 574 XLIX.

2455 656 2559 721 35.
2605 656 2979 739 Aedifieavit
3019 664 3222 725 autem
3267 659 3429 727 Saul
3469 660 3668 727 altare
3700 663 4007 730 Domino:
4049 668 4221 731 tunc·

2286 762 2401 825 que
2442 744 2634 824 eoepit
2662 744 2950 824 primum
2993 745 3319 827 aedificare
3361 747 3566 813 altare
3610 748 3890 816 Domini.
3980 749 4084 815 36.
4132 748 4221 815 Et

2286 828 2451 894 dixit
2508 827 2699 895 Saul:
2790 830 3130 897 Iro-namus
3194 852 3381 914 super
3439 832 3861 900 Philisthaeos
3916 843 4102 918 noete,
4165 839 4221 899 et

2287 918 2594 980 vastemm
2651 934 2751 981 eos
2805 935 3002 998 usque
3058 918 3207 983 dum
3265 918 3579 985 illucescat
3620 940 3817 1002 mane,
3877 942 3984 987 nec
4024 923 4217 988 relin-

2287 1020 2554 1081 quamus
2597 1021 2674 1065 ex
2716 1001 2808 1066 eis
2849 1003 3079 1083 virum,
3136 1003 3414 1086 dixitque
3443 1006 3723 1086 populus
3740 1032 3759 1071 .·
3820 1006 4014 1073 Omne
4055 1007 4217 1090 quoa

2286 1083 2506 1152 bonum
2572 1087 2814 1152 videtur
2868 1088 2939 1152 in
2995 1089 3190 1155 oculis
3232 1091 3376 1174 tuis,
3438 1090 3577 1172 fac.-
3641 1091 3730 1157 Et
3771 1092 3866 1156 ait
3897 1095 4211 1159 sacerdos:

2285 1171 2674 1239 Accedamus
2734 1172 2852 1237 huc
2912 1175 2999 1239 ad
3060 1173 3288 1241 Deum.
3376 1174 3479 1240 37.
3544 1172 3634 1240 Et
3695 1177 4000 1244 consuluit
4056 1176 4219 1244 Saul

2285 1256 2535 1323 Deum:
2600 1257 2773 1323 Nam
2804 1279 3155 1342 persequar
3191 1258 3605 1345 Philisthiim,
3661 1264 3721 1328 si
3762 1264 3971 1330 trades
4012 1285 4112 1330 eos
4146 1265 4215 1329 in

2284 1363 2512 1407 manus
2559 1343 2797 1410 Israel:
2853 1344 2963 1409 sed
3004 1366 3126 1411 non
3167 1347 3487 1427 respondit
3525 1348 3585 1412 ei
3629 1349 3697 1411 in
3741 1349 3841 1414 die
3883 1350 4018 1415 illa.
4107 1349 4209 1415 38.

2283 1426 2591 1511 Dixitque
2645 1428 2837 1494 Saul.-
2897 1429 3228 1512 Applicate
3281 1431 3399 1497 huc
3432 1433 3760 1499 universos
3801 1435 4064 1519 anyulos
4092 1456 4214 1518 po·

276 1521 429 1586 vesci
473 1519 937 1584 animantium:
982 1518 1095 1585 sed
1140 1538 1418 1601 quarum
1463 1519 1644 1581 fusus
1686 1525 1858 1582 esset
1891 1517 2179 1599 sanguis:
2274 1514 2443 1597 puli,
2501 1521 2557 1579 et
2612 1517 2836 1595 scitote,
2895 1520 2950 1579 et
2990 1518 3183 1582 videte
3213 1538 3335 1599 per
3375 1537 3554 1599 quem
3598 1520 3887 1585 aeciam:
3928 1521 4038 1589 hoc
4066 1542 4213 1603 pec-

272 1626 451 1689 quem
494 1626 578 1670 ne
622 1604 967 1688 degustare
1011 1603 1274 1688 quidem
1323 1604 1628 1685 cuiquam
1673 1602 1924 1681 licebat,
1989 1622 2070 1666 ne
2112 1603 2176 1666 in

267 1691 567 1774 pecudem
617 1690 1063 1755 transformari
1107 1690 1436 1755 videretur
1468 1688 1785 1772 sanguine
1821 1687 2177 1771 degustato.

266 1776 397 1841 Iam
475 1797 633 1841 vero
699 1775 829 1860 legi
895 1776 1155 1858 quidem
1223 1776 1330 1841 isti
1397 1794 1529 1838 non
1594 1795 1818 1839 sumus
1883 1772 2171 1838 obnoxii:

2283 1605 2486 1664 catum
2555 1599 2754 1665 hodie.
2842 1599 2944 1666 39.
3026 1602 3195 1668 Vivit
3265 1602 3580 1669 Dominus
3644 1604 3916 1671 salvator
3981 1607 4212 1686 Israel,

2281 1688 2435 1767 quia
2476 1686 2537 1751 si
2570 1707 2691 1767 per
2734 1686 3046 1751 Ionathan
3085 1688 3292 1769 filium
3332 1709 3534 1753 meum
3563 1690 3799 1772 factum
3833 1699 3938 1773 est,
3985 1692 4213 1775 absque

2282 1772 2708 1838 retractatione
2758 1774 3073 1838 morietur.
3164 1775 3273 1839 Aa
3341 1774 3505 1857 quod
3557 1775 3773 1842 nullus
3826 1779 4210 1844 contradixit

266 1864 422 1946 quod
471 1863 654 1927 Deus
697 1876 982 1926 veterem
1030 1862 1211 1926 illum
1260 1859 1569 1943 populum
1616 1859 1757 1924 istis
1794 1858 2180 1923 rudimentis
2282 1857 2341 1922 ei
2383 1877 2463 1923 ex
2504 1859 2672 1923 omni
2703 1857 2961 1939 popula
3035 1859 3138 1925 40.
3184 1858 3275 1925 Et
3314 1861 3406 1925 ait
3449 1860 3534 1926 ad
3574 1862 3932 1928 universum
3968 1863 4210 1930 Israel.-

262 1966 420 2047 quae
476 1967 718 2029 pueros
777 1945 1092 2013 decebant
1134 1946 1393 2012 erudire
1435 1944 1744 2011 voluerit:
1802 1944 1915 2011 sed
1962 1954 2177 2009 tamen
2286 1941 2692 2025 Separamim'
2749 1963 2855 2008 vos
2911 1944 2981 2008 in
3027 1950 3275 2027 partem
3317 1966 3529 2026 unam,
3586 1952 3642 2011 et
3683 1968 3788 2031 eqo
3832 1968 3968 2014 eum
4016 1950 4208 2016 Iona-

263 2056 394 2100 61116
467 2035 714 2100 veritas
785 2044 851 2097 et
922 2033 1283 2099 substantia
1348 2030 1675 2098 remansit.

1763 2029 2181 2113 Quapropter
2279 2029 2472 2094 thano
2531 2028 2667 2110 filio
2732 2048 2860 2094 meo
2924 2049 3029 2094 ero
3094 2030 3163 2095 in

3217 2037 3402 2114 Parte
3444 2032 3662 2097 attera-
3754 2032 4211 2119 Βῶψωιααᾳαε

258 2121 762 2202 quotiescunque
820 2117 1573 2201 scripturayiolentiam,
1631 2117 1783 2193 vim,
1847 2115 2076 2182 caedes
2111 2123 2184 2180 et
2272 2114 2547 2197 populus
2622 2115 2710 2180 ad
2788 2113 2980 2180 Saul.-
3052 2116 3225 2197 Quod
3287 2116 3508 2183 bonum
3570 2118 3813 2183 videtur
3876 2122 3946 2186 in
4011 2122 4209 2187 oeulis

257 2204 495 2271 similes
562 2205 840 2269 iniurias
903 2205 1225 2288 prohibet,
1306 2216 1488 2267 tanto
1555 2202 1824 2267 horrore
1888 2201 2000 2265 1116
2062 2222 2179 2265 1166

253 2291 615 2356 abominari
659 2304 958 2373 oportere
1000 2290 1298 2367 sciamus,
1343 2296 1417 2353 ut
1459 2308 1661 2370 quum
1701 2287 1805 2352 vel
1840 2286 2180 2369 sanguinis

254 2377 527 2443 effusam
590 2386 844 2460 guttam
909 2374 1228 2453 audimus,
1292 2373 1569 2438 fremere
1634 2382 1701 2439 et
1755 2372 2178 2457 ingemiscere

251 2484 364 2528 nos
398 2469 729 2547 oporteat:
769 2460 1291 2544 quandoquidem
1329 2458 1511 2524 Deus
1549 2470 1831 2523 veterem
1870 2458 2177 2540 populum

250 2548 452 2614 voluit
513 2548 874 2613 bestiarum
927 2547 1214 2630 ipsarum
1261 2545 1642 2629 sanguinem
1688 2542 2038 2623 effundere,
2103 2551 2179 2607 6ι

249 2634 329 2698 ad
392 2632 970 2699 mansuetudinem
1028 2639 1096 2697 et
1153 2632 1622 2698 humanitatem
1683 2638 1975 2694 mutuam
2018 2628 2172 2693 alio-

247 2740 389 2784 rum
467 2738 631 2803 erga
694 2718 855 2784 alios
912 2718 1296 2783 erudiretur.
1384 2716 1483 2781 Ac
1538 2735 1691 2781 sane
1748 2735 1864 2798 per
1922 2736 1992 2780 se
2043 2735 2177 2779 non

243 2804 364 2869 fuit
409 2816 550 2871 tam
599 2804 993 2889 flagitiosum
1042 2803 1424 2886 sanguinem
1470 2800 1690 2865 edere:
1738 2798 1850 2865 sed
1885 2799 2175 2865 mandati

233 2891 382 2955 finis
422 2901 491 2955 et
529 2910 768 2973 scopus
805 2889 1050 2956 crimen
1088 2888 1386 2972 augebat.
1465 2886 1716 2952 Idcirco
1754 2887 1859 2951 hic
1896 2885 2174 2970 populus

234 2977 532 3057 graviter
620 2995 915 3056 peccasse
995 2974 1231 3040 dicitur
1309 2973 1692 3072 sanguinem
1759 2968 2170 3037 comedendo.

229 3061 478 3145 Neque
533 3062 710 3125 enim
773 3059 854 3127 de
911 3060 1048 3127 sola
1092 3080 1496 3125 caeremonia
1539 3058 1644 3122 hic
1688 3058 1921 3141 agitur,
1983 3065 2051 3121 et
2095 3056 2175 3122 de

232 3148 372 3213 sola
431 3157 718 3213 externa
774 3145 1259 3211 observatione:
1322 3143 1434 3210 sed
1477 3142 1555 3207 de
1596 3142 2042 3210 caeremoniae
2087 3143 2173 3205 le-

228 3234 398 3316 galis
460 3234 603 3298 fine
662 3243 728 3296 et
771 3231 1137 3297 substantia
1181 3231 1261 3296 ad
1308 3251 1498 3313 quam
1536 3228 1719 3294 Deus
1754 3229 2036 3293 maxime
2074 3248 2172 3292 re·

224 3319 579 3402 spiciebat.
648 3317 853 3399 Quasi
898 3315 1139 3384 diceret
1181 3317 1358 3383 Deus
1401 3336 1471 3380 66
1517 3315 1638 3379 1166
1681 3314 1824 3394 lege
1865 3323 2171 3396 tanquam

225 3405 455 3470 fraeno
510 3402 683 3470 velle
725 3402 1021 3469 homines
1064 3403 1364 3480 retinere,
1409 3410 1484 3466 ut
1520 3399 1627 3465 alii
1663 3419 1812 3466 cum
1850 3399 1995 3465 aliis
2030 3400 2173 3464 sine

221 3492 496 3570 iniuria,
548 3501 616 3554 et
657 3491 799 3554 sine
844 3486 1068 3553 fraude
1105 3495 1546 3553 versarentur.
1637 3486 1978 3552 Caeterum
2017 3486 2173 3551 hinc

222 3587 508 3660 apparet
537 3574 806 3642 Saulem
849 3573 1061 3641 adhuc
1104 3574 1380 3656 aliquem
1407 3572 1530 3639 Dei
1576 3573 1875 3635 timorem
1921 3572 2172 3636 retinu-

217 3663 372 3738 isse,
439 3661 567 3744 qui
625 3660 913 3744 graviter
969 3659 1080 3724 tali
1138 3658 1357 3742 populi
1414 3667 1676 3740 peccato
1733 3657 1821 3721 sit
1860 3656 2168 3721 offensus.

216 3747 356 3814 Sed
404 3746 847 3812 nihilominus
883 3754 1103 3810 manet
1137 3745 1342 3826 ipsius
1375 3754 1730 3827 peccatum,
1775 3741 1944 3824 quod
1983 3762 2167 3807 exse·

213 3835 527 3899 oratione
598 3831 909 3916 populum
978 3830 1346 3897 obstrinxit.
1435 3828 1605 3893 Nam
1671 3828 1831 3909 quis,
1886 3827 2167 3903 obsecro,

215 3921 342 3983 fuit
419 3919 617 3984 illius
694 3918 946 3983 fructus
1024 3924 1138 3982 aut
1209 3913 1529 3980 eventus?
1623 3914 1826 3979 Miser
1892 3913 2168 3996 populus

209 4004 396 4070 fame
445 4003 835 4069 debilitatus
880 4014 1020 4068 erat
1063 4012 1126 4066 et
1170 4002 1411 4067 fractae
1454 4000 1658 4082 ipsius
1703 3998 1907 4063 vires:
1954 3997 2067 4063 sed
2112 4000 2168 4064 si

205 4091 275 4154 in
337 4091 649 4156 frustum
708 4090 891 4171 panis
950 4100 1065 4153 aut
1122 4087 1390 4152 alterius
1445 4084 1570 4150 cibi
1625 4083 1972 4163 incidisset,
2033 4104 2165 4149 non

202 4195 420 4242 ausus
505 4188 730 4240 tamen
805 4184 976 4239 esset
1033 4174 1372 4256 attingere.
1462 4171 1640 4236 Sane
1696 4171 1748 4235 si
1809 4170 2168 4253 prudenter

202 4284 445 4328 secum
479 4259 762 4326 Samuel
777 4258 840 4345 ⁴*)
874 4259 1053 4325 illius
1087 4257 1551 4323 exsecrationis
1586 4266 1891 4321 eventum
1931 4276 2168 4338 expeu-

199 4345 442 4425 disset,
495 4368 634 4412 non
683 4358 816 4409 tam
861 4345 1244 4411 temerarius
1291 4344 1536 4408 fuisset.
1623 4343 1812 4421 Nam,
1874 4353 1949 4405 ut
1992 4343 2167 4405 vide-

192 4456 374 4511 mus,
440 4432 538 4496 ad
600 4431 935 4496 vitandam
996 4428 1508 4496 exsecrationem
1566 4430 1632 4492 in
1691 4427 1874 4510 peius
1919 4427 2163 4492 malum

193 4519 475 4601 plebem
551 4516 839 4581 induxit:
900 4528 964 4581 et
1023 4519 1161 4601 ipse
1219 4514 1622 4581 Ionatbanus
1679 4513 1758 4577 de
1812 4514 1953 4577 vita
1996 4514 2160 4596 peri·

184 4605 488 4670 clitatus
565 4615 698 4679 est,
764 4622 962 4685 quam
1027 4603 1170 4668 sine
1216 4600 1419 4683 plebis
1473 4599 1934 4665 intercessione
2001 4598 2161 4664 ami-

187 4692 439 4755 sisset:
523 4687 642 4753 sed
728 4689 905 4754 Deus
950 4687 1154 4770 plebis
1211 4686 1667 4752 intercessione
1726 4683 1929 4749 voluit
1986 4693 2165 4748 tauto

181 4775 377 4842 malo
430 4774 719 4857 mederi,
764 4784 836 4839 ut
881 4788 1030 4838 ante
1075 4771 1381 4849 vidimus,
1426 4781 1493 4836 et
1528 4770 1832 4852 deinceps
1870 4770 2165 4853 pluribus

179 4862 424 4927 adhuc
477 4858 653 4924 illud
701 4879 1182 4943 persequemur.

373 4947 550 5013 Iam
595 4966 748 5012 vero
790 4965 1014 5011 coram
1056 4944 1183 5009 Dei
1235 4949 1339 5009 ete.

372 5219 444 5287 ·)
491 5216 594 5273 Sic
625 5217 808 5282 codex,
843 5218 982 5286 lcqe:
1019 5217 1168 5273 Saul.

2278 2202 2408 2266 tuis
2444 2199 2574 2283 fac.

2450 2371 2802 2455 Superiore
2846 2372 3154 2438 concione
3196 2372 3500 2455 pietatem
3547 2374 3772 2441 Saulis
3814 2375 4205 2457 audivimus,

2282 2459 2393 2541 qui
2441 2458 2754 2541 populum
2800 2479 2886 2522 ne
2922 2457 3239 2524 adversus
3284 2457 3494 2543 legem
3540 2460 3815 2543 pecudes
3859 2482 4008 2527 cum
4052 2483 4205 2528 san·

2282 2544 2480 2627 guine
2521 2542 2915 2610 comedendo
2957 2558 3254 2629 peccaret
3318 2544 3725 2612 cohibuerat:
3773 2567 3970 2631 seque
4026 2549 4092 2613 in
4131 2569 4206 2615 eo

2279 2628 2449 2696 facto
2495 2628 2755 2695 fortiter
2813 2638 3131 2714 gesserat:
3196 2629 3304 2695 hic
3360 2629 3661 2697 adiicitur
3716 2632 3903 2699 illum
3949 2645 4205 2700 exstru-

2281 2718 2452 2781 xisse
2497 2715 2783 2780 Domino
2828 2716 3033 2780 altare
3075 2714 3155 2779 ad
3202 2715 3737 2782 sacrificandum:
3781 2720 3948 2802 quod
3986 2742 4101 2803 per
4137 2741 4206 2786 se

2280 2800 2470 2866 laude
2513 2799 2784 2884 dignum
2833 2809 2957 2865 est:
3016 2800 3128 2865 sed
3175 2799 3492 2876 adiicitur,
3563 2800 3825 2869 Saulem
3871 2804 4027 2869 illud
4077 2808 4205 2888 pri·

2283 2907 2461 2952 mum
2512 2886 2718 2952 altare
2775 2887 3197 2952 exstruxisse.
3285 2884 3564 2966 Quidam
3613 2909 3765 2954 vero
3824 2891 4206 2957 existimant

2279 2972 2410 3038 illis
2467 2972 2685 3037 verbis
2740 2972 3093 3056 significari
3151 2972 3273 3037 hoc
3330 2971 3611 3054 primum
3673 2973 3875 3039 fuisse
3916 2975 4119 3043 altare
4164 2998 4205 3041 a

2283 3056 2478 3123 Saule
2542 3068 2968 3124 exstructum.
3058 3057 3265 3139 Atqui
3321 3068 3565 3123 certum
3608 3070 3709 3124 est
3751 3062 4015 3126 unicum
4062 3073 4206 3126 tan·

2281 3153 2420 3208 tum
2483 3165 2624 3209 esse
2691 3143 2895 3209 altare
2959 3144 3319 3226 oportuisse
3385 3146 3453 3208 in
3518 3145 3754 3228 populo
3819 3146 4201 3213 israelitico:

2278 3250 2477 3312 quare
2521 3228 2577 3294 61
2637 3228 2781 3312 61116
2826 3228 3093 3296 Saulem
3154 3240 3296 3293 utet
3354 3229 3542 3312 plura
3585 3232 4021 3309 exstruxisse,
4086 3246 4201 3298 aut

2277 3313 2445 3399 quod
2494 3325 2631 3379 tum
2679 3315 2859 3379 nulla
2894 3323 3113 3380 essent
3148 3327 3482 3380 exstruere
3515 3317 3820 3399 coepisse,
3868 3339 3995 3383 nou
4036 3319 4199 3384 bene

2275 3401 2621 3466 conveniet
2678 3420 2874 3482 supra
2917 3399 3135 3465 dictis:
3198 3400 3720 3484 quandoquidem
3766 3403 3893 3467 iam
3941 3426 4197 3471 sacrum

2277 3488 2516 3552 fecerat
2570 3485 2728 3551 Saul
2789 3498 3173 3569 exspectans
3217 3485 3542 3551 Samuelis
3586 3487 3959 3563 adventum,
4007 3493 4197 3573 quod,

2275 3581 2348 3636 ut
2426 3581 2580 3637 aute
2658 3571 2961 3648 diximus,
3042 3572 3182 3636 61116
3262 3572 3450 3637 altari
3517 3571 3660 3637 fieri
3730 3594 3857 3638 non
3927 3588 4195 3659 poterat.

2275 3657 2497 3739 Quare
2541 3658 2953 3723 statuendum
2998 3670 3097 3723 est
3140 3679 3263 3722 non
3312 3657 3512 3722 fuisse
3555 3658 3728 3723 istud
3775 3661 4058 3743 primum
4104 3666 4198 3728 al-

2274 3752 2415 3808 tare
2483 3764 2522 3807 a
2587 3742 2788 3808 Saule
2851 3754 3325 3808 constructum:
3400 3756 3463 3807 et
3528 3748 3929 3810 contrarium
3997 3749 4193 3815 etiam

2273 3840 2559 3912 apparet.
2648 3828 2816 3893 Nam
2879 3840 3028 3893 ante
3087 3828 3365 3894 vidimus
3422 3828 3609 3893 illum
3669 3832 3829 3897 satis
3889 3835 4110 3915 procul
4157 3856 4198 3901 a

2273 3914 2645 3980 Philistaeis
2705 3913 2927 3994 fuisse,
2986 3927 3052 3979 et
3096 3914 3568 3995 quodammodo
3613 3927 4008 3983 metuentem
4054 3920 4194 3985 illc-

2274 4022 2420 4065 rum
2466 3999 2948 4064 multitudinem
2993 4000 3393 4065 continuisse
3437 4020 3507 4063 66
3550 4000 3729 4066 intra
3770 4014 4003 4069 castra.
4050 4003 4191 4070 Iam

2271 4106 2426 4152 vero
2486 4085 2725 4150 dicitur
2776 4086 2921 4151 illos
2976 4084 3361 4168 insequutus
3415 4083 3492 4149 ad
3542 4098 3797 4153 noctem
3846 4111 4064 4172 usque,
4125 4103 4193 4155 et

2269 4170 2664 4255 percussisse
2723 4172 2964 4255 insigni
3009 4170 3202 4256 plaga
3247 4191 3286 4234 a
3333 4172 3695 4237 Michmaso
3742 4196 3945 4259 usque
3988 4175 4192 4239 Haia-

2270 4256 2503 4322 Ionem.
2595 4256 2815 4338 Quare
2878 4270 3146 4341 apparet
3211 4279 3342 4322 non
3406 4257 3533 4321 alio
3592 4258 3729 4325 loco
3787 4270 4191 4325 exstructum

2269 4345 2492 4418 altare,
2551 4363 2743 4424 quam
2802 4344 2871 4407 in
2917 4363 3042 4426 quo
3085 4344 3214 4407 iam
3261 4344 3685 4423 sacrificaret,
3744 4366 3951 4428 neque
3993 4346 4191 4411 etiam

2269 4428 2443 4494 aliud
2502 4450 2541 4492 a
2598 4429 2810 4511 priore
2865 4427 2976 4492 illo
3034 4427 3112 4493 de
3170 4450 3293 4511 quo
3353 4438 3506 4494 ante
3562 4431 3734 4493 facta
3792 4431 4035 4495 mentio
4073 4442 4189 4496 est.
4236 4502 4241 4505 .

2268 4514 2610 4596 Quomodo
2666 4514 2886 4596 itaque
2946 4514 3230 4579 dicemus
3290 4513 3713 4597 intelligenda
3769 4515 3929 4581 11666
3975 4516 4188 4590 verba,

2268 4599 2521 4665 Saulem
2605 4600 3005 4683 exstruxisse,
3091 4604 3147 4665 et
3229 4599 3335 4665 hoc
3402 4602 3685 4680 primum
3749 4603 4135 4667 exstruxisse
4150 4602 4186 4666 ἓ

2266 4685 2515 4768 Nempe
2576 4687 2974 4751 exstruxisse
3031 4685 3111 4750 ad
3171 4684 3574 4750 durationem
3622 4683 3927 4751 dicemus.
4016 4686 4188 4752 Nam

2269 4771 2460 4837 facile
2540 4770 2903 4854 colligimus
2984 4769 3375 4854 peculiarem
3442 4769 3725 4852 aliquam
3793 4781 4187 4837 structuram

2269 4857 2501 4922 notari.
2593 4857 2760 4922 Nam
2819 4858 2872 4921 si
2933 4857 3134 4921 altare
3205 4878 3285 4921 ex
3359 4855 3574 4939 politis
3634 4855 3953 4938 lapidibus
4011 4870 4186 4925 stru·

2270 4945 2488 5020 xisset,
2523 4944 2810 5027 graviter
2842 4941 3027 5008 illum
3066 4943 3189 5007 hac
3223 4944 3288 5006 in
3326 4953 3509 5024 parte
3544 4941 3740 5007 fuisse
3771 4954 4184 5025 peccaturum

2269 5030 2474 5095 cuivis
2540 5037 2763 5093 notum
2830 5039 2960 5093 est:
3025 5024 3195 5110 quod
3262 5024 3498 5091 diserte
3553 5038 3814 5092 cautum
3872 5038 4044 5095 esset
4103 5051 4187 5096 116

2271 5114 2416 5196 quis
2459 5114 2590 5179 tale
2631 5114 2835 5179 altare
2878 5112 3261 5180 aedificaret.
3351 5112 3546 5177 Ratio
3584 5112 3706 5178 fuit
3739 5114 3805 5178 in
3846 5128 4193 5200 promptu:

2270 5221 2354 5266 116
2397 5200 2676 5283 populus
2719 5201 2840 5266 sibi
2886 5219 3084 5265 novos
3126 5200 3340 5266 cultus
3380 5207 3448 5265 et
3478 5197 3849 5267 devotiones
3884 5203 4190 5287 fingeret,

3705 5299 3774 5355 4·
