5059 6059
911 308 1039 377 259

2526 309 2940 377 HOMILIA
2983 313 3236 383 LXVI.
4669 307 4757 374 260

926 506 1310 584 querentur:
1370 520 1568 582 quare
1625 500 1821 566 etiam
1877 500 1944 565 in
2000 499 2115 565 illo
2157 501 2408 566 cantico
2453 499 2580 565 Dei
2623 498 2846 565 laudes
2949 503 3342 588 indigerent,
3397 521 3563 585 quae
3618 498 3810 565 hodie
3864 520 3996 563 non
4055 503 4208 563 sunt
4248 494 4422 560 ultro
4461 496 4762 559 revocanda:

924 586 1283 671 praedicari
1350 594 1417 649 et
1473 585 1789 651 celebrari
1830 587 2179 652 bonitatem
2225 585 2542 650 audimus.
2630 584 2847 668 Atque
2949 590 3073 654 nisi
3129 588 3584 674 perfectionem
3646 584 4086 668 evangelicam
4147 580 4419 647 velimus
4458 579 4685 655 abolere,
4723 592 4768 645 et

922 672 1162 737 idcirco
1228 672 1423 736 etiam
1481 673 1802 738 canticum
1861 670 2023 736 illud
2068 681 2141 736 ut
2183 692 2318 736 rem
2365 670 2554 736 laude
2598 668 2848 754 dignis-

925 759 1160 823 simam
1207 756 1501 822 videmus
1543 756 1615 820 in
1649 758 1791 839 ipso
1826 757 1988 840 legis
2024 756 2352 822 volumine
2386 756 2847 839 conscriptum,

924 851 992 908 et
1043 852 1119 907 ut
1176 841 1427 908 facinus
1473 844 1786 907 memoria
1826 843 2096 927 dignum
2140 843 2581 906 monumentis
2623 861 2847 906 sacrae

924 928 1286 1011 scripturae
1327 930 1661 993 insertum.
1750 928 1929 1012 Ergo
1973 950 2056 992 ex
2099 927 2240 992 istis
2275 928 2691 1011 conspicuum
2727 936 2845 1010 est,

922 1013 1231 1079 mulieres
1294 1014 1361 1078 in
1428 1012 1559 1078 illis
1621 1013 1997 1097 regionibus
2061 1013 2514 1078 instrumentis
2579 1012 2845 1077 musicis

923 1098 1024 1165 uti
1065 1098 1313 1179 solitas,
1355 1099 1710 1181 virtutique
1754 1100 1978 1164 datum
2023 1098 2242 1182 fuisse,
2284 1100 2465 1164 cuius
2508 1098 2604 1162 rei
2647 1097 2844 1163 etiam

923 1184 1078 1251 facit
1135 1184 1327 1249 fidem
1388 1184 1692 1250 Psalmus
1748 1185 1852 1268 68,
1911 1184 2019 1249 ubi
2078 1183 2352 1249 Davidis
2395 1183 2708 1249 victoriae
2751 1184 2846 1248 ita

923 1268 1404 1356 praedicantur,
1471 1270 1581 1351 qui
1646 1269 1770 1334 fuit
1835 1271 2045 1353 figura
2105 1268 2367 1333 Domini
2427 1268 2631 1333 nostri
2692 1268 2843 1333 Iesu

926 1355 1195 1435 Christi,
1230 1364 1303 1419 ut
1338 1355 1777 1438 cuiuscunque
1812 1352 2192 1421 conditionis
2234 1355 2522 1420 homines
2559 1364 2624 1418 et
2645 1374 2845 1419 sexus

925 1443 1119 1506 victis
1152 1449 1219 1503 et
1254 1441 1454 1505 caesis
1492 1440 1786 1506 hostibus
1818 1441 1960 1505 Deo
1982 1440 2227 1524 gratias
2246 1449 2531 1525 agerent,
2566 1438 2844 1505 Davidis

924 1527 1098 1592 facta
1135 1534 1474 1590 canentes:
1518 1546 1650 1590 non
1693 1524 1954 1609 quidem
1998 1533 2073 1589 ut
2114 1525 2317 1607 ipsius
2351 1545 2665 1608 personae
2700 1524 2842 1608 dig-

925 1613 1100 1676 nitas
1134 1611 1343 1675 omnis
1379 1611 1772 1676 tribueretur
1805 1611 2119 1676 factorum
2150 1611 2573 1695 egregiorum,
2618 1609 2732 1675 sed
2768 1617 2844 1674 ut

927 1696 1007 1763 ad
1052 1697 1265 1779 ipsum
1307 1694 1668 1759 Dominum
1713 1705 2008 1761 nostrum
2050 1695 2286 1773 Iesum,
2350 1696 2539 1762 cuius
2582 1707 2723 1761 erat
2767 1696 2839 1759 fi-

1021 1802 1112 1859 ra,
1190 1801 1332 1846 esse
1394 1779 1730 1845 referenda
1793 1780 2288 1846 demonstratur.
2377 1781 2445 1846 Is
2509 1782 2680 1844 enim
2744 1790 2844 1845 est

996 1865 1252 1931 ominus
1319 1877 1541 1930 noster
1603 1864 1788 1932 Iesus
1850 1866 2155 1932 Christus
2214 1887 2430 1933 coram
2485 1886 2611 1948 quo
2668 1866 2840 1931 flecti

930 1973 1122 2018 omne
1180 1972 1355 2035 genu
1398 1962 1666 2033 oportet,
1719 1963 1786 2015 et
1828 1952 1929 2017 cui
1974 1952 2094 2017 soli
2138 1951 2426 2035 agendae
2469 1951 2718 2035 gratiae
2763 1950 2841 2015 de

928 2038 1229 2102 omnibus
1288 2037 1580 2102 victoriis
1639 2057 1799 2118 quas
1859 2035 1937 2101 de
1981 2037 2274 2102 hostibus
2317 2035 2502 2101 nobis
2546 2036 2841 2119 largitur.

928 2123 1180 2189 Verum
1260 2132 1475 2187 tamen
1555 2132 1844 2204 tempore
1921 2121 2029 2187 illo
2108 2122 2466 2205 figurarum
2541 2122 2845 2186 dicuntur

929 2208 1235 2274 mulieres
1299 2217 1365 2272 et
1473 2207 1701 2277 uellae.
1747 2208 2031 2293 virgines
2093 2208 2447 2272 occurrisse
2512 2208 2650 2290 regi
2693 2226 2839 2272 cum

932 2293 1281 2376 tympanis,
1339 2229 1609 2358 citharis
1667 2304 1731 2356 et
1790 2293 1981 2369 tibiis,
2040 2291 2265 2357 laudes
2320 2292 2497 2357 illius
2541 2292 2840 2357 decantaÎ‡

931 2388 1135 2443 turae.
1223 2376 1408 2457 Quae
1451 2377 1669 2442 omnia
1711 2378 2064 2442 recitantur
2105 2398 2144 2441 a
2178 2380 2495 2460 propheta
2536 2389 2839 2459 tanquam

930 2465 1073 2529 Deo
1130 2473 1316 2546 grata
1368 2472 1434 2527 et
1477 2474 1755 2544 accepta,
1813 2464 2081 2545 eiusque
2122 2462 2326 2529 cultui
2369 2463 2838 2539 convenientia,

928 2557 998 2613 et
1052 2568 1203 2630 pars
1258 2568 1452 2613 verae
1507 2548 1854 2631 religionis.
1942 2548 2287 2613 Caeterum
2331 2558 2488 2613 tunc
2530 2547 2838 2632 temporis

928 2633 1048 2698 sub
1114 2633 1257 2715 lege
1321 2633 1678 2699 maximum
1743 2654 1934 2701 usum
2000 2634 2197 2699 fuisse
2260 2632 2837 2698 instrumentorum

926 2719 1326 2784 musicorum
1370 2730 1617 2785 certum
1662 2727 1781 2798 est,
1825 2719 1906 2785 ad
1951 2718 2176 2784 laudes
2220 2715 2346 2784 Dei
2389 2718 2835 2783 celebrandas:

926 2823 1092 2887 quae
1135 2804 1190 2869 si
1234 2803 1426 2868 hodie
1468 2814 1779 2887 tanquam
1823 2805 2183 2871 necessaria
2224 2823 2690 2884 revocaremus,
2753 2802 2835 2868 ad

926 2897 1179 2955 veteres
1222 2889 1487 2954 umbras
1526 2889 1899 2971 rediremus,
1955 2890 2295 2973 lucemque
2337 2890 2516 2954 illam
2560 2910 2723 2973 quae
2764 2888 2834 2952 in

923 2975 1061 3041 filio
1138 2973 1266 3040 Dei
1345 2975 1642 3058 apparuit
1719 2976 2208 3042 obscuraremus
2272 2983 2337 3041 et
2399 2975 2833 3041 obrueremus.

925 3059 1145 3141 Quare
1199 3060 1319 3124 fuit
1361 3060 1433 3123 in
1474 3060 1731 3144 Papatu
1774 3062 2043 3126 ridicula
2087 3060 2279 3126 nimis
2322 3070 2387 3125 et
2428 3062 2652 3143 inepta
2691 3060 2836 3124 imi-

923 3146 1101 3222 tatio,
1139 3165 1342 3227 quum
1383 3147 1623 3227 templa
1652 3166 1987 3223 exornare,
2024 3145 2276 3229 Deique
2299 3146 2547 3211 cultum
2570 3145 2837 3211 reddere

924 3229 1339 3296 celebriorem
1400 3232 1874 3307 existimarunt,
1941 3233 1997 3297 si
2053 3251 2292 3312 organa
2337 3242 2405 3296 et
2445 3232 2576 3298 alia
2618 3231 2836 3296 istius-

921 3314 1095 3381 modi
1133 3315 1339 3380 multa
1373 3314 1622 3382 ludicra
1656 3316 2067 3381 adhiberent:
2123 3317 2357 3399 quibus
2393 3318 2676 3382 maxime
2710 3314 2837 3379 Dei

924 3400 1197 3466 verbum
1255 3409 1322 3465 et
1373 3401 1589 3467 cultus
1648 3402 1982 3486 profanata
2038 3411 2210 3479 sunt,
2274 3403 2509 3486 populo
2553 3402 2838 3467 externis

922 3486 1065 3551 istis
1109 3485 1340 3550 ritibus
1384 3486 1639 3552 addicto
1682 3488 1901 3570 potius
1943 3508 2133 3570 quam
2181 3489 2357 3553 verbi
2405 3488 2609 3552 divini
2644 3487 2835 3552 intel-

923 3571 1249 3653 ligentiae.
1337 3570 1597 3637 Scimus
1644 3585 1859 3637 autem
1897 3572 2004 3637 ubi
2042 3572 2223 3638 nulla
2255 3583 2354 3638 est
2385 3572 2835 3653 intelligentia,

921 3655 1167 3721 nullam
1233 3657 1431 3721 etiam
1491 3657 2001 3723 aedificationem
2057 3676 2231 3724 esse:
2297 3657 2836 3742 quemadmodum

924 3740 1172 3806 Paulus
1215 3741 1538 3823 apostolus
1582 3743 1785 3823 docet,
1830 3762 2032 3825 quum
2072 3745 2179 3821 ait,
2226 3764 2352 3825 quo
2395 3743 2586 3809 modo
2629 3750 2838 3827 potest

929 3826 1131 3891 idiota
1182 3827 1449 3891 reddere
1491 3827 1642 3892 fidei
1687 3828 2146 3905 testimonium,
2190 3840 2301 3893 aut
2342 3828 2661 3911 quomodo
2706 3828 2839 3893 dic-

933 3921 1121 3975 turus
1164 3921 1263 3976 est
1312 3914 1518 3978 Amen
1565 3912 1644 3978 ad
1689 3914 2048 3996 gratiarum
2091 3915 2428 3993 actionem,
2480 3915 2604 3980 nisi
2647 3913 2837 3979 intel-

929 3994 1136 4078 ligat?
1223 3996 1443 4078 Quare
1510 3998 1730 4063 fideles
1796 3998 2092 4064 hortatur
2154 4020 2230 4064 eo
2295 3999 2434 4066 loco
2490 4009 2567 4064 ut
2625 4001 2837 4065 Deum

923 4091 1286 4166 precantes,
1321 4094 1390 4147 et
1420 4084 1544 4167 ipsi
1579 4083 1949 4168 psallentes,
1985 4095 2048 4149 et
2086 4095 2431 4167 precentur
2465 4095 2530 4150 et
2557 4085 2841 4167 psallant

927 4167 1380 4250 intelligentia,
1426 4189 1553 4233 non
1601 4169 1825 4253 lingua
1868 4173 2230 4255 peregrina,
2318 4170 2430 4235 sed
2474 4170 2731 4253 vulgari
2774 4179 2842 4235 et

926 4252 1343 4336 intelligibili,
1388 4263 1464 4318 ut
1503 4256 1591 4320 sit
1630 4256 1699 4319 in
1744 4256 2013 4321 ecclesia
2056 4256 2429 4321 aedificatio.
2489 4255 2677 4336 Quod
2724 4256 2844 4321 ita-

927 4359 1052 4421 que
1095 4339 1222 4403 fuit
1264 4338 1333 4403 in
1378 4359 1502 4404 usu
1547 4338 1708 4423 legis
1749 4350 2058 4425 tempore,
2102 4340 2348 4405 nullum
2396 4341 2587 4406 hodie
2632 4342 2838 4406 locum

925 4423 1098 4507 apud
1158 4444 1277 4488 nos
1333 4423 1616 4489 obtinet:
1674 4435 1741 4490 et
1784 4425 1976 4492 rebus
2021 4427 2161 4492 istis
2204 4449 2335 4490 non
2381 4426 2571 4491 modo
2615 4448 2839 4510 super-

921 4511 1095 4586 fluis,
1163 4508 1275 4574 sed
1342 4509 1646 4575 inanibus
1712 4510 1906 4575 etiam
1964 4510 2415 4578 abstinendum
2474 4523 2601 4578 est:
2669 4512 2837 4595 quod

923 4595 1212 4661 sufficiat
1308 4615 1425 4659 ura
1469 4607 1535 4659 et
1576 4596 1851 4679 simplex
1896 4596 2262 4661 divinarum
2306 4596 2573 4662 laudum
2614 4597 2841 4662 modu-

921 4679 1102 4759 latio,
1137 4700 1248 4745 cor
1293 4702 1328 4745 e
1363 4690 1431 4745 et
1464 4701 1574 4746 ore
1609 4694 1831 4747 nostro
1867 4683 1967 4747 sin
2019 4682 2106 4748 uli
2142 4683 2481 4748 idiomate:
2524 4684 2840 4767 siquidem

921 4766 1165 4833 scimus
1224 4765 1579 4831 Dominum
1636 4778 1928 4832 nostrum
2029 4789 2208 4833 esum
2264 4768 2599 4836 Christum
2645 4791 2839 4853 appa-

921 4851 1147 4930 ruisse,
1185 4864 1254 4915 et
1287 4852 1555 4918 umbras
1586 4853 1733 4917 illas
1768 4853 2008 4937 legales
2038 4874 2153 4918 suo
2176 4852 2454 4920 adventu
2480 4855 2842 4937 dissipasse.

920 4937 1243 5002 Musicam
1319 4938 1539 5019 itaque
1621 4938 1799 5003 illam
1879 4939 2441 5005 instrumentalem
2507 4948 2844 5005 teneamus

922 5028 1081 5086 tunc
1137 5021 1392 5086 ratione
1452 5026 1763 5106 temporis
1817 5024 1993 5091 illius
2050 5034 2117 5091 et
2167 5024 2390 5110 populi
2449 5025 2645 5092 fuisse
2690 5026 2841 5090 tole-

922 5115 1155 5186 ratam,
1214 5106 1382 5189 quod
1444 5119 1662 5174 essent
1703 5119 1778 5175 ut
1819 5110 2023 5194 pueri,
2081 5109 2616 5194 quemadmodum
2661 5131 2843 5177 sacra

919 5193 1243 5276 scriptura
1301 5193 1613 5276 loquitur,
1671 5194 1781 5280 qui
1838 5196 2199 5278 puerilibus
2255 5196 2402 5262 istis
2456 5195 2841 5263 rudimentis

2945 676 3204 758 plenam
3250 675 3461 739 lucem
3496 691 3692 754 quam
3725 672 3797 734 in
3833 669 4093 736 Christo
4127 667 4412 732 Domino
4447 676 4639 730 nostro
4661 687 4767 732 conÎ‡

2947 760 3201 843 sequuti
3245 779 3471 823 sumus
3514 756 3872 823 obscurare.

3117 846 3204 911 Et
3250 844 3565 909 hactenus
3609 841 3688 906 de
3730 841 4013 906 musica:
4071 840 4151 904 de
4192 838 4443 904 choreis
4484 848 4671 901 autem
4701 836 4772 899 vel

2946 930 3412 1008 saltationibus,
3448 949 3645 1012 quum
3681 926 3989 992 dicuntur
4017 925 4319 991 mulieres
4337 921 4771 1021 choremegisss

2945 1016 3289 1099 peculiaris
3352 1012 3663 1096 quaedam
3720 1013 3887 1078 ratio
3945 1023 4077 1078 est:
4140 1031 4292 1076 nam
4350 1019 4417 1073 et
4467 1017 4554 1071 ita
4603 1006 4775 1070 dieitur

2944 1100 3161 1168 David
3216 1100 3573 1166 saltavisse.
3649 1098 3877 1179 Neque
3932 1096 4107 1162 enim
4163 1103 4349 1160 erant
4390 1093 4537 1158 illae
4572 1092 4776 1189 choreae

2946 1186 3317 1272 petulantes
3358 1192 3424 1249 et
3468 1183 3747 1250 lascivae
3790 1188 4012 1266 quales
4053 1196 4206 1248 sunt
4250 1180 4473 1245 hodie:
4529 1176 4776 1260 siquidem

2945 1272 3336 1340 exsiliebant
3390 1270 3486 1335 illi
3530 1281 3595 1334 et
3639 1268 3963 1334 saltabant
4005 1288 4159 1352 prae
4199 1266 4465 1344 laetitia,
4521 1283 4635 1346 qua
4667 1264 4780 1344 ipsoÎ‡

2946 1380 3092 1424 rum
3151 1355 3345 1423 corda
3395 1354 3969 1421 commovebantur
4010 1376 4093 1418 ex
4134 1352 4395 1416 divinae
4438 1350 4658 1434 gloriae
4688 1367 4781 1410 amÎ‡

2944 1442 3333 1528 plificatione
3397 1453 3659 1525 propter
3725 1439 4058 1505 benefacta
4118 1459 4281 1521 quae
4345 1436 4427 1500 ab
4486 1437 4612 1534 ipso
4657 1453 4781 1498 acceÎ‡

2942 1537 3190 1613 perant,
3227 1537 3294 1592 et
3333 1527 3565 1609 quibus
3600 1547 3740 1591 sese
3776 1525 3991 1589 Deum
4027 1533 4092 1589 et
4116 1532 4540 1607 protectorem
4559 1538 4783 1602 ipsorum

2941 1616 3151 1698 magis
3187 1613 3517 1697 magisque
3552 1611 3994 1695 patefaciebat.
4079 1611 4258 1689 Quas
4292 1627 4449 1673 vero
4484 1605 4787 1671 saltationes

2943 1700 3133 1765 hodie
3170 1698 3462 1764 videmus
3490 1697 3729 1780 passim
3757 1697 4012 1780 agitari,
4047 1697 4193 1778 quis
4212 1693 4385 1759 dicat
4406 1693 4548 1758 istis
4568 1687 4786 1784 similati

2943 1784 3214 1851 Certum
3279 1784 3452 1847 enim
3512 1793 3610 1847 est
3666 1794 3982 1864 quotquot
4036 1780 4225 1846 hodie
4282 1781 4452 1844 fiunt
4491 1774 4789 1871 istiusmodi

2941 1871 3335 1946 saltationes,
3402 1889 3542 1932 esse
3599 1865 3680 1932 ad
3737 1886 3996 1931 omnem
4040 1866 4366 1932 lasciviam
4413 1875 4480 1929 et
4519 1860 4792 1944 impudiciÎ‡

2943 1957 3101 2021 tiam
3137 1955 3279 2020 iter.
3346 1952 3513 2018 Nam
3552 1955 3671 2017 etsi
3718 1972 3851 2016 non
3895 1973 4149 2035 semper
4191 1972 4262 2016 re
4304 1951 4450 2032 ipsa
4492 1958 4791 2015 scortentur

2942 2041 3270 2119 saltantes,
3335 2048 3554 2104 tamen
3611 2037 3827 2102 aditus
3870 2039 4095 2120 patefit
4135 2036 4215 2101 ad
4258 2033 4618 2099 istiusmodi
4657 2046 4795 2112 turpe

2942 2128 3209 2201 facinus,
3254 2133 3322 2189 et
3355 2124 3491 2189 loca
3526 2124 3594 2188 in
3633 2122 3863 2206 quibus
3898 2124 4348 2200 instituuntur,
4391 2130 4553 2185 sunt
4572 2116 4793 2200 plerumÎ‡

2942 2232 3068 2295 que
3147 2209 3508 2277 certissima
3578 2209 3934 2291 lupanaria.
4023 2207 4292 2273 Davidis
4357 2225 4518 2270 vero
4577 2202 4794 2271 saltatio.

2944 2299 3152 2381 legem
3207 2316 3288 2359 ex
3348 2304 3532 2379 parte
3590 2294 3875 2377 respicit:
3940 2292 4011 2356 in
4063 2314 4189 2375 qua
4230 2290 4399 2356 nihil
4444 2288 4796 2357 immodicum

2940 2384 3080 2460 fuit,
3147 2401 3358 2463 neque
3412 2379 3657 2445 laetitia
3712 2379 3909 2444 stulta
3965 2387 4035 2443 et
4075 2378 4317 2442 inanis:
4387 2378 4522 2452 sed,
4587 2386 4655 2441 ut
4688 2388 4799 2437 ante

2943 2468 3097 2548 dixi,
3140 2466 3489 2531 vehemens
3532 2474 3598 2530 et
3641 2464 3874 2530 ardens
3919 2463 4203 2528 studium
4241 2463 4369 2527 Dei
4413 2461 4633 2528 laudes
4662 2479 4799 2543 prse-

2942 2552 3216 2628 dicandi,
3263 2571 3390 2633 quo
3434 2562 3649 2634 patres
3692 2560 4089 2628 exarserant,
4131 2550 4241 2613 sed
4288 2549 4424 2613 ritu
4460 2559 4528 2613 et
4562 2547 4803 2612 instituto

2941 2658 3205 2705 suorum
3277 2648 3660 2720 temporum.
3748 2634 3968 2715 Quare
4036 2634 4382 2718 diligenter
4450 2628 4801 2699 observanda

2939 2734 3040 2790 est
3094 2734 3455 2807 temporum
3514 2722 3771 2786 illorum
3831 2742 3871 2786 a
3912 2720 4150 2785 nostris
4192 2720 4598 2786 differentia:
4662 2726 4726 2781 ut
4752 2735 4803 2778 eo

2941 2812 3025 2875 sit
3082 2808 3396 2874 illustrior
3447 2807 3558 2871 lux
3616 2805 3728 2871 illa
3780 2826 3972 2889 quam
4030 2804 4215 2871 nobis
4269 2806 4495 2871 attulit
4540 2804 4803 2869 Dominus

2939 2904 3161 2960 noster
3187 2894 3366 2959 lesus
3394 2892 3699 2959 Christus
3720 2890 4041 2974 evangelii
4059 2890 4563 2975 praedicatione.
4606 2888 4802 2970 QuamÎ‡

2938 2981 3159 3046 obrem
3224 3000 3422 3061 quum
3489 2977 3596 3044 hic
3661 2976 3960 3042 audimus
4024 2977 4327 3042 mulieres
4389 2977 4647 3043 venisse
4696 2991 4801 3036 cum

2938 3076 2965 3130 t
3016 3068 3269 3149 mpanis
3311 3075 3377 3129 et
3416 3063 3680 3128 musicis
3723 3064 4168 3128 instrumentis
4210 3063 4475 3127 obviam
4522 3059 4711 3137 Sauli,
4760 3066 4805 3117 st

2938 3088 3205 3217 choreas
3248 3150 3477 3232 egisse,
3522 3157 3859 3213 teneamus
3900 3148 4047 3213 illas
4090 3147 4171 3213 ad
4208 3147 4425 3213 Deum
4458 3142 4803 3231 precandum

2939 3246 3006 3301 et
3061 3234 3282 3300 laudes
3333 3234 3541 3316 ipsius
3584 3233 4042 3316 praedicandas
4085 3232 4312 3298 fecisse
4355 3232 4442 3297 ad
4487 3228 4803 3313 exemplum

2938 3330 3005 3386 et
3060 3321 3437 3386 institutum
3493 3320 3744 3384 Mariae
3799 3321 4036 3384 sororis
4098 3319 4301 3384 Mosis
4346 3327 4418 3385 et
4458 3319 4803 3402 reliquarum

2935 3406 3303 3483 mulierum,
3360 3424 3525 3487 quae
3580 3405 3785 3487 ipsam
3825 3405 4170 3470 comitatae
4212 3405 4493 3470 fuerant.
4582 3405 4680 3469 Ex
4713 3416 4804 3481 quo

2935 3501 3270 3576 praeterea
3337 3489 3648 3556 discimus
3706 3490 4008 3555 mulieres
4061 3489 4208 3554 licet
4264 3490 4583 3556 adversus
4638 3489 4805 3581 hostes

2938 3596 3121 3642 arma
3162 3597 3295 3640 non
3341 3577 3569 3654 ferant,
3613 3575 3855 3659 gratias
3895 3584 4114 3640 tamen
4157 3595 4351 3659 agere
4388 3574 4540 3642 Deo
4575 3596 4683 3659 pro
4712 3589 4806 3631 vic-

2937 3662 3105 3727 toria
3170 3660 3419 3726 debere.
3502 3660 3672 3726 Nam
3751 3670 3910 3742 quot
3971 3662 4356 3744 quantisque
4421 3662 4679 3728 casibus
4729 3652 4808 3717 obÎ‡

2939 3747 3191 3827 noxiae,
3233 3747 3290 3811 si
3330 3746 3547 3812 hostes
3572 3746 3841 3811 victoria
3861 3746 4247 3829 potiuntur?
4293 3747 4555 3812 Milites
4576 3737 4809 3813 sanevel

2938 3832 3064 3899 viri
3108 3831 3309 3897 semel
3352 3829 3726 3897 occumbere
3769 3841 3836 3895 et
3876 3831 4088 3915 gladio
4132 3834 4341 3914 perire
4387 3842 4686 3916 possunt:
4728 3822 4807 3890 sed

2941 3919 3214 3983 miserae
3270 3916 3574 3982 mulieres
3632 3915 3915 3981 hostium
3971 3914 4250 3981 ludibrio
4289 3928 4360 3984 et
4404 3916 4695 3984 dedecori
4728 3932 4808 3975 exÎ‡

2941 4014 3289 4086 ponuntur,
3347 4012 3440 4082 ut,
3481 4002 3537 4066 si
3581 4000 3847 4066 daretur
3887 4002 4082 4086 optio,
4128 4002 4321 4087 longe
4365 4004 4603 4070 melior
4639 4003 4807 4067 futurÎ‡

2942 4091 3027 4155 sit
3066 4089 3353 4170 ipsorum
3399 4086 3680 4152 conditio
3722 4087 3779 4152 si
3821 4088 4020 4153 semel
4060 4088 4277 4174 gladio
4321 4093 4541 4172 perire
4576 4094 4808 4174 possent,

2942 4194 3136 4258 quam
3203 4172 3495 4238 dedecori
3558 4180 3626 4237 et
3688 4172 4078 4256 ignominiae
4141 4173 4431 4239 hostium
4502 4172 4723 4257 exponi
4763 4178 4809 4228 et

2943 4261 3220 4341 turpiter
3276 4258 3528 4336 violari,
3600 4256 3878 4340 denique
3935 4259 4110 4323 mille
4165 4261 4521 4344 opprobria
4576 4259 4714 4344 pati,
4765 4266 4809 4316 Î¸á¿

2941 4344 3204 4410 tandem
3241 4343 3589 4409 crudeliter
3622 4343 3950 4409 trucidari.
4030 4344 4191 4410 Illae
4224 4366 4381 4410 sane
4416 4368 4554 4410 non
4588 4348 4807 4429 possunt

2943 4431 3161 4495 hostes
3202 4450 3352 4494 suos
3387 4429 3627 4513 ulcisci,
3672 4428 3786 4495 sed
3821 4429 3992 4494 domi
4026 4429 4263 4496 debent
4297 4451 4655 4509 remanere,
4688 4423 4808 4493 suisÎ‡

2944 4536 3068 4599 que
3111 4514 3408 4598 precibus
3444 4514 3660 4581 Deum
3694 4513 4039 4581 sollicitare
4073 4513 4228 4580 dum
4267 4516 4513 4582 milites
4547 4516 4809 4582 adversus

2942 4601 3161 4667 hostes
3200 4600 3512 4665 dimicant
3553 4621 3666 4682 pro
3703 4599 3988 4666 victoria.
4075 4599 4627 4685 Quandoquidem
4658 4599 4807 4681 igitur

2943 4687 3260 4769 sanguine
3318 4686 3606 4752 virorum
3654 4685 3921 4750 victoria
3964 4686 4316 4768 quaeritur,
4374 4683 4807 4770 quiescentibus

2942 4771 3201 4837 interim
3243 4771 3413 4836 domi
3449 4770 3849 4850 mulieribus,
3890 4771 4058 4853 quod
4099 4773 4231 4836 sint
4264 4773 4470 4838 armis
4506 4766 4808 4838 tractandis

2942 4856 3223 4940 impares
3266 4864 3333 4922 et
3374 4855 3709 4935 inhabiles,
3768 4875 3843 4920 eo
3885 4857 4125 4922 maiore
4167 4856 4386 4923 studio
4425 4869 4499 4923 et
4542 4854 4808 4923 ardemio-

2944 4942 3123 5009 ribus
3158 4942 3452 5025 precibus
3489 4941 3632 5006 Deo
3667 4942 3908 5024 gratias
3943 4961 4134 5025 agere
4168 4940 4426 5023 debent,
4473 4943 4643 5027 quod
4676 4942 4806 5024 ipen
4910 4970 4911 4987 Â¹

2943 5029 3341 5109 quiescentes
3384 5027 3694 5093 liberatae
3738 5028 3888 5105 sint,
3932 5037 4000 5093 et
4040 5028 4191 5093 licet
4235 5050 4369 5094 non
4411 5025 4807 5114 pugnantibus
4908 5042 4911 5113 l}

2942 5112 3126 5179 Deus
3162 5113 3318 5196 ipsis
3350 5111 3659 5179 victoriae
3693 5111 3973 5178 fructum
4002 5112 4341 5197 largiatur,
4377 5135 4577 5199 seque
4596 5112 4805 5203 inu-ua
4910 5126 4911 5129 â€™

2942 5207 3376 5282 protectorem
3429 5197 3845 5264 demonstret.
3932 5196 4183 5265 Idcirco
4241 5200 4445 5284 igitur
4502 5200 4609 5266 hio
4646 5213 4806 5263 nomÎ‡
