5059 6059
808 349 936 414 415

2421 340 2829 408 HOMILIA
2874 340 3202 407 LXXIX.

4652 344 4756 410 416

981 535 1297 632 Sequitur
1348 531 1669 630 deinceps,
1714 530 2030 596 Davidem
2075 534 2330 612 patrem
2386 535 2443 594 et
2493 534 2752 594 matrem
2799 541 2805 640 Ι
2853 531 3035 629 Deus
3079 531 3368 630 omnium
3416 530 3757 594 hominum
3802 529 4002 594 corda
4049 529 4116 629 in
4155 550 4375 629 ‚manu
4411 526 4668 629 habeat,
4713 541 4769 595 et

809 620 1142 690 deduxisse
1201 639 1272 683 m
1326 637 1635 702 regionem
1688 615 1915 699 Moab,
1988 621 2045 680 et
2107 635 2360 699 royasse
2428 635 2631 698 reqem
2684 620 2756 679 ut
2800 661 2805 674 .
2854 635 3139 680 maxime
3183 636 3530 698 impiorum
3573 635 3742 698 quae
3787 636 3905 698 pro
3943 613 4212 680 arbitrio
4255 615 4479 689 flectit,
4525 613 4769 699 ideoque

807 710 1126 774 maerent
1165 703 1343 786 apud
1383 703 1557 786 ipsos
1611 702 1797 767 donec
1849 702 2077 769 scirent
2131 701 2285 782 quid
2337 702 2568 783 faceret
2627 701 2755 782 ipsi

808 793 1010 860 Deus.
1096 788 1353 871 Quibus
1416 788 1633 854 verbis
1710 789 1920 870 magis
1984 786 2377 870 exprimitur
2441 786 2625 851 dolor
2687 793 2755 850 et

811 875 1083 944 tristitia.
1123 895 1317 959 quam
1363 872 1579 939 David
1638 895 1724 972 ex
1786 872 2074 939 adventu
2105 872 2340 971 ‘patris
2400 880 2468 938 et
2518 871 2753 938 matris

809 986 894 1116 2¹21
927 958 1766 1134 'iffinssfflfflssffiss'pss‘z
1806 956 2752 1110 tffffissfflthffssffitssoeffi

807 1135 879 1202 in
923 1133 1247 1218 spelunca,
1294 1141 1360 1195 et
1402 1132 1571 1195 fame
1614 1130 1809 1195 etiam
1856 1128 2015 1212 ipsis
2054 1127 2459 1212 pereundum
2504 1128 2751 1212 fuisset,

809 1221 940 1286 nisi
982 1218 1366 1284 miraculose
1409 1217 1581 1299 ipsos
1622 1215 1807 1281 Deus
1851 1215 2135 1281 aluisset.
2223 1211 2356 1282 Sed
2414 1226 2753 1298 praeterea

810 1327 1001 1373 senes
1042 1304 1186 1369 illos
1230 1304 1390 1367 haec
1412 1302 1548 1368 vita
1587 1321 1719 1366 non
1766 1300 2031 1366 decebat
2073 1307 2149 1365 ut
2170 1300 2501 1383 perpetuis
2527 1301 2752 1366 mortis

810 1389 1167 1458 terroribus
1224 1388 1665 1473 agitarentur:
1724 1384 2146 1469 quamobrem
2217 1385 2343 1450 alio
2400 1407 2437 1450 a
2496 1384 2753 1450 Davide

809 1478 986 1561 ipsos
1030 1473 1259 1540 deduci
1303 1473 1607 1557 oportuit,
1651 1471 1764 1536 ubi
1809 1472 1877 1536 in
1925 1471 2055 1536 otio
2100 1469 2430 1552 degerent,
2492 1479 2559 1534 et
2602 1491 2752 1554 pro·

810 1562 919 1630 cul
964 1584 1001 1626 a
1045 1560 1242 1625 tantis
1285 1556 1615 1624 laboribus
1659 1567 1722 1622 et
1758 1557 2089 1637 molestiis,
2132 1556 2518 1639 quibuscum
2543 1555 2751 1620 Davi-

811 1648 957 1720 dem
1002 1644 1337 1730 oportebat
1378 1643 1635 1710 luctari.
1724 1643 2015 1708 Domum
2071 1641 2171 1707 illi
2229 1663 2414 1707 suam
2476 1652 2544 1706 et
2601 1662 2747 1724 pos·

810 1733 1132 1800 sessiones
1191 1730 1621 1814 reliquerant,
1690 1737 1756 1794 et
1828 1727 1910 1794 ad
1978 1728 2185 1793 filium
2244 1728 2314 1793 in
2371 1726 2749 1811 speluncam

810 1818 990 1885 illam
1035 1827 1345 1900 tanquam
1406 1813 1487 1879 ad
1544 1814 1802 1899 asylum
1859 1824 2213 1880 venerant:
2273 1813 2385 1878 sed
2443 1812 2749 1896 quoniam

811 1904 1085 1986 singulis
1165 1902 1512 1966 momentis
1589 1899 2082 1983 exspectabatur
2149 1898 2370 1964 Saulis
2446 1899 2749 1982 impetus,

811 2010 1076 2056 necesse
1117 1988 1246 2053 fuit
1289 1988 1357 2051 in
1402 1986 1598 2051 aliam
1641 1986 1978 2071 regionem
2034 1984 2183 2050 illos
2226 1985 2307 2050 ab
2351 1985 2492 2068 ipso
2536 1995 2751 2049 trans-

808 2076 983 2143 ferri.
1051 2072 1348 2138 Deduxit
1382 2071 1601 2154 itaque
1643 2071 1714 2136 in
1750 2071 2030 2154 Maspha
2072 2090 2235 2154 quae
2278 2079 2421 2136 erat
2462 2070 2752 2153 regionis

808 2161 1023 2228 Moab.
1113 2158 1291 2225 Sane
1350 2156 1678 2222 Moabitae
1734 2154 2202 2223 descenderant
2272 2156 2353 2222 ab
2405 2155 2750 2238 Israelitis,

811 2266 1090 2331 quorum
1133 2245 1368 2310 stati-es
1411 2252 1631 2308 erant:
1677 2263 1753 2309 ac
1775 2240 2047 2326 proinde
2070 2264 2108 2306 a
2152 2241 2387 2324 quibus
2430 2241 2749 2307 auxilium

811 2339 1190 2416 exspectare
1233 2330 1305 2394 in
1349 2330 1545 2395 rebus
1586 2328 1883 2413 angustis
1925 2339 2247 2411 poterant.
2314 2326 2447 2392 Sed
2488 2349 2559 2393 se
2603 2348 2748 2409 per·

857 2429 1009 2482 etuo
1072 2437 1190 2500 pro
1255 2414 1554 2480 hostibus
1619 2423 1990 2499 gesserunt,
2072 2422 2150 2478 ut
2214 2412 2474 2478 tandem
2544 2412 2744 2477 etiam

810 2440 1031 2569 gavini
1089 2500 1403 2566 adversus
1458 2500 1634 2584 ipsos
1704 2498 1947 2565 bellum
2005 2519 2230 2583 gerere
2301 2507 2562 2564 coactus
2626 2498 2745 2562 sit:

812 2587 986 2672 quod
1030 2607 1367 2669 nunquam
1389 2605 1735 2671 aggressus
1777 2593 1946 2651 esset
1990 2584 2116 2650 nisi
2160 2583 2451 2666 ipsorum
2492 2582 2747 2647 malitia

811 2681 1219 2758 provocatus,
1264 2680 1332 2737 et
1374 2670 1452 2737 de
1496 2668 1787 2737 hostibus
1828 2669 1967 2737 suis
2011 2668 2307 2752 loquens,
2363 2668 2517 2735 dicit
2563 2669 2745 2733 Moa-

811 2759 980 2828 bitas
1022 2757 1223 2824 fuisse
1264 2777 1457 2823 snum
1501 2756 1887 2839 perfugium,
1943 2754 2059 2821 sed
2112 2754 2455 2838 perfidiose
2512 2754 2745 2819 adver·

813 2867 926 2912 sus
972 2845 1095 2910 Dei
1141 2842 1453 2927 populum
1510 2841 1737 2925 egisse.
1825 2840 2128 2906 Fuerunt
2183 2860 2340 2924 ergo
2395 2839 2501 2904 isti
2562 2839 2743 2904 Moa-

810 2931 986 2997 bitae
1040 2928 1389 2995 inhumani
1448 2926 1760 2993 adversus
1815 2926 2169 3004 Israelitas,
2236 2934 2304 2990 et
2359 2926 2744 2989 nominatim

814 3024 965 3101 post
1008 3020 1287 3080 mortem
1331 3012 1624 3092 Davidis,
1670 3033 1875 3095 quum
1919 3011 2181 3097 Assyrii
2227 3009 2534 3076 Iudaeam
2582 3009 2747 3074 bello

813 3101 1341 3187 aggrederentur,
1385 3108 1449 3163 et
1493 3098 1576 3164 ad
1620 3098 1944 3165 Moabitas
2003 3097 2226 3163 miseri
2284 3096 2746 3179 confugissent,

813 3202 887 3255 ut
930 3185 1106 3270 apud
1149 3187 1324 3269 ipsos
1367 3184 1664 3263 laterent,
1723 3182 1960 3266 proditi
2021 3196 2177 3248 sunt
2228 3184 2310 3248 ab
2369 3182 2547 3265 ipsis.
2638 3180 2744 3246 Id·

813 3273 984 3338 circo
1041 3270 1229 3336 Deus
1299 3291 1418 3354 per
1474 3270 1858 3353 prophetam
1935 3269 2015 3335 de
2070 3268 2379 3335 Moabitis
2437 3268 2746 3351 queritur.

813 3357 1110 3442 Populus
1152 3376 1357 3433 meus,
1401 3354 1634 3439 inquit,
1674 3353 1993 3439 fugitivus
2035 3364 2154 3433 est,
2198 3375 2237 3419 o
2271 3353 2489 3428 Moab,
2534 3353 2746 3419 locum

813 3445 1038 3527 itaque
1081 3443 1151 3506 in
1197 3441 1411 3506 medio
1456 3451 1531 3506 tu
1574 3439 1925 3507 concedere
1968 3440 2093 3524 ipsi
2151 3439 2446 3520 debebas,
2503 3438 2618 3504 sed
2676 3450 2748 3502 tu

815 3539 1041 3596 contra
1082 3527 1432 3594 crudeliter
1475 3527 1546 3590 in
1591 3526 1874 3591 hostium
1919 3547 2151 3592 manus
2207 3524 2555 3591 tradidisti.
2643 3525 2748 3589 Ex

818 3615 1053 3699 quibus
1118 3619 1390 3697 apparet
1458 3631 1610 3678 cum
1667 3611 1927 3694 quantis
1982 3609 2474 3677 difficultatibus
2527 3609 2748 3675 David

816 3700 1104 3765 luctatus
1147 3700 1249 3775 sit,
1308 3696 1390 3763 ad
1435 3697 1758 3764 Moabitas
1801 3697 2146 3781 confugere
2188 3706 2471 3780 coactus,
2528 3695 2750 3761 hostes

816 3783 1043 3870 populi
1085 3782 1320 3849 iudaici
1341 3782 1834 3865 capitalissimos
1857 3792 1921 3848 et
1944 3781 2527 3867 perfidiosissimos:
2578 3782 2748 3864 quod

821 3867 1310 3953 insurgentibus
1366 3867 1678 3935 adversus
1731 3868 2068 3935 Israelitas
2124 3868 2454 3948 inimicis,·
2503 3867 2750 3932 fuerint

818 3965 1128 4038 tanquam
1177 3953 1451 4018 venatici
1496 3973 1689 4019 canes
1732 3954 1813 4019 ad
1851 3954 2123 4020 miseros
2166 3955 2237 4018 in
2281 3953 2549 4019 occultis
2594 3952 2747 4018 locis

817 4042 1120 4118 latentes,
1179 4038 1698 4123 investigandos,
1757 4048 1825 4106 et
1882 4039 1965 4105 ad
2021 4040 2349 4105 lanienam
2408 4038 2747 4105 tahendos.

822 4125 1015 4211 Apud
1059 4126 1220 4191 istos
1264 4131 1482 4190 tamen
1526 4123 1749 4192 David
1793 4125 1962 4210 patri
2006 4135 2072 4191 et
2129 4125 2320 4189 matri
2379 4124 2746 4209 perfugium

819 4210 1165 4297 quaesivit.
1246 4209 1395 4291 Qua
1438 4210 1509 4274 in
1553 4232 1624 4276 re
1665 4211 1980 4295 singulari
2021 4210 2147 4276 Dei
2188 4210 2410 4277 favore
2453 4208 2748 4275 adiutum

818 4306 1107 4382 apparet,
1153 4297 1276 4361 etsi
1320 4296 1400 4360 ab
1447 4296 1467 4359 i
1626 4296 1843 4362 Deum
1888 4298 2282 4373 invocatum,
2340 4306 2413 4359 ut
2470 4297 2747 4379 gratiam

820 4382 992 4467 apud
1045 4402 1266 4466 regem
1327 4381 1480 4446 Moa
1582 4381 1935 4461 inveniret,
1993 4401 2128 4447 non
2184 4381 2293 4448 hic
2342 4382 2750 4464 exprimitur,

819 4467 990 4553 quod
1055 4480 1274 4534 tamen
1340 4477 1590 4532 certum
1655 4477 1756 4531 est
1819 4488 1901 4531 ex
1969 4467 2231 4533 Psalmo
2297 4487 2490 4549 quem
2555 4486 2752 4549 supra

820 4553 1187 4621 citavimus.
1286 4552 1514 4634 Neque
1582 4553 1759 4617 enim
1818 4554 1960 4617 sine
2016 4573 2210 4619 causa
2263 4551 2419 4618 dicit
2475 4571 2555 4617 eo
2614 4552 2752 4619 loco

819 4640 1065 4707 iustum
1120 4638 1400 4704 clamare
1458 4636 1540 4702 ad
1585 4637 1959 4717 Dominum,
2017 4648 2081 4703 et
2140 4637 2500 4703 Dominum
2554 4657 2752 4703 exan-

823 4726 962 4791 dire
1006 4724 1244 4807 ipsum,
1303 4733 1370 4788 et
1413 4743 1496 4787 ex
1537 4722 1839 4788 omnibus
1884 4721 2407 4788 tribulationibus
2454 4721 2751 4788 liberare.

822 4810 1042 4892 Quare
1118 4807 1335 4873 David
1423 4828 1762 4891 nunquam
1851 4815 2033 4873 tanta
2116 4807 2601 4893 perturbatione
2680 4809 2753 4874 in

822 4895 1290 4961 afflictionibus
1334 4904 1403 4957 et
1443 4892 1921 4961 calamitatibus
1978 4901 2364 4960 excaecatus
2418 4902 2537 4972 est,
2595 4896 2750 4978 quin

823 4982 906 5047 ad
964 4980 1178 5045 Deum
1240 4979 1615 5056 accesserit,
1676 4987 1743 5045 et
1796 4980 2093 5064 precibus
2150 4979 2338 5044 illum
2397 4978 2754 5060 solicitam,

871 5084 1172 5131 ersuasus
1218 5064 1510 5131 divinum
1547 5065 1862 5131 auxilium
1899 5065 2020 5131 sibi
2058 5085 2389 5148 nunquam
2426 5065 2753 5150 denegan-

825 5088 1001 5216 dum.
1066 5150 1212 5215 Hac
1256 5149 1462 5233 igitur
1504 5150 1755 5215 ratione
1797 5151 2079 5235 gratiam
2122 5151 2268 5216 iniit
2311 5150 2484 5234 apud
2529 5172 2750 5235 regem

823 5233 1038 5314 Moab,
1082 5235 1378 5317 precibus
1427 5235 1737 5301 nimirum
1793 5236 1965 5320 apud
2013 5236 2244 5302 Deum.
2335 5236 2502 5301 Nam
2550 5258 2751 5322 quum

2853 701 3193 783 pollicetur
3266 703 3445 766 Deus
3508 722 3579 766 se
3636 702 4019 766 effecturum
4041 752 4056 778 ,
4138 710 4213 765 nt
4288 700 4571 784 populus
4634 722 4767 766 suus

2851 787 3132 871 gratiam
3198 789 3370 870 apud
3434 787 3736 851 inimicos
3798 787 4132 863 inveniat,
4205 799 4385 851 certo
4452 784 4627 851 istud
4686 803 4769 853 est

2851 871 3403 952 constituendum,
3446 871 3664 936 Deum
3708 872 4000 937 effecisse
4042 872 4112 936 in
4170 873 4452 954 gratiam
4498 871 4770 948 Davidis,

2852 969 2930 1023 ut
2969 958 3431 1025 conciliaretur
3472 957 3599 1041 ipsi
3642 978 3764 1022 rex
3802 957 4264 1039 Moabitarum,
4307 979 4502 1041 quem
4551 959 4773 1043 alioqui

2851 1054 3103 1109 certum
3146 1052 3249 1110 est
3288 1044 3488 1109 fuisse
3531 1041 3855 1110 Davidem
3915 1043 4348 1127 repulsurum,
4406 1042 4514 1107 vel
4572 1048 4771 1129 potius

2851 1130 2920 1194 in
3002 1127 3291 1195 hostium
3371 1149 3607 1194 manns
3696 1127 4111 1195 traditurum.
4224 1127 4771 1209 Quemadmodum

2852 1214 3068 1280 solent
3143 1215 3471 1299 principes
3563 1214 3736 1298 apud
3815 1214 3981 1281 alios
4056 1215 4396 1279 hominum
4468 1219 4773 1300 sanguine

2853 1320 3166 1383 quaerere
3210 1300 3550 1381 amicitias,
3598 1299 3701 1366 vel
3746 1319 3972 1382 pacem
4019 1298 4355 1378 redimere,
4415 1315 4482 1365 et
4539 1303 4771 1368 invete-

2856 1398 3032 1450 ratas
3096 1386 3472 1452 inimicitias
3528 1405 3789 1469 ponere.
3878 1384 3992 1452 Sic
4063 1384 4358 1450 videmus
4429 1385 4771 1454 Dominum

2854 1485 3151 1537 nostrum
3196 1472 3415 1537 Iesum
3461 1470 3799 1536 Christum
3843 1473 4045 1536 fuisse
4087 1473 4155 1535 in
4201 1471 4415 1536 Pilato
4462 1472 4548 1536 ad
4585 1473 4773 1543 Hero·

2854 1557 3000 1622 dem
3060 1559 3331 1623 missum
3351 1608 3366 1636 ,
3426 1569 3495 1623 et
3551 1555 3830 1622 ludibrio
3882 1557 4027 1622 eius
4083 1559 4475 1642 expositum,
4534 1571 4613 1624 ut
4667 1561 4774 1625 sibi

2853 1643 3186 1709 Herodem
3244 1642 3487 1709 iratum
3549 1642 3806 1708 Pilatus
3859 1642 4256 1708 conciliaret.
4344 1642 4535 1709 Idem
4589 1645 4774 1729 igitur

2853 1728 3100 1794 Davidi
3146 1728 3357 1810 potuit
3396 1729 3793 1811 contingere,
3849 1729 3976 1793 nisi
4019 1728 4202 1795 Deus
4254 1729 4670 1811 providisset,
4718 1747 4776 1797 et

2852 1814 3027 1898 regis
3090 1812 3527 1880 Moabitarum
3594 1834 3705 1879 cor
3769 1815 4131 1881 inflexisset
4204 1815 4286 1879 ad
4347 1816 4775 1899 recipiendum

2854 1913 3108 1983 patrem
3151 1910 3217 1965 et
3260 1907 3536 1966 matrem
3580 1899 3875 1965 Davidis.

3022 1984 3245 2051 Verba
3315 1994 3534 2052 autem
3612 1984 3728 2050 illa
3792 1984 4070 2052 Davidis
4127 1985 4313 2052 donec
4375 1987 4581 2053 sciam
4638 1990 4779 2071 quid

2847 2071 3050 2152 faciat
3088 2070 3249 2136 mihi
3302 2070 3508 2151 Deus,
3564 2091 3692 2135 non
3752 2070 3845 2136 sic
3900 2069 4332 2154 intelligenda
4387 2082 4551 2138 sunt
4610 2079 4776 2158 quasi

2850 2155 3072 2220 David
3115 2157 3409 2222 incertus
3456 2167 3804 2241 vagaretur
3862 2166 3931 2221 et
3987 2156 4222 2221 dubius
4265 2158 4489 2223 animi.
4568 2160 4779 2242 Neque

2850 2244 3022 2308 enim
3073 2263 3359 2324 unquam
3405 2242 3641 2307 abiecit
3683 2242 3926 2306 factam
3971 2262 4010 2306 a
4053 2241 4198 2307 Deo
4244 2242 4370 2308 sibi
4412 2247 4775 2327 promismo·

2852 2346 3071 2412 nemu
3107 2327 3222 2394 sed
3279 2350 3358 2393 ea
3408 2329 3615 2394 fretus
3672 2348 3901 2393 omnes
3956 2327 4374 2395 difficultates
4431 2334 4779 2412 superavit.

2852 2417 2950 2480 Ac
2996 2413 3149 2479 licet
3192 2414 3416 2479 multis
3460 2414 3762 2497 procellis
3821 2429 3889 2476 et
3946 2416 4444 2495 tempestatibus
4509 2420 4779 2500 agitatus

2854 2501 2958 2579 sit,
3003 2520 3336 2581 nunquam
3381 2510 3599 2564 tamen
3660 2500 3875 2583 potuit
3933 2499 4014 2562 ab
4070 2498 4184 2564 illo
4224 2498 4654 2568 fundamento
4694 2502 4783 2568 di·

2852 2585 3111 2658 moveri,
3156 2584 3377 2650 Deum
3423 2606 3564 2651 esse
3612 2605 3930 2651 veracem.
4022 2589 4118 2650 Ac
4176 2585 4450 2667 proinde
4509 2589 4782 2669 quando-

2850 2671 3112 2753 quidem
3146 2670 3353 2752 ipsius
3395 2669 3688 2737 bonitate
3710 2673 3998 2755 gratuita
4016 2671 4225 2736 fuerat
4250 2692 4371 2735 rex
4393 2673 4781 2756 designatus,

2852 2758 3068 2822 Deum
3110 2758 3309 2820 etiam
3352 2756 3588 2839 reipsa
3612 2758 4204 2821 demonstraturum
4247 2779 4318 2823 se
4360 2756 4781 2840 defensorem,

2851 2855 2918 2907 et
2962 2841 3220 2906 nonnisi
3267 2863 3336 2905 re
3380 2843 3665 2925 perfecta
3707 2843 4206 2925 conquieturum
4264 2841 4386 2908 sibi
4447 2848 4779 2926 persuasit.

2853 2926 3296 2992 Nihilominus
3342 2939 3561 2992 tamen
3608 2928 3771 2993 haec
3830 2928 4034 2993 verba
4088 2935 4245 2994 sunt
4296 2928 4587 2995 hominis
4645 2953 4779 2998 eum

2852 3013 3157 3078 maximis
3193 3012 3682 3079 difficultatibus
3728 3014 4057 3080 luctantis.
4120 3015 4229 3080 Ex
4271 3034 4399 3097 quo
4422 3015 4567 3082 loco
4601 3016 4781 3086 disci·

2852 3120 3000 3164 mus
3066 3098 3492 3183 pugnandum
3555 3120 3696 3166 esse
3749 3099 4066 3166 adversus
4124 3119 4353 3166 sensus
4409 3113 4672 3170 nostros
4722 3115 4782 3169 et

2851 3205 3075 3251 omnes
3110 3185 3662 3268 apprehensiones
3701 3206 3902 3270 quum
3940 3185 4298 3268 affligimur
4321 3195 4390 3252 et
4409 3209 4782 3256 exercemur

2850 3292 2889 3335 a
2933 3270 3075 3336 Deo
3118 3291 3234 3353 per
3278 3271 3463 3336 varia
3503 3272 3960 3338 instrumenta.
4048 3272 4219 3337 Nam
4263 3270 4449 3338 Deus
4504 3297 4663 3342 suos
4700 3277 4783 3342 sie

2850 3366 3110 3423 exercet
3153 3356 3555 3440 plerumque,
3602 3367 3679 3421 ut
3701 3358 4002 3422 videatur
4038 3378 4146 3423 eos
4190 3358 4259 3422 in
4303 3357 4557 3426 inferos
4590 3382 4783 3444 usque

2850 3442 3236 3507 detrusurus
3257 3492 3272 3519 ,
3350 3454 3419 3507 et
3495 3443 3973 3509 calamitatibus
4052 3463 4526 3526 oppressurus:
4606 3449 4783 3513 cuius

2851 3542 3067 3593 tamen
3122 3529 3341 3608 favor,
3400 3529 3613 3612 gratia
3668 3538 3734 3594 et
3788 3537 4073 3612 potestas
4131 3539 4459 3595 momento
4527 3547 4785 3615 apparet

2851 3625 3107 3697 praeter
3151 3614 3699 3696 exspectationem
3747 3630 3809 3680 et
3852 3614 4225 3697 opinionem
4273 3628 4589 3682 nostram.
4656 3617 4781 3684 Ob-

2851 3699 3175 3766 servanda
3244 3720 3403 3764 sane
3475 3698 3639 3764 haec
3708 3699 4005 3767 doctrina
4063 3710 4195 3781 est,
4263 3700 4783 3786 quandoquidem

2851 3786 3092 3851 nostris
3148 3784 3447 3852 sensibus
3504 3785 3700 3867 plane
3758 3787 4089 3851 contraria
4144 3795 4273 3863 est,
4330 3786 4414 3851 ad
4474 3809 4678 3871 quam
4729 3803 4787 3855 et

2848 3872 2976 3937 alia
3018 3870 3285 3951 accedit,
3345 3891 3472 3952 qua
3516 3871 3880 3936 retinemur
3934 3872 4006 3937 in
4064 3872 4342 3938 summis
4401 3873 4783 3941 calamitati·

2851 3956 2967 4024 bus
2989 3966 3057 4022 et
3092 3955 3600 4036 difficultatibus,
3637 3966 3716 4023 ut
3750 3957 4062 4023 nimirum
4100 3957 4426 4042 patienter
4458 3971 4787 4044 exspecte-

2848 4063 3014 4123 mus,
3070 4042 3276 4109 donec
3316 4062 3389 4108 se
3444 4041 3629 4109 Deus
3688 4042 4008 4108 vindicem
4068 4044 4448 4126 patefaciat:
4510 4068 4585 4112 ac
4646 4048 4788 4115 licet

2849 4128 2932 4195 ad
2963 4137 3224 4212 tempus
3265 4126 3520 4194 vultum
3568 4149 3755 4195 suum
3802 4129 4098 4209 occultet,
4154 4150 4419 4214 sperare
4462 4144 4691 4200 tamen
4724 4134 4786 4197 in

2848 4214 2992 4297 ipso
3034 4234 3164 4279 non
3209 4214 3601 4292 desinamus,
3662 4230 3728 4278 et
3786 4215 4087 4297 precibus
4145 4215 4533 4284 ardentibus
4588 4219 4787 4303 ipsius

2849 4299 3165 4365 auxilium
3220 4300 3660 4384 imploremus.
3762 4300 3983 4365 Huius
4040 4300 4346 4366 scientiae
4414 4305 4785 4387 exemplum

2850 4386 3038 4451 nobis
3101 4384 3224 4452 hoc
3287 4385 3428 4450 loco
3495 4386 3875 4468 proponitur
3933 4388 4003 4450 in
4059 4386 4312 4451 Davide
4368 4388 4781 4455 imitandum.

2851 4469 3059 4537 Ouius
3102 4468 3302 4538 verba
3360 4470 3488 4551 illa,
3553 4471 3740 4537 donec
3794 4490 4117 4554 coynovero
4173 4473 4326 4553 quid
4385 4472 4575 4541 Deus
4620 4475 4783 4542 sahi

2847 4556 3062 4638 faciat,
3119 4565 3443 4622 testantur
3497 4555 3693 4621 fidem
3750 4558 3887 4623 eius
3945 4571 4012 4621 et
4064 4557 4469 4640 patientiam.
4563 4561 4783 4645 Neque

2853 4642 3028 4706 enim
3069 4642 3274 4708 oculis
3315 4641 3641 4725 corporeis
3675 4650 3743 4707 et
3777 4641 4074 4708 sensibus
4108 4644 4401 4711 externis
4434 4666 4781 4732 cognosce-

2854 4729 2982 4806 bat,
3041 4747 3173 4810 qua
3232 4727 3483 4793 ratione
3536 4729 3720 4794 Deus
3776 4730 3903 4811 ipsi
3972 4730 4402 4807 succurrerit,
4467 4734 4589 4815 qui
4641 4755 4779 4801 eum

2853 4812 3052 4879 tantis
3094 4812 3589 4880 difficultatibus
3633 4812 4022 4880 luctaretur:
4077 4814 4192 4879 sed
4252 4816 4523 4883 interim
4567 4821 4779 4885 animo

2852 4918 3229 4981 persuasum
3272 4896 3550 4964 habebat
3571 4899 3791 4964 Deum
3834 4919 3987 4965 suas
4015 4900 4477 4983 promissiones
4522 4905 4777 4971 taudem

2851 4983 3293 5068 impleturum,
3348 4994 3417 5049 et
3461 4984 3633 5067 quod
3693 5006 3810 5069 per
3856 4984 4074 5052 Saulis
4133 4986 4581 5056 ministerium
4648 5013 4779 5076 pro-

2851 5069 3141 5146 miserat,
3186 5070 3660 5155 perfecturum:
3707 5070 3948 5139 idcirco
3991 5072 4189 5138 etiam
4234 5072 4542 5141 videmus
4586 5078 4775 5144 Davi·

2852 5152 3000 5219 dem
3078 5175 3289 5239 neque
3352 5156 3651 5222 fortunae
3668 5206 3684 5234 ,
3776 5177 3988 5241 neque
4062 5156 4321 5224 fortuiti
4401 5181 4599 5228 casus
4677 5177 4773 5229 sat

2852 5250 3128 5308 eventus
3172 5241 3562 5322 meminisse,
3616 5241 3730 5307 sed
3773 5241 3901 5309 Dei
3952 5243 4058 5327 qui
4116 5264 4236 5326 pro
4284 5246 4626 5315 voluntate
4665 5271 4768 5316 sua
