5059 6059
264 279 374 356 113

259 489 405 542 num
446 483 510 536 et
548 464 983 536 necessarium
1020 471 1152 530 est:
1195 484 1270 531 ac
1301 460 1579 547 proinde
1612 470 1806 528 extra
1842 459 2167 544 quaestio·

257 581 391 627 uem
431 552 734 639 positum,
836 571 989 616 uare
1043 549 1116 614 in
1159 549 1304 615 Deo
1357 548 1597 615 fiducia
1638 548 1728 615 sit
1767 544 2163 613 collocanda.

257 638 781 729 Quandoquidem
894 656 1010 702 eus
1052 650 1151 701 est
1194 635 1488 702 omnium
1543 634 1860 700 bonorum
1910 632 2055 699 fons
2099 643 2166 698 et

251 727 585 811 scaturigo,
640 745 759 790 nos
801 744 958 788 vero
1000 733 1230 788 contra
1272 721 1487 786 omnis
1534 720 1836 787 miseriae
1880 728 1949 785 et
1991 716 2162 784 cala·

250 813 484 885 mitatis
523 809 908 878 subiectum.
996 805 1182 874 Idem
1248 820 1387 874 esto
1446 805 1688 872 dictum
1734 804 1814 871 de
1869 804 2167 888 precibus

250 918 309 970 et
342 896 754 966 orationibus.
819 892 1007 962 Idem
1042 893 1123 961 de
1157 893 1445 971 caritate,
1491 891 1572 957 de
1612 890 2038 974 eleemosyna,
2083 888 2165 956 de

247 987 550 1060 castitate,
597 981 678 1047 de
721 980 1173 1063 temperantia,
1229 991 1299 1046 et
1341 975 1693 1046 similibus:
1737 997 1903 1060 quae
1945 976 2166 1043 omnia

245 1077 419 1142 Deus
459 1071 603 1137 sine
645 1065 1028 1150 exceptione
1070 1065 1216 1132 fieri
1258 1063 1592 1148 praecipit,
1626 1062 1797 1146 quod
1833 1063 1942 1146 qui
1977 1083 2164 1129 secus

244 1160 397 1227 faxit
471 1151 738 1221 divinae
804 1150 1125 1217 voluntati
1188 1161 1254 1218 et
1316 1149 1452 1235 legi
1516 1160 1856 1234 repugnet.
1985 1147 2165 1214 Sunt

243 1255 450 1312 autem
487 1240 619 1306 alia
651 1235 970 1322 quaedam
1007 1245 1278 1302 naturae
1314 1233 1658 1303 cuiusdam
1691 1232 1963 1310 mediae,
1997 1253 2165 1317 quae

238 1331 384 1398 licet
447 1347 582 1393 non
651 1322 1153 1407 praecipiantur,
1217 1330 1437 1387 tamen
1499 1320 1668 1387 nihil
1733 1319 1817 1386 ad
1887 1319 2163 1386 salutem

240 1416 596 1490 conferunt,
654 1408 769 1474 sed
828 1429 945 1492 per
1001 1428 1073 1474 se
1126 1406 1302 1473 mala
1356 1427 1490 1473 non
1546 1418 1735 1472 sunt:
1790 1404 1903 1472 sed
1947 1404 2166 1490 potius

238 1504 416 1569 bona.
522 1492 1093 1579 Quemadmodum
1110 1543 1129 1573 ,
1195 1491 1481 1576 exempli
1541 1492 1757 1576 gratia
1772 1541 1789 1573 ,
1848 1491 2164 1557 ieiunium

235 1609 346 1673 per
402 1607 476 1652 se
533 1580 705 1649 nihil
761 1589 882 1660 est,
939 1578 1138 1646 sicuti
1191 1577 1442 1644 Paulus
1495 1578 1633 1661 ipse
1690 1576 1996 1661 loquitur,
2062 1575 2164 1642 in-

232 1665 922 1825 aurem
956 1664 1102 1818 22:³2
1135 1662 1902 1816 ammte..

229 1865 333 1910 res
374 1860 642 1908 sumus:
687 1801 915 1921 neque2
941 1835 1143 1902 etiam
1186 1835 1243 1901 si
1284 1796 1536 1902 cibo’et
1579 1843 1737 1918 potu
1780 1832 2166 1900 abstinueri-

226 1951 386 1997 mus.
478 1926 819 1992 Ieiunium
864 1933 1087 1988 tamen
1130 1920 1416 1988 maxime
1458 1919 1724 2004 prodest
1765 1918 1848 1986 ad
1897 1940 2015 1988 nos
2057 1936 2167 1983 co·

223 2034 364 2081 ram
417 2012 574 2078 Deo
630 2006 1100 2075 humiliandos:
1164 2016 1234 2072 et
1290 2004 1369 2074 ad
1429 2012 1845 2090 peecatorum
1899 2023 2167 2072 sensum

220 2101 290 2166 in
330 2097 529 2167 nobis
576 2094 972 2180 augendum,
1013 2104 1082 2158 et
1123 2113 1246 2160 nos
1289 2091 1731 2159 admonendos
1773 2089 1854 2156 de
1896 2087 2170 2160 colenda

222 2184 583 2254 sobrietate
641 2191 708 2246 et
762 2177 1177 2246 abstinentia.
1264 2176 1646 2261 Eademque
1701 2175 1869 2243 ratio
1927 2184 2030 2242 est
2087 2172 2168 2240 de

222 2269 518 2354 reliquis,
571 2265 780 2334 veluti
868 2264 1218 2342 recatione‚
1276 2273 1346 2332 et
1401 2261 1548 2329 aliis
1605 2259 1970 2329 istiusmodi
2013 2257 2168 2326 fidei

223 2353 672 2423 adminiculis.
843 2371 921 2416 ae
984 2348 1040 2415 si
1105 2348 1179 2414 in
1245 2347 1562 2431 templum
1627 2348 2031 2425 veniremus,
2101 2359 2169 2411 et

219 2441 525 2527 lapidum
571 2438 784 2504 instar
827 2434 994 2502 nihil
1051 2455 1277 2501 eorum
1320 2453 1488 2518 quae
1532 2432 1832 2500 dicantur
1958 2431 2166 2516 roipe-

221 2549 464 2605 remus‚
510 2531 636 2590 aut
677 2520 916 2588 ibidem
960 2520 1107 2587 sine
1146 2517 1448 2605 precandi
1493 2519 1731 2585 affectu
1773 2538 1844 2584 se
1891 2538 2167 2596 eremus,

215 2613 416 2698 longe
463 2608 952 2678 conducibilius
992 2614 1165 2672 esset
1221 2604 1398 2672 domi
1455 2625 1740 2683 manere,
1843 2625 1996 2670 uam
2038 2602 2167 2670 Dei

216 2697 553 2782 templum
599 2695 1030 2777 frequentare,
1085 2692 1432 2775 Deumque
1477 2689 1759 2757 ludibrio
1852 2688 2064 2770 abere,
2105 2699 2169 2755 et

217 2783 504 2854 verbum
553 2781 762 2864 ipsius
804 2777 1207 2858 conculcare,
1246 2788 1311 2842 et
1353 2775 1541 2843 nihili
1574 2774 1806 2843 facere.
1897 2772 2073 2856 Quid
2112 2772 2170 2839 si

213 2876 556 2954 apparatu
599 2864 882 2950 quodam
925 2871 1199 2930 externo
1241 2869 1311 2929 et
1350 2862 1775 2930 caeremoniis
1816 2881 1893 2927 ac
1934 2879 2172 2960 pompa

212 2956 445 3023 Deum
509 2971 879 3037 precemur,
943 2948 1220 3034 genibus
1273 2948 1346 3014 in
1404 2959 1646 3014 terram
1698 2946 1908 3027 flexis,
1975 2955 2041 3012 et
2099 2967 2172 3011 in

211 3055 468 3124 terram
519 3037 853 3122 prostrati,
888 3045 957 3102 et
997 3046 1219 3103 tamen
1263 3035 1524 3099 animus
1565 3044 1790 3101 noster
1832 3032 1918 3099 ad
1950 3031 2171 3098 Deum

209 3133 760 3284 :amma
823 3118 2173 3286 ffioessfffflffiffigfflffl

207 3295 607 3383 profanatio
649 3289 771 3371 es't,
813 3293 946 3359 imo
990 3300 1060 3360 et
1101 3291 1533 3375 sacrilegium.
1621 3290 1729 3358 Ex
1773 3288 2012 3374 quibus
2055 3310 2168 3374 ap·

203 3392 403 3469 paret
451 3382 678 3449 multa
734 3400 876 3447 osse
934 3386 1176 3446 natura
1231 3397 1352 3444 sua
1410 3373 1598 3456 bona,
1653 3387 1720 3441 et
1777 3376 1861 3442 ad
1919 3384 2168 3443 rectum

203 3472 416 3538 finem
463 3466 840 3547 tendentia,
883 3464 1076 3531 modo
1111 3462 1193 3530 ad
1228 3474 1476 3532 rectum
1515 3482 1708 3528 suum
1745 3482 1940 3527 usum
1961 3483 2002 3528 a
2047 3460 2171 3545 pli-

204 3567 478 3623 centur.
610 3551 795 3618 Idem
874 3551 1070 3616 etiam
1151 3548 1230 3615 de
1307 3546 1640 3618 sacrificiis
1725 3555 1989 3615 statuen
2039 3568 2170 3614 um.

199 3642 450 3740 Neque
516 3638 700 3705 enim
757 3637 943 3703 fusus
1009 3638 1224 3711 boum.
1288 3655 1606 3718 agnorum
1670 3642 1784 3700 aut
1842 3633 2171 3700 hircorum

197 3722 972 3890 aeffitzffiwmflssz
994 3719 1938 3903 ξιξὲἑὲἓε,ἶὲ“ὀέἓῖωᾱξ““ξέῗ
1961 3738 2172 3902 12:⁶33:

281 3899 295 3913 ⁰
521 3945 542 3962 .
652 3892 827 3976 Quid
892 3913 1052 3960 vero
1117 3890 1382 3960 suffitus
1444 3888 1559 3956 ille
1668 3911 1705 3957 e
1768 3886 2170 3974 pinguedine

195 3978 670 4051 animalium?
771 3980 882 4046 An
957 3978 1156 4046 etiam
1238 3976 1301 4060 p'
1401 3975 1706 4043 uedinum
1784 3973 2168 4041 adustarum

194 4070 410 4138 odore
476 4077 560 4134 et
617 4065 992 4134 suffimento
1032 3998 1543 4147 peccatamffeleri
1586 4069 1651 4127 et
1693 4059 1945 4142 expiari
1988 4065 2166 4142 pote·

193 4168 378 4235 rant,
431 4161 573 4219 aut
614 4171 756 4218 esse
797 4158 1027 4234 gratus
1080 4146 1237 4215 odor
1285 4146 1612 4214 Domino?
1698 4144 1840 4211 Nae
1895 4141 2168 4210 adustae

191 4235 1613 4403 {diffiiffssfflssifessffimqffiffiffffssss’
1639 4251 1861 4384 1323?
1905 4237 2169 4385 {mmmmm

188 4409 712 4498 pinguedinum
747 4406 943 4474 odore
977 4406 1209 4476 fuisset
1248 4403 1622 4483 delectatus,
1657 4422 1938 4485 quarum
1973 4401 2168 4468 adus-

191 4513 436 4564 tarnm
515 4495 839 4560 foetorem
895 4513 1124 4560 omnes
1163 4487 1538 4574 refugiunt?
1623 4489 1732 4556 Ex
1774 4487 2012 4570 quibus
2052 4506 2165 4571 ap-

185 4595 397 4668 paret
435 4580 777 4650 sacrificia
811 4587 1047 4645 natura
1081 4597 1204 4645 sua
1226 4576 1368 4642 Deo
1403 4575 1654 4658 placere
1688 4593 1823 4639 non
1845 4573 2166 4656 potuisse:

186 4691 426 4769 neque
493 4667 676 4734 iram
732 4664 860 4731 Dei
917 4685 1035 4733 san
1129 4664 1241 4730 ine
1300 4661 1655 4728 bestiarum
1718 4657 1999 4759 placari,
2067 4656 2168 4724 vel

181 4752 480 4839 expiari
533 4760 833 4850 peccata-z
876 4685 1200 4833 siquiss‘ssm
1242 4768 1387 4814 eam
1431 4746 1643 4813 inesse
1689 4765 1824 4812 vim
1865 4743 2061 4809 bruto
2095 4751 2170 4810 ut
2225 4823 2230 4830 Ι

183 4842 524 4907 animam
575 4836 856 4903 hominis
900 4834 1229 4911 emundet,
1271 4854 1465 4900 nemo
1508 4838 1607 4898 est
1647 4831 1757 4914 qui
1793 4829 1966 4896 ausit
1998 4830 2171 4914 cogi-

183 4943 379 4994 tare:
451 4921 641 5008 quod
685 4929 981 4988 mortuae
1026 4918 1293 5004 pecudis
1334 4918 1605 5002 sanguis
1647 4915 1810 4982 nihil
1853 4913 1984 4981 nisi
2027 4935 2166 4981 cor-

179 5011 614 5095 ruptionem
655 5005 910 5074 habeat.
997 5006 1206 5089 Atqui
1251 5003 1551 5074 homines
1595 5002 1800 5069 effuso
1844 4999 2167 5083 pecudum

179 5096 569 5194 sanguine
608 5101 929 5176 quaerunt
968 5091 1050 5157 ab
1095 5090 1273 5156 omni
1316 5089 1571 5160 macula
1612 5093 2019 5173 peccatorum
2063 5106 2164 5152 re-

169 5203 498 5269 purgari
516 5228 539 5260 ,
598 5190 670 5246 ut
720 5198 942 5246 coram
995 5175 1141 5244 Deo
1198 5196 1569 5260 comparere
1624 5171 1909 5258 possint,
1961 5179 2029 5240 et
2088 5192 2166 5238 ea

379 5279 635 5341 Calvino·
665 5295 851 5351 opera.
931 5278 1045 5337 Vol.
1077 5277 1272 5336 m

1558 272 1659 340 IN
1701 272 1758 338 Ι.
1804 269 1983 338 LIB.
2029 270 2429 342 SAMUEL.
2472 270 2669 340 OAP.
2713 267 2868 335 XV.

4084 275 4210 344 114

2265 459 2520 525 ratione
2565 460 2637 526 in
2683 479 3031 526 numerum
3072 457 3363 525 filiorum
3403 458 3613 544 ipsius
3673 458 3965 529 admitti:
4028 463 4203 547 quod

2264 566 2423 616 sane
2467 545 2613 612 fieri
2656 566 2787 612 non
2830 544 3045 629 potuit
3087 564 3162 609 sa
3258 545 3408 611 uine
3454 544 3808 612 bestiarum
3846 547 4011 615 fuso.
4099 553 4200 616 Ac

2262 629 2539 716 proinde
2581 652 2716 698 non
2761 632 2876 697 abs
2921 651 2993 696 re
3035 628 3193 695 dicit
3271 632 3547 697 eremias
3590 632 3909 699 sacrificia
3950 634 4203 703 nullius

2264 738 2408 784 esse
2452 716 2784 797 momenti,
2842 736 3052 800 neque
3095 714 3380 799 reliquas
3422 737 3648 783 omnes
3690 719 3937 803 figuras
3980 730 4199 787 exter·

2264 823 2409 882 nas,
2465 801 2583 869 sed
2644 824 2755 870 em
2810 823 2952 869 esse
2996 801 3212 885 potius
3256 799 3724 868 abominationi
3767 823 3987 872 coram
4029 805 4195 874 Deo.

2265 886 2441 971 Quid
2485 889 2580 956 ita
2622 886 2825 955 vero?
2870 886 3124 971 Nempe
3168 887 3536 955 obedientia
3576 909 3693 971 per
3734 910 3807 955 se
3850 901 4058 957 mater
4100 903 4201 960 est

2264 975 2478 1041 omnis
2522 974 2809 1057 virtutis,
2850 982 2918 1040 et
2950 972 3266 1040 sacrificia
3298 984 3455 1039 sunt
3478 982 3785 1058 tanquam
3808 975 4199 1060 appendices

2265 1059 2499 1144 quibus
2543 1058 2625 1126 ad
2668 1059 2887 1126 Deum
2945 1056 3393 1144 quaerendum
3442 1059 3794 1126 incitamur
3836 1072 3902 1126 et
3942 1061 4198 1132 induci·

2264 1166 2435 1212 mur.
2493 1144 2789 1229 Namque
2822 1144 3040 1229 angeli
3078 1142 3248 1210 beati
3283 1143 3464 1210 nulla
3499 1166 3786 1229 unquam
3823 1146 4200 1215 habuerunt

2264 1231 2599 1310 sacrificia,
2644 1251 2921 1315 quorum
2964 1238 3190 1298 tamen
3230 1229 3512 1299 conditio
3553 1252 3686 1298 non
3728 1230 3874 1298 ideo
3918 1232 4200 1302 deterior

2266 1325 2395 1383 est:
2462 1315 3008 1400 quemadmodum
3074 1313 3296 1397 hodie,
3373 1337 3584 1401 neque
3647 1338 3918 1384 coenam
3985 1341 4199 1404 neque

2268 1402 2662 1486 baptismum
2710 1401 2969 1469 habent.
3058 1401 3151 1467 Et
3194 1409 3415 1469 tamen
3459 1401 3745 1470 conditio
3803 1413 4031 1472 nostra
4072 1427 4210 1472 non

2265 1487 2411 1553 ideo
2454 1487 2686 1554 melior
2729 1498 2828 1554 est
2869 1508 3066 1572 quam
3112 1488 3438 1571 ipsorum:
3496 1487 4022 1573 quandoquidem
4079 1492 4209 1560 ista

2267 1574 2457 1641 nobis
2500 1588 2767 1659 propter
2808 1573 3265 1640 infirmitatem
3298 1585 3589 1640 nostram
3625 1571 3778 1640 data
3819 1583 4004 1643 sunt:
4048 1598 4206 1661 quo·

2268 1657 2449 1727 niam
2508 1681 2639 1726 ncn
2708 1658 3266 1743 apprehendimus
3330 1657 3669 1742 spirituale
3733 1658 4072 1729 lavacrum
4133 1663 4209 1729 in

2270 1743 2595 1830 sanguine
2647 1744 2913 1812 Domini
2971 1743 3183 1810 nostri
3236 1743 3391 1811 Iesu
3438 1743 3706 1822 Christi,
3774 1744 3903 1813 nisi
3958 1747 4208 1815 visibili

2270 1832 2460 1913 signo
2525 1831 2740 1914 aliquo
2793 1828 2983 1896 nobis
3039 1840 3578 1913 repraesentetur.
3680 1830 3772 1898 Et
3822 1831 4208 1918 ignoramus

2270 1915 2427 2001 quid
2471 1917 2559 1983 sit
2598 1915 2838 1982 nutriri
2880 1935 3150 2000 corpore
3194 1924 3260 1981 et
3301 1915 3625 2000 sanguine
3667 1916 3891 2001 ipsius,
3937 1917 4066 1986 nisi
4109 1920 4204 1988 vi·

2270 2001 2487 2070 sibilia
2550 2001 2741 2086 panis
2806 2009 2873 2067 et
2936 2001 3076 2070 vini
3136 2000 3438 2087 symbola
3493 1999 3684 2069 nobis
3750 2001 4206 2086 exhibeantur,

2272 2085 2799 2173 quandoquidem
2842 2108 3080 2154 sensus
3120 2095 3347 2153 noster
3389 2086 3573 2154 rudis
3614 2098 3734 2167 est,
3794 2097 3861 2154 et
3912 2110 4032 2157 nos
4077 2100 4207 2157 ter·

2270 2174 2412 2241 reni
2457 2194 2706 2240 smnus.
2773 2172 3005 2257 Itaque
3038 2180 3312 2257 apparet
3347 2181 3633 2240 veterem
3667 2173 3853 2239 illum
3890 2174 4207 2259 populum

2269 2281 2431 2344 opus
2473 2256 2779 2325 habuisse
2823 2271 3085 2342 propter
3127 2257 3575 2323 infirmitatem
3619 2257 3750 2326 illis
3785 2259 4045 2344 figuris:
4088 2260 4205 2329 sed

2271 2355 2492 2411 tamen
2538 2365 2770 2411 verum
2805 2343 3274 2412 sacrificiorum
3310 2363 3503 2409 usum
3538 2345 3903 2427 oportuisse
3925 2347 4204 2431 spectari

2270 2431 2352 2498 ab
2395 2429 2527 2497 illis
2574 2439 2827 2498 certum
2870 2437 2987 2497 est.
3076 2429 3264 2496 Deus
3307 2429 3483 2495 enim
3526 2428 3796 2513 spiritus
3838 2441 3957 2512 est,
4001 2452 4206 2516 quare

2272 2528 2339 2582 et
2380 2517 2450 2581 in
2493 2514 2733 2599 spiritu
2775 2522 2847 2582 et
2892 2515 3161 2581 veritate
3205 2513 3356 2581 vult
3397 2514 3539 2582 coli.

2443 2598 2885 2683 Quamobrem
2908 2601 3037 2667 Dei
3075 2599 3293 2669 cultus
3326 2600 3649 2670 rationem
3684 2601 3756 2668 in
3799 2622 3876 2668 eo
3918 2604 4206 2672 maxime

2271 2686 2551 2772 positam
2594 2707 2736 2754 eme
2779 2687 3081 2767 sciamus,
3126 2696 3201 2752 ut
3244 2685 3386 2752 Deo
3432 2707 3549 2753 nos
3591 2695 3767 2753 totos
3817 2685 4206 2770 dedicemus,

2273 2786 2340 2842 et
2382 2772 2570 2840 nobis
2613 2772 2773 2856 ipsis
2816 2772 3300 2852 renunciemus,
3348 2773 3422 2837 in
3466 2771 3612 2840 Deo
3656 2772 3794 2839 solo
3836 2775 4203 2856 acquiesca-

2273 2881 2440 2938 mus,
2485 2867 2555 2924 et
2596 2858 2875 2925 salutem
2918 2865 3228 2936 nostram,
3271 2856 3581 2942 gaudium
3625 2868 3693 2925 et
3734 2857 4108 2928 felicitatem
4132 2861 4206 2927 in

2272 2944 2385 3011 illo
2421 2965 2553 3011 uno
2586 2964 3017 3027 quaeramus:
3055 2964 3138 3010 ne
3176 2943 3363 3010 vanis
3383 2943 3627 3012 nostris
3805 2943 4206 3014 ulationibus

2275 3030 2657 3097 efferamur:
2716 3027 2833 3097 sed
2888 3028 2972 3095 ad
3025 3028 3215 3095 illum
3259 3049 3466 3094 unum
3506 3029 3686 3112 preci
3730 3050 3810 3097 us
3853 3037 3923 3095 et
3965 3031 4206 3097 oratio·

2274 3114 2468 3184 nibus
2502 3115 2980 3200 confugiamus:
3016 3124 3087 3181 et
3119 3135 3238 3199 pro
3273 3115 3555 3198 acceptis
3592 3114 3923 3182 beneficiis
3958 3116 4207 3201 gratias

2273 3201 2372 3269 illi
2415 3201 2818 3269 immortales
2874 3220 3179 3286 agamus:
3246 3209 3315 3266 et
3368 3221 3519 3267 cnm
3572 3200 3889 3285 proximis
3932 3200 4207 3270 candide

2272 3301 2340 3356 et
2383 3288 2635 3355 sincere
2678 3305 3154 3356 conversemur.
3223 3285 3378 3364 Ista,
3413 3285 3703 3369 inquam,
3736 3286 3958 3354 omnia
3982 3287 4207 3357 cultus

2273 3375 2400 3442 Dei
2459 3373 2720 3440 nomine
2782 3372 3224 3441 continentur.
3328 3371 3574 3456 Ecquis
3755 3394 3794 3439 o
3857 3383 3959 3438 est
4015 3372 4208 3442 nobis

2271 3458 2466 3525 hodie
2529 3458 2822 3543 reliquus
2886 3458 3352 3526 sacrificiorum
3417 3456 3626 3524 usus?
3792 3456 3963 3526 ullus
4023 3479 4205 3528 sane.

2272 3543 2449 3612 Sunt
2484 3545 2660 3610 enim
2697 3543 3025 3627 abrogata.
3084 3541 3336 3610 Verum
3370 3543 3681 3626 quoniam
3715 3544 3959 3610 terreni
3990 3544 4207 3618 adhue

2271 3652 2497 3697 sumus
2542 3640 2608 3694 et
2650 3649 2869 3696 crasso
2911 3638 2978 3695 et
3019 3627 3281 3714 stupido
3323 3628 3613 3713 ingenio,
3658 3627 4047 3713 quibusdam
4092 3630 4207 3697 ad·

2272 3714 2605 3782 miniculis
2669 3735 2791 3781 nos
2852 3714 2936 3781 ad
3003 3715 3360 3783 Dominum
3441 3713 3676 3783 adduci
3752 3736 4019 3784 neeesse
4084 3729 4204 3786 est.

2269 3805 2490 3884 Atque
2534 3801 2665 3867 ista
2704 3799 2969 3884 quidem
3008 3799 3423 3868 sufficiunto:
3482 3798 3598 3868 sed
3639 3810 3977 3884 praeterea
4020 3812 4207 3872 note·

2270 3908 2421 3953 mus
2465 3907 2506 3954 a
2549 3885 2692 3954 Deo
2735 3906 2929 3970 saepe
2984 3886 3164 3952 reiici
3217 3886 3468 3953 oblatos
3521 3884 3646 3954 sibi
3703 3885 3917 3954 cultus
3959 3887 4041 3954 ab
4087 3888 4206 3956 ho·

2270 3972 2556 4038 minibus
2599 3981 2863 4056 propter
2919 3971 3212 4056 ipsorum
3273 3979 3558 4055 peecata.
3647 3971 3817 4038 Nam
3875 3972 4007 4039 iam
4051 3973 4206 4042 inde

2270 4056 2353 4123 ab
2409 4057 2590 4124 omni
2646 4077 2806 4125 aevo
2860 4057 3255 4124 studuerunt
3310 4057 3609 4124 homines
3650 4057 3795 4125 Deo
3848 4058 4204 4144 imponere,

2269 4152 2337 4209 et
2399 4143 2825 4212 caeremoniis
2890 4142 3177 4210 externis
3242 4141 3343 4208 illi
3408 4143 3778 4211 satisfacere
3846 4154 4041 4227 atque
4104 4145 4204 4213 illi

2270 4250 2723 4313 quemcunque
2764 4227 2957 4295 libuit
2998 4228 3245 4296 cultum
3289 4228 3622 4314 affingere.
3691 4226 3885 4296 Unde
3929 4241 4204 4314 apparet

2271 4315 2613 4382 hominum
2690 4314 3028 4399 ingenium
3099 4313 3419 4382 adversus
3513 4314 3857 4382 veritatem
3941 4335 4203 4400 semper

2268 4399 3192 4556 32¹¹⁸23¹2²1ffi²¹¹¹²203⁰¹2t1223⁶⁰
3209 4421 3453 4554 „2:³2⁰
3489 4399 3635 4552 0:2¹
3684 4399 4203 4556 ffissffififfi

2269 4505 2845 4656 οοτξαωρουῗῖἰιιω,
2890 4580 2958 4637 et
2996 4507 3260 4642 omniffio
3297 4579 3522 4639 contra
3553 4572 3576 4637 i
3660 4571 3758 4636 'us
3794 4569 4200 4641 voluntatem

2269 4657 2747 4758 usurpantium.
2814 4657 3046 4741 Itaque
3088 4678 3280 4741 saepe
3323 4677 3363 4722 a
3401 4677 3559 4723 vero
3578 4591 3709 4722 fflj
3751 4653 3931 4723 cultu
3975 4656 4200 4728 videas

2269 4741 2566 4810 hommes
2633 4742 2954 4822 recedere,
3017 4764 3217 4827 quum
3282 4740 3407 4809 sibi
3469 4739 3661 4807 modo
3724 4739 3940 4825 hunc,
4004 4744 4197 4812 modo

2266 4828 2477 4906 illum,
2521 4828 2722 4894 ritum
2766 4829 3238 4914 imaginantur:
3284 4836 3359 4893 ut
3398 4828 3477 4892 fit
3518 4826 3591 4892 in
3635 4837 3898 4911 papatu,
3934 4827 4044 4894 ubi
4068 4829 4199 4898 Dei

2267 4913 2517 4982 cultum
2558 4915 2906 4980 nominant
2936 4915 3050 4980 illa
3084 4915 3302 4982 nescio
3336 4932 3500 4995 quae
3537 4910 3813 4979 ridicula
3847 4922 3915 4978 et
3949 4912 4200 4983 ludicra

2268 5001 2337 5066 in
2376 4997 2664 5067 Satanae
2705 4999 2966 5067 officina
3005 5020 3246 5066 excusa
3287 4998 3573 5076 inventa,
3615 4998 4053 5066 caeremonias
4095 5003 4196 5068 in·

2269 5106 2466 5170 quam
2529 5093 2597 5151 et
2651 5103 2955 5170 pompam
3021 5092 3385 5162 externam,
3450 5103 3619 5167 quae
3684 5080 3918 5150 deinde
3980 5089 4203 5158 omnia

2271 5170 2617 5240 hominum
2651 5170 2923 5239 audacia
2956 5169 3379 5255 pertinaciter
3412 5167 3701 5236 retinuit.
3765 5168 3949 5238 Idem
3974 5169 4211 5244 Iudaei
