5059 6059
808 296 941 364 343

812 490 1023 570 tollat,
1063 511 1191 574 quo
1229 491 1437 575 magis
1478 491 1894 570 indurentur,
1941 501 2007 557 et
2052 494 2215 560 recti
2260 495 2577 579 pravique
2626 497 2757 561 dis·

813 577 1067 646 crimen
1107 578 1266 661 ipsis
1308 576 1668 643 adimatur:
1729 589 1846 643 aut
1887 579 1943 644 si
1986 578 2261 645 verbum
2304 603 2495 647 suum
2542 582 2760 649 adhuc

815 664 1151 748 relinquit,
1210 663 1274 728 id
1334 663 1405 727 in
1451 664 1763 728 maiorem
1812 667 2102 750 ipsorum
2149 666 2758 733 condemnationem

816 762 886 817 et
940 749 1383 815 confusionem
1444 751 1577 815 fiat.
1669 750 1772 815 En
1838 752 2074 835 quibus
2116 754 2342 835 poenis
2385 755 2759 819 incredulos

816 846 884 901 et
916 836 1214 919 ingratos
1257 836 1628 902 ulciscatur.
1695 835 1992 902 Verbum
2036 839 2299 921 quidem
2345 860 2541 905 suum
2575 839 2762 905 Deus

817 920 901 987 ad
944 943 1173 988 omnes
1216 922 1457 1004 dirigit,
1518 943 1727 1005 eoque
1782 944 2009 987 omnes
2067 926 2210 989 sine
2250 926 2636 1009 exceptione
2679 927 2757 990 ad

814 1028 888 1075 so
933 1009 1201 1074 invitat:
1246 1009 1665 1090 evangelium
1712 1010 1887 1074 enim
1932 1009 2143 1075 instar
2186 1012 2381 1076 tubae
2417 1023 2624 1077 totum
2663 1033 2765 1076 or-

814 1094 964 1160 bem
1009 1103 1353 1177 personat,
1403 1094 1750 1177 Deumque
1796 1095 2153 1177 propitium
2200 1098 2500 1163 omnibus
2544 1097 2761 1180 ipsum

818 1179 1286 1265 quaerentibus
1330 1189 1397 1245 et
1439 1182 1718 1264 gratiam
1756 1181 2041 1245 oblatam
2081 1181 2582 1249 admittentibus
2623 1183 2763 1249 fore

817 1267 1228 1349 pronunciat.
1317 1265 1408 1331 At
1467 1268 1613 1348 quis
1666 1267 1775 1331 hic
1819 1268 2161 1334 hominum
2208 1279 2456 1351 stupor,
2516 1282 2764 1352 quanta

819 1352 1102 1434 denique
1146 1352 1590 1435 ingratitudo?
1681 1353 1867 1418 Alios
1916 1355 2094 1418 enim
2136 1355 2361 1420 videas
2405 1374 2637 1439 parum
2682 1354 2764 1419 de

816 1446 1008 1503 tanto
1069 1440 1231 1504 bono
1289 1439 1622 1523 sollicitos,
1683 1439 1872 1503 bruto
1928 1439 2208 1521 quodam
2257 1462 2455 1507 sensu
2500 1461 2763 1524 praeoc-

816 1533 1086 1606 cupatos
1129 1522 1292 1588 illud
1336 1524 1608 1608 pedibus
1652 1525 2069 1590 conculcare:
2127 1526 2288 1592 alios
2334 1526 2580 1609 aliquid
2623 1547 2765 1592 am-

815 1610 990 1694 plius
1032 1610 1365 1687 audentes,
1423 1614 1616 1675 etiam
1664 1610 1978 1675 adversus
2022 1610 2239 1677 Deum
2284 1613 2500 1696 ipsum
2548 1614 2764 1678 insur-

822 1716 995 1780 gere,
1056 1697 1332 1762 fremere
1390 1710 1457 1762 et
1514 1696 1824 1761 audacius
1878 1697 2126 1762 inflari:
2188 1699 2349 1764 alios
2404 1701 2603 1765 etiam
2649 1698 2761 1764 ad·

820 1802 1053 1849 versus
1096 1783 1396 1849 veritatis
1441 1802 1795 1866 praecones
1850 1785 2427 1867 persequutionem
2488 1795 2764 1866 struere,

821 1872 1190 1951 veritatem,
1246 1879 1430 1933 tanta
1489 1878 1588 1933 est
1644 1869 1937 1952 ipsorum
1982 1871 2414 1949 contumacia,
2480 1871 2654 1936 ferro
2698 1881 2767 1935 et

817 1957 1124 2036 flammis,
1193 1957 1248 2021 si
1316 1955 1602 2027 daretur,
1660 1955 2229 2037 pessumdaturos:
2295 1968 2489 2039 atque
2544 1957 2766 2022 Deum

818 2043 1037 2126 ipsum
1080 2064 1200 2108 sua
1240 2041 1654 2107 immanitate
1697 2048 1765 2105 et
1807 2042 2088 2106 saevitia
2128 2062 2570 2125 oppressuros,
2629 2063 2767 2107 me-

818 2128 1228 2211 moriamque
1272 2128 1556 2193 nominis
1597 2127 1804 2209 ipsius
1846 2148 1883 2192 e
1928 2128 2098 2192 vivis
2145 2128 2490 2194 deletui-os.
2582 2128 2769 2194 Alios

818 2214 1081 2298 egregie
1146 2211 1667 2287 dissimulantes,
1742 2212 1915 2295 quod
1982 2212 2232 2279 duabus
2296 2213 2477 2279 sellis
2543 2214 2772 2280 sedere

822 2302 1108 2384 cupiant,
1173 2307 1239 2364 ot
1299 2299 1525 2364 eadem
1584 2298 1804 2364 fidelia
1875 2297 2036 2364 duos
2102 2299 2405 2365 dealbare
2468 2301 2768 2384 parietes,

814 2406 1059 2451 nomen
1102 2385 1363 2468 quidem
1410 2386 1534 2450 Dei
1579 2385 1795 2468 palam
1840 2387 2101 2464 iactare,
2160 2383 2273 2450 sed
2335 2387 2660 2451 honorum
2704 2396 2771 2451 et

822 2471 1224 2555 dignitatum
1261 2480 1579 2555 amantes,
1618 2471 1957 2554 avaritiae,
2000 2470 2153 2551 odii,
2197 2470 2611 2536 scortationis
2636 2472 2770 2555 ple·

821 2578 941 2623 nos
997 2557 1068 2621 in
1122 2577 1396 2622 numero
1440 2557 1731 2622 fidelium
1774 2555 2053 2622 adscribi
2100 2557 2529 2622 nihilominus
2573 2557 2763 2623 velle.

822 2643 930 2707 En
987 2642 1226 2725 quibus
1279 2641 1489 2708 modis
1534 2643 1658 2707 Dei
1720 2644 1934 2726 gratia
1978 2641 2312 2725 polluatur
2353 2652 2422 2707 et
2465 2642 2763 2725 profane·

820 2737 951 2808 tur,
995 2727 1316 2811 quomodo
1359 2730 1541 2796 verbi
1561 2728 1689 2793 Dei
1716 2729 2064 2795 thesaurus
2105 2729 2607 2794 inaestimabilis
2648 2750 2761 2813 pe-

821 2814 1015 2881 dibus
1090 2824 1314 2880 tamen
1381 2815 1820 2881 conculcetur.
1906 2813 2214 2880 Deumne
2282 2835 2440 2880 vero
2502 2823 2764 2880 tantum

818 2902 922 2968 sui
987 2911 1453 2986 contemptum,
1517 2912 1898 2983 tantamque
1956 2899 2419 2966 contumeliam
2484 2900 2765 2966 inultam

814 2987 1202 3054 relicturum
1268 2986 1783 3053 arbitrabimur?
1894 2987 2173 3052 Minime
2251 2986 2568 3070 gentium.
2676 2986 2766 3051 Et

814 3072 1247 3138 nihilominus
1293 3080 1476 3138 tanta
1519 3073 1661 3139 eius
1698 3080 1800 3138 est
1832 3071 2109 3154 bonitas,
2154 3080 2421 3155 tamque
2454 3071 2766 3155 proclivis

818 3158 900 3223 ad
948 3158 1481 3236 misericordiam,
1540 3168 1618 3223 ut
1658 3158 1727 3222 in
1776 3160 2048 3225 miseros
2092 3158 2395 3223 homines
2439 3157 2523 3223 ad
2569 3178 2763 3224 omne

816 3245 1147 3329 flagitium
1192 3265 1567 3329 propensos,
1609 3244 1832 3311 oculos
1865 3244 2013 3312 beni
2066 3266 2146 3310 ne
2181 3251 2539 3323 convertat,
2584 3264 2765 3310 suos-

816 3352 943 3416 que
988 3330 1071 3396 ad
1116 3352 1227 3397 eos
1268 3351 1644 3415 praecones,
1690 3331 1926 3415 quibus
1968 3351 2009 3398 o
2081 3330 2163 3397 cii
2208 3339 2624 3408 moneantur,
2669 3330 2761 3395 di-

814 3418 1055 3482 mittat.
1148 3421 1237 3481 At
1279 3418 1334 3483 si
1380 3437 1499 3500 per
1546 3437 1699 3484 suos
1755 3417 2085 3483 incassum
2130 3418 2314 3483 Deus
2371 3415 2643 3496 laborat,
2702 3415 2762 3483 si

816 3524 1013 3567 mane
1056 3524 1350 3584 surgens,
1395 3512 1472 3568 ut
1515 3523 1634 3585 per
1675 3503 2065 3587 prophetam
2106 3502 2246 3569 suis
2291 3502 2447 3567 olim
2493 3502 2759 3569 obiicie-

818 3588 948 3666 bat,
990 3587 1074 3653 ad
1105 3610 1222 3655 nos
1267 3588 1732 3668 sollicitandos,
1777 3588 2216 3673 obtorpemus,
2260 3594 2327 3653 et
2369 3588 2441 3654 in
2482 3587 2621 3654 dies
2666 3590 2762 3654 in-

818 3673 1154 3751 duramur,
1215 3697 1340 3741 nae
1396 3685 1648 3741 tantam
1702 3685 1966 3759 tamque
2009 3673 2381 3758 pudendam
2440 3673 2759 3739 malitiam

817 3780 1051 3825 severa
1103 3771 1168 3825 et
1224 3760 1555 3826 horrenda
1612 3761 1906 3826 vindicta
1963 3771 2281 3844 sequatur
2329 3780 2594 3826 necesse
2637 3769 2755 3840 est,

816 3852 886 3909 et
929 3853 1180 3910 tantam
1228 3847 1426 3912 etiam
1469 3845 2009 3931 ingratitudinem
2055 3867 2321 3912 severae
2355 3866 2605 3929 poenae
2640 3868 2755 3911 ex·

814 3931 1088 4013 cipiant:
1147 3953 1312 4015 quae
1368 3934 1427 3998 si
1484 3954 1616 3997 non
1665 3933 1876 4016 primo
1919 3954 2172 4016 quoque
2216 3941 2510 4015 tempore
2555 3952 2754 4015 appa·

812 4027 980 4092 rent,
1029 4015 1425 4084 differuntur
1468 4039 1645 4098 sane,
1706 4040 1836 4084 non
1898 4020 2306 4085 auferuntur.
2393 4016 2579 4099 Quin
2621 4019 2754 4088 imo

812 4102 936 4169 etsi
978 4115 1359 4187 praesentes
1403 4106 1662 4183 adsunt,
1708 4125 1901 4188 saepe
1942 4126 2077 4170 non
2121 4104 2520 4182 sentiuntur,
2569 4111 2755 4168 tanta

810 4200 910 4255 est
970 4191 1359 4255 miserorum
1417 4191 1793 4256 mortalium
1851 4191 2150 4258 caecitas.
2236 4190 2443 4255 Porro
2500 4188 2756 4256 duobus

811 4275 1198 4359 plerumque
1242 4276 1452 4342 modis
1494 4296 1637 4341 sese
1682 4275 1909 4342 divina
1943 4277 2106 4342 haec
2140 4276 2307 4343 ultio
2339 4276 2409 4341 in
2446 4276 2754 4342 mortales

810 4363 1072 4426 exserit.
1160 4362 1330 4427 Nam
1382 4383 1576 4447 saepe
1620 4363 1802 4428 Deus
1861 4384 2118 4428 omnem
2164 4363 2267 4428 sui
2311 4362 2752 4445 cognitionem

809 4446 1041 4513 adimit
1089 4448 1170 4513 iis
1213 4450 1323 4531 qui
1371 4448 1553 4531 prius
1597 4469 1785 4514 sacra
1827 4451 1967 4515 eius
2010 4448 2327 4534 mysteria
2372 4448 2536 4512 bene
2580 4447 2751 4514 docti

805 4531 1088 4615 fuerant,
1163 4542 1241 4598 ut
1307 4554 1515 4617 neque
1583 4535 1771 4600 verbi
1836 4534 2042 4599 divini
2107 4533 2475 4611 lectionem,
2542 4554 2751 4617 neque

809 4620 1360 4704 praedicationem
1407 4618 1692 4685 eiusdem
1740 4619 2048 4698 habeant,
2107 4619 2222 4686 sed
2279 4621 2443 4685 istar
2493 4620 2751 4685 fameli-

809 4725 1035 4771 corum
1100 4705 1425 4787 deficiant,
1471 4727 1661 4789 quam
1714 4705 1901 4770 verbi
1930 4705 2058 4773 Dei
2101 4706 2339 4770 famem
2387 4713 2599 4771 totum
2643 4727 2750 4771 or-

811 4791 961 4857 bem
1030 4794 1396 4875 pervasisse
1462 4793 1923 4876 conspicimus.
2033 4792 2527 4876 Nonnunquam
2593 4812 2752 4858 vero

807 4877 992 4944 Deus
1023 4878 1286 4961 quidem
1315 4877 1672 4963 prophetas
1706 4878 2056 4944 suscitatos
2083 4879 2154 4942 in
2191 4877 2415 4943 orbem
2452 4877 2748 4959 dimittit,

808 4982 1088 5046 quorum
1144 4964 1621 5048 praedicatione
1676 4964 2088 5048 stupidorum
2146 4962 2493 5030 hominum
2558 4984 2752 5031 aures

807 5048 1142 5130 feriantur,
1207 5049 1320 5116 sed
1373 5052 1440 5116 in
1502 5050 1814 5116 maiorem
1872 5047 2234 5116 eorundum
2279 5049 2750 5118 confusionem.

806 5132 1073 5215 Quanto
1094 5136 1271 5201 enim
1297 5138 1541 5203 maiora
1565 5137 1690 5201 Dei
1713 5155 1871 5220 erga
1891 5156 1962 5201 se
1983 5138 2235 5219 gratiae
2257 5145 2326 5202 et
2357 5136 2749 5203 benevolen-

805 5222 939 5287 tiae
974 5221 1373 5288 exstiterunt
1407 5223 1803 5301 testimonia,
1848 5230 2032 5288 tanto
2053 5222 2261 5289 maior
2294 5223 2421 5288 erit
2456 5222 2748 5290 eiusdem

2539 305 2954 374 HOMILIA
2996 305 3087 375 X.

4632 312 4733 381 344

2863 496 2946 561 ad
2989 505 3361 564 extremum
3421 504 3836 579 contemptae
3893 504 3961 563 et
4003 495 4282 562 reiectae
4321 496 4733 582 condemnatio,

2862 595 3172 666 tantoque
3216 584 3512 649 severius
3554 583 3889 649 iudicium.
3958 582 4228 648 Accedit
4262 592 4329 647 et
4370 582 4495 660 illa,
4535 585 4606 650 de
4634 608 4735 669 qua

2861 672 3165 752 superius
3223 670 3500 753 egimus,
3557 669 3743 734 verbi
3803 669 4016 733 divini
4076 670 4442 735 excaecatio
4479 684 4544 734 et
4580 672 4734 737 indu·

2861 758 3031 820 ratio
3097 776 3217 839 pro
3281 756 3428 821 luce
3494 775 3688 837 quam
3755 754 3997 837 alioqui
4064 755 4294 819 fuisset
4358 755 4633 832 allatura,
4687 767 4737 824 et

2862 862 3057 924 quam
3103 842 3447 925 morigeris
3501 850 3568 906 et
3626 840 4131 923 obsequentibus
4187 839 4511 906 offerebat.
4588 841 4739 922 Quod

2863 928 3124 1010 quidem
3172 948 3306 993 non
3343 928 3466 1010 ipsi
3503 926 3725 1002 verbo,
3772 928 3955 991 cuius
3989 946 4148 992 sane
4186 926 4388 991 radiis
4423 927 4739 995 illustrandi

2859 1022 3072 1088 erant,
3135 1012 3247 1079 sed
3308 1014 3577 1078 innatae
3631 1011 3919 1077 malitiae
3976 1023 4045 1077 et
4099 1012 4266 1078 vitio
4334 1011 4739 1080 tribuendum:

2863 1099 3408 1181 quemadmodum
3454 1097 3615 1165 lucis
3657 1100 3918 1182 quidem
3964 1097 4307 1181 splendore
4352 1113 4536 1184 grato
4575 1113 4632 1162 et
4665 1121 4742 1165 sa·

2865 1185 3031 1250 lubri
3097 1195 3425 1250 terrarum
3484 1185 3662 1249 orbis
3706 1184 4092 1259 illustratur,
4150 1182 4263 1249 sed
4305 1184 4526 1249 multis
4566 1199 4742 1251 tamen

2865 1273 3124 1354 ingrato
3189 1282 3254 1335 et
3305 1271 3600 1336 exitioso.
3707 1271 4169 1335 ancutientes
4233 1272 4410 1335 enim
4477 1269 4743 1337 solaribus

2866 1359 3064 1422 radiis
3110 1356 3285 1423 haud
3332 1357 3725 1433 afficiuntur,
3782 1367 3849 1420 et
3902 1356 4108 1421 oculis
4152 1356 4368 1422 affecti
4410 1356 4607 1440 magis
4644 1357 4743 1422 lae·

2866 1443 3132 1523 duntur,
3196 1457 3262 1507 et
3326 1462 3454 1525 quo
3519 1442 3726 1508 maior
3791 1452 3891 1507 est
3953 1441 4118 1508 lucis
4183 1441 4509 1524 splendor,
4581 1445 4746 1525 magis

2866 1531 3062 1594 etiam
3108 1539 3574 1595 excaecantur:
3633 1540 3709 1592 ut
3767 1529 3870 1594 vel
3915 1530 3984 1592 in
4047 1527 4353 1605 tenebris,
4419 1527 4517 1591 vel
4559 1528 4620 1591 in
4660 1531 4746 1593 ob-

2866 1635 3060 1680 scura
3144 1615 3289 1681 luce
3353 1612 3716 1678 remedium
3815 1613 4017 1679 oculis
4063 1633 4382 1697 quaerere
4458 1624 4747 1696 cogantur.

2865 1700 3090 1782 Quare
3133 1720 3334 1784 quum
3374 1700 3672 1766 doctrina
3705 1699 3937 1765 salutis
3973 1709 4180 1763 totum
4219 1711 4538 1764 terrarum
4571 1701 4748 1764 orbem

2865 1786 3215 1866 irradiarit,
3275 1797 3459 1851 tanto
3517 1786 3762 1850 maiore
3820 1807 3977 1851 cura
4035 1786 4105 1849 in
4153 1786 4278 1852 hoc
4321 1785 4509 1850 nobis
4550 1786 4751 1850 incum-

2869 1872 3173 1950 bendum,
3229 1892 3314 1936 ne
3371 1872 3539 1936 tanti
3595 1871 3894 1936 beneficii
3948 1871 4170 1936 reiecti
4227 1891 4452 1936 coram
4497 1869 4628 1935 Deo
4682 1870 4752 1935 rei

2869 1979 3171 2042 agamur:
3217 1958 3310 2025 sic
3352 1957 3530 2023 enim
3576 1958 3657 2022 ad
3704 1957 3987 2039 priorem
4031 1958 4241 2022 maior
4282 1958 4481 2022 etiam
4525 1957 4755 2022 caecitas

2870 2044 3223 2111 accederet.
3313 2043 3544 2127 Neque
3598 2063 3754 2107 vero
3812 2051 4067 2107 tant-um
4127 2043 4454 2107 audienda
4508 2041 4755 2107 doctrine

2868 2131 2986 2195 illa
3028 2130 3330 2196 coelestis
3372 2130 3630 2195 carneis
3688 2130 3976 2205 auribus,
4035 2128 4149 2192 sed
4204 2130 4366 2210 ipsis
4426 2138 4526 2193 est
4562 2128 4754 2192 animis

2872 2215 3320 2299 insculpenda,
3365 2216 3468 2283 vis
3510 2215 3689 2280 enim
3734 2215 3938 2279 divini
3982 2215 4169 2280 verbi
4215 2224 4320 2280 est
4366 2235 4465 2292 ea,
4508 2214 4609 2278 vel
4649 2216 4754 2296 ipoe

2872 2311 3042 2368 teste
3085 2300 3399 2385 apostolo,
3444 2310 3519 2365 ut
3561 2301 3650 2365 sit
3689 2301 3902 2364 instar
3936 2300 4238 2382 ancipitis
4282 2300 4502 2384 gladii,
4545 2320 4614 2365 ac
4643 2320 4754 2384 per·

2873 2389 3092 2471 tingat
3134 2407 3342 2471 usque
3387 2385 3469 2452 ad
3514 2385 3908 2452 divisionem
3954 2386 4216 2451 animae
4258 2385 4456 2452 simul
4502 2395 4569 2451 et
4606 2385 4756 2467 spiri·

2873 2482 3002 2540 tus.
3088 2473 3316 2555 Quare
3358 2482 3427 2538 et
3468 2472 3760 2554 corporis
3802 2483 3872 2536 et
3923 2472 4124 2537 animi
4182 2473 4460 2537 auribus
4502 2481 4597 2538 est
4635 2471 4756 2535 hau·

2873 2559 3105 2625 rienda
3161 2560 3277 2636 sic,
3344 2567 3416 2624 ut
3474 2559 3753 2641 caligine
3819 2557 4111 2623 discussa
4175 2558 4479 2623 videntes
4543 2558 4755 2622 fiamus.

2872 2645 3053 2727 Quid
3099 2666 3255 2729 ergo
3297 2644 3556 2710 miseris
3596 2644 3891 2708 futurum
3935 2652 4056 2720 est,
4100 2644 4214 2726 qui
4257 2643 4341 2708 ad
4387 2642 4570 2709 verbi
4607 2661 4757 2726 prae-

2873 2730 3267 2799 dicationem
3309 2731 3519 2814 magis
3561 2728 4079 2796 obsurdescunt?
4129 2727 4261 2796 Sed
4308 2731 4490 2795 iusta
4531 2728 4648 2792 Dei
4683 2727 4757 2792 iu-

2873 2817 3039 2884 dicia
3082 2826 3257 2894 sunt,
3302 2816 3541 2900 quibus
3583 2835 3724 2881 sese
3764 2815 4088 2883 vindicem
4147 2815 4478 2899 patefacit,
4536 2833 4756 2880 verum·

2873 2911 3097 2968 tamen
3151 2910 3218 2968 et
3273 2915 3585 2986 paternae
3640 2900 4131 2967 benevolentiae
4184 2922 4382 2984 quam
4441 2901 4642 2966 multa
4674 2918 4757 2964 ex·

2869 2988 3053 3054 hibet
3116 2987 3537 3054 testimonia?
3628 2988 3761 3053 Per
3824 2986 4214 3070 prophetam
4281 2990 4464 3052 enim
4529 3007 4639 3050 nos
4692 2982 4755 3047 sd

2869 3074 3363 3141 conversionem
3400 3083 3469 3138 et
3499 3075 3967 3157 poenitentiam
4003 3073 4266 3148 invitat,
4304 3087 4382 3138 ut
4419 3072 4602 3137 nobis
4630 3067 4758 3154 ipsis

2868 3160 3287 3244 displicentes
3379 3160 3502 3243 ipsi
3581 3158 4093 3226 reconciliemur.
4204 3158 4462 3225 Salutis
4541 3167 4757 3223 nostrae

2865 3246 3116 3312 fontem
3159 3266 3236 3312 ao
3279 3245 3744 3331 scaturiginem
3787 3244 4053 3323 indicat,
4109 3251 4177 3310 et
4220 3265 4339 3327 per
4381 3245 4568 3310 verbi
4610 3260 4759 3326 pree-

2865 3332 3254 3398 dicationem
3297 3332 3508 3398 offert.
3564 3331 3822 3414 Nempe
3863 3333 3921 3396 si
3963 3330 4259 3397 nativam
4305 3330 4758 3415 corruptionem

2862 3427 3319 3504 agnoscentes,
3386 3439 3462 3484 eo
3536 3416 3923 3484 submissius
3993 3417 4197 3482 factas
4255 3417 4468 3499 ipsius
4535 3415 4757 3480 nomine

2862 3503 3405 3589 reprehensiones
3448 3503 3907 3571 admittamus:
3974 3513 4240 3585 peccata
4297 3513 4532 3568 nostra
4585 3497 4757 3582 magis

2861 3610 2937 3657 ac
2980 3591 3191 3675 magis
3235 3591 3587 3670 oderimus,
3648 3588 3731 3654 ad
3782 3589 4001 3671 ipsum
4057 3610 4141 3654 ex
4185 3589 4412 3654 animo
4456 3596 4757 3653 converte·

2862 3698 3033 3760 mur,
3078 3686 3146 3742 et
3188 3686 3437 3742 rectam
3480 3676 3809 3742 virtutum
3856 3676 4148 3740 omnium
4193 3675 4504 3739 semitam
4545 3673 4760 3738 insiste-

2859 3783 3027 3839 mus,
3096 3784 3136 3827 a
3178 3782 3306 3846 qua
3361 3762 3544 3845 prius
3601 3762 3981 3826 oberrantes
4040 3759 4122 3825 ab
4166 3761 4313 3826 eius
4359 3759 4577 3845 gratia
4615 3754 4757 3822 exci-

2859 3848 3183 3914 deramus.
3283 3847 3472 3928 Quae
3526 3847 3582 3913 si
3639 3866 3678 3911 a
3747 3845 3932 3912 nobis
3989 3847 4161 3913 facta
4218 3859 4454 3924 erunt,
4521 3844 4754 3910 minimo

2857 3956 3017 3999 sane
3094 3933 3556 4012 dubitandum,
3635 3932 3791 4016 quin
3857 3930 3941 3996 ad
4007 3932 4357 3998 sanitatem
4426 3931 4754 3997 redeamus.

2857 4021 3042 4086 Deus
3099 4019 3363 4104 quidem
3420 4041 3538 4102 per
3579 4018 3970 4102 prophetam
4015 4018 4193 4098 dicit,
4236 4038 4310 4083 se
4354 4017 4533 4083 nolle
4575 4025 4644 4080 nt
4675 4033 4753 4078 re·

2857 4107 3044 4189 probi
3110 4117 3618 4184 convertantur,
3686 4125 3771 4169 ne
3835 4115 4188 4170 sanentur:
4270 4103 4390 4168 sed
4460 4104 4628 4168 idem
4684 4100 4757 4164 ait

2856 4192 3035 4257 nolle
3077 4201 3356 4257 mortem
3401 4191 3774 4275 peccatoris,
3820 4189 3936 4255 sed
3978 4190 4191 4273 magis
4235 4200 4312 4254 ut
4346 4195 4753 4256 convertatur.

2856 4278 3027 4343 Nam
3074 4297 3392 4361 propensa
3434 4276 3697 4361 quidem
3740 4285 3844 4341 est
3886 4276 4029 4342 eius
4068 4277 4135 4341 in
4181 4275 4514 4341 mundum
4558 4273 4754 4339 volun-

2857 4373 2984 4428 tas:
3045 4361 3160 4429 sed
3203 4365 3296 4428 ita
3339 4371 3560 4429 tamen
3602 4372 3678 4428 ut
3722 4361 3801 4427 de
3847 4381 4118 4428 suorum
4161 4362 4562 4427 iudiciorum
4603 4374 4752 4424 seve·

2856 4451 3055 4515 ritate
3113 4448 3277 4514 nihil
3335 4448 3655 4524 detrahat,
3723 4450 3962 4530 quibus
4019 4467 4247 4513 eorum
4305 4443 4752 4539 contumaciam

2852 4535 3212 4616 ulciscitur,
3268 4536 3382 4619 qui
3439 4535 3900 4601 benevolentia
3955 4542 4023 4598 et
4079 4533 4292 4618 gratia
4349 4534 4561 4616 ipsius
4601 4529 4752 4624 abael

2854 4621 3241 4687 thesaurum
3284 4622 3424 4687 irae
3469 4632 3536 4686 et
3577 4620 3904 4686 vindictae
3948 4621 4017 4683 in
4074 4640 4199 4684 sua
4247 4620 4474 4702 capita
4515 4633 4751 4684 acceru-

2853 4717 3113 4784 verunt,
3179 4718 3257 4772 ut
3322 4709 3653 4774 excaecati
3719 4717 3788 4771 et
3851 4705 4138 4770 indurati
4206 4706 4443 4788 poenis
4520 4700 4750 4796 tandein

2854 4794 3139 4859 aeternis
3197 4793 3604 4860 addicantur.
3709 4790 4155 4874 Quamobrem
4236 4801 4497 4856 attente
4567 4804 4749 4874 pensi·

2854 4879 3054 4945 tanda
3098 4890 3254 4945 sunt
3295 4880 3543 4946 autoris
3587 4880 3796 4944 nostri
3841 4877 4058 4955 verba,
4106 4897 4190 4942 ne
4235 4877 4426 4942 nobis
4469 4876 4624 4959 ipsis
4661 4870 4748 4967 de:

2852 4965 3030 5031 litias
3092 4965 3428 5044 faciamus,
3487 4963 3706 5030 Deum
3763 4985 4000 5047 nempe
4058 4962 4343 5029 voluisse
4401 4961 4568 5028 filios
4620 4953 4746 5053 fiel!

2851 5050 3163 5130 occidere,
3206 5052 3380 5134 quod
3414 5060 3728 5136 paternae
3752 5048 4179 5117 admonitioni
4202 5058 4270 5115 et
4291 5045 4746 5131 reprehensioni

2852 5137 3066 5205 locum
3110 5158 3245 5204 non
3289 5137 3655 5204 dedissent:
3719 5136 3836 5202 sed
3881 5145 4111 5201 contra
4166 5133 4383 5200 danda
4428 5152 4617 5217 opera
4647 5135 4744 5203 ent,

2852 5224 2911 5290 si
2954 5223 3140 5290 nobis
3182 5221 3355 5290 hanc
3396 5222 3765 5290 doctrinam
3822 5221 4055 5288 utilem
4112 5241 4257 5288 esse
4312 5220 4626 5297 volumus,
4677 5230 4746 5278 ne
