5059 6059
853 286 978 352 139

849 473 985 541 illic
1044 475 1270 559 pietas,
1315 473 1497 539 nulla
1539 472 1876 540 sinceritas
1921 482 1987 540 et
2031 475 2396 559 integritas,
2446 473 2563 541 sed
2607 495 2787 540 mera

849 559 1185 626 simulatio
1222 566 1289 624 et
1322 558 1707 644 hypocrisis,
1768 558 1928 625 Tale
1963 560 2086 625 fuit
2119 558 2336 628 Saulis
2360 562 2783 628 sacrificium:

853 656 1127 713 externa
1177 666 1407 729 nempe
1465 665 1718 729 pompa,
1773 665 1905 728 qua
1964 666 2034 710 se
2086 644 2231 712 Deo
2283 648 2536 731 gratias
2593 667 2788 730 agere

898 755 968 798 ro
1013 741 1201 815 parta
1243 731 1533 810 victoria,
1586 740 1653 797 et
1694 752 1810 814 pro
1850 730 2150 797 omnibus
2194 734 2476 816 acceptis
2520 731 2604 798 ab
2645 735 2667 796 i
2714 753 2787 799 so

849 756 1182 884 beneficiis
1227 817 1586 883 simularet.
1674 816 1847 882 Nam
1894 818 1948 883 si
1993 818 2166 900 quod
2211 818 2405 885 corde
2450 840 2675 903 preme
2720 833 2788 884 at

852 903 1220 988 exprimere
1279 923 1476 968 ausus
1535 913 1739 982 esset,
1813 903 2082 968 minime
2141 903 2411 970 dubium
2470 913 2574 971 est
2626 904 2785 987 quin

853 989 1169 1058 adversus
1192 988 1410 1054 Deum
1451 987 1865 1072 blasphemas
1901 1008 2089 1055 voces
2134 990 2552 1068 evomuisset,
2598 1001 2665 1055 et
2708 988 2788 1055 de

852 1076 1014 1143 solio
1070 1073 1413 1140 detrahere
1469 1085 1640 1140 esset
1694 1083 1998 1152 conatus,
2067 1075 2124 1141 si
2180 1075 2347 1141 nihil
2405 1075 2788 1142 reluctando

849 1162 1300 1248 promovisset.
1389 1158 1828 1241 Quamobrem
1888 1157 2213 1227 discamus
2273 1182 2404 1227 non
2460 1162 2616 1228 solis
2673 1183 2788 1228 ex-

857 1248 1066 1314 ternis
1109 1245 1347 1312 ritibus
1412 1257 1479 1311 et
1544 1247 1996 1326 caeremoniis,
2056 1246 2259 1312 veluti
2324 1248 2432 1313 vel
2496 1268 2786 1333 genuum

852 1333 1169 1414 flexione,
1244 1330 1347 1397 vel
1409 1352 1722 1397 manuum
1784 1332 1857 1396 in
1907 1332 2159 1397 coelum
2216 1333 2613 1409 elevatione,
2682 1332 2787 1399 vel

851 1420 1001 1485 aliis
1080 1416 1443 1483 istiusmodi
1519 1418 1727 1502 signis
1794 1418 2199 1483 reverentiae
2266 1427 2333 1484 et
2397 1418 2789 1484 humilitatis

853 1506 1075 1572 Deum
1112 1503 1399 1568 adorari:
1445 1502 1559 1568 sed
1597 1511 1897 1586 oportere
1941 1501 2136 1568 corda
2179 1513 2405 1570 nostra
2448 1504 2789 1589 repurgari

852 1591 935 1657 ab
978 1591 1153 1656 omni
1198 1588 1428 1654 fraude
1472 1600 1537 1654 et
1579 1587 2018 1654 simulatione:
2077 1597 2144 1654 et
2187 1610 2338 1655 eum
2383 1592 2449 1655 in
2495 1590 2788 1670 veritate,

855 1687 931 1742 ιιι
951 1676 1191 1761 psaltes
1212 1673 1523 1757 loquitur,
1560 1674 1872 1755 invocari,
1913 1675 2193 1741 scientes
2229 1697 2363 1740 uon
2398 1695 2540 1741 esse
2577 1676 2789 1760 ipsum

854 1763 1292 1847 propinquum
1330 1760 1456 1825 nisi
1491 1761 1584 1826 sic
1619 1761 1833 1843 ipsum
1876 1760 2349 1841 invocantibus,
2394 1760 2461 1826 id
2505 1775 2608 1827 est
2650 1780 2792 1828 sese

856 1846 1366 1934 explorantibus,
1403 1854 1468 1910 et
1503 1845 1584 1910 ad
1621 1845 1860 1911 seriam
1894 1856 2313 1930 peccatorum
2351 1846 2791 1931 cognitionem

856 1932 1303 2010 venientibus,
1379 1952 1646 2015 seseque
1717 1940 1890 1997 totos
1966 1930 2048 1997 ad
2120 1931 2325 2016 ipsius
2403 1932 2790 2015 obsequium

857 2018 1429 2103 componentibus,
1502 2027 1565 2081 et
1629 2037 2080 2101 quamcunque
2145 2018 2269 2102 ipsi
2328 2019 2788 2085 correctionem

850 2105 1208 2172 immittere
1289 2102 1640 2189 placuerit,
1717 2101 1896 2167 ferre
1961 2102 2292 2187 patienter
2365 2105 2647 2188 paratis:
2728 2112 2793 2169 et

857 2191 1289 2257 nihilominus
1347 2199 1566 2255 tamen
1623 2188 1694 2254 in
1755 2188 2044 2254 bonitate
2087 2188 2292 2272 ipsius
2334 2188 2793 2256 inaestimabili

860 2277 1172 2344 fiduciam
1237 2294 1499 2339 omnem
1572 2294 1761 2340 suam
1838 2275 2266 2357 ponentibus,
2338 2273 2511 2360 quod
2593 2275 2793 2360 probe

861 2363 1072 2430 sciant
1114 2360 1579 2446 castigationes
1625 2359 1775 2425 illas
1819 2359 2052 2442 quibus
2095 2380 2333 2445 corpus
2375 2361 2680 2445 afficitur,
2723 2361 2794 2426 in

859 2449 1135 2515 salutem
1182 2454 1517 2512 aeternam
1557 2446 1921 2511 animarum
1957 2467 2223 2512 suarum
2259 2446 2505 2514 cedere.
2572 2446 2794 2530 Atque

862 2534 991 2600 ista
1034 2533 1174 2598 sola
1217 2552 1372 2598 vera
1415 2541 1515 2597 est
1558 2529 1904 2597 invocandi
1947 2528 2078 2597 Dei
2125 2533 2305 2598 ratio.

1036 2617 1347 2701 Sequitur
1431 2615 1782 2683 Samuelem
1857 2617 2119 2685 iussisse
2193 2619 2278 2684 ad
2355 2638 2421 2684 se
2494 2619 2796 2702 Ayayum

861 2725 1071 2789 reyem
1091 2703 1587 2770 Amalecitamm
1627 2702 1878 2786 adduci,
1917 2707 1974 2768 et
2015 2703 2253 2769 venisse
2293 2702 2476 2770 illum
2505 2705 2795 2787 pinquis-

860 2792 1108 2859 simum.
1197 2788 1353 2854 Vox
1408 2790 1572 2855 haec
1629 2789 1808 2855 varie
1873 2789 2241 2874 exponitur,
2302 2788 2412 2854 alii
2458 2789 2633 2855 enim
2678 2811 2793 2854 ex·

860 2882 1113 2963 ponunt
1169 2875 1430 2942 venisse
1487 2895 1637 2941 cum
1695 2872 1954 2954 delitiis,
2010 2895 2177 2959 quae
2234 2896 2367 2941 una
2407 2883 2507 2941 est
2551 2875 2793 2959 signifi-

862 2965 1031 3030 catio
1066 2963 1247 3030 vocis
1281 2961 1620 3028 hebraeae.
1691 2959 1827 3026 Alii
1861 2961 2173 3045 pinguem
2208 2973 2572 3045 exponunt,
2607 2962 2793 3045 quasi

860 3049 1116 3118 venerit
1173 3047 1254 3115 ad
1300 3044 1678 3113 Samuelem
1722 3047 1889 3113 bene
1931 3054 2160 3113 curata
2215 3059 2384 3128 cute,
2441 3055 2513 3113 ut
2571 3067 2792 3130 regem

864 3136 1156 3202 decebat.
1222 3132 1355 3198 Alii
1401 3153 1702 3218 gressum
1747 3131 2000 3216 regium
2045 3142 2111 3197 et
2154 3131 2506 3216 superbum
2552 3131 2793 3197 intelli·

860 3229 1043 3307 gunt,
1081 3226 1155 3285 ut
1193 3218 1318 3285 viri
1353 3219 1553 3285 fortes
1587 3224 1655 3284 et
1688 3217 2093 3302 magnanimi
2127 3217 2381 3284 fortiter
2414 3219 2795 3285 occumbere

858 3307 1117 3373 malunt
1174 3325 1374 3388 quam
1427 3303 1860 3388 ignominiose
1921 3304 2160 3369 vivere.
2249 3303 2418 3370 Nam
2475 3325 2548 3370 se
2589 3324 2793 3387 quum

864 3410 1057 3459 antea
1114 3412 1232 3456 rex
1288 3389 1539 3468 fuisset,
1595 3390 1727 3455 iam
1772 3388 2104 3472 captivum
2149 3391 2219 3455 in
2266 3389 2541 3456 vinculis
2585 3389 2795 3454 teneri

863 3477 1144 3553 videbat,
1182 3485 1249 3541 et
1282 3474 1445 3541 haec
1479 3474 1665 3541 illum
1701 3496 1859 3541 cura
1881 3475 2307 3542 vehementer
2337 3475 2589 3554 urebat,
2624 3474 2792 3558 quod

865 3563 1053 3629 nulla
1094 3581 1244 3646 spes
1288 3561 1635 3645 affulgeret
1676 3559 2089 3626 redimendae
2130 3560 2479 3627 libertatis:
2538 3570 2606 3626 et
2662 3581 2792 3624 non

863 3649 1216 3714 haberetur
1259 3666 1377 3730 pro
1422 3668 1595 3731 rege,
1638 3646 1844 3713 caesis
1886 3645 1970 3711 ad
2016 3668 2220 3712 unum
2257 3646 2558 3712 omnibus
2592 3645 2798 3731 ipsius

868 3734 1097 3801 servis.
1183 3731 1414 3815 Neque
1473 3753 1629 3798 vero
1691 3731 2158 3816 mancipiorum
2220 3754 2395 3797 more
2454 3753 2525 3798 se
2573 3730 2800 3797 haberi

869 3817 1156 3899 videbat,
1200 3839 1473 3902 quorum
1510 3817 1647 3884 vita
1690 3818 1892 3882 tutior
1935 3828 2055 3898 est,
2100 3818 2217 3883 sed
2262 3817 2343 3884 de
2378 3818 2555 3883 vitae
2592 3817 2800 3882 salute

869 3904 1177 3988 incertus,
1216 3902 1552 3988 inglorius,
1576 3916 1956 3988 perpetuam
1980 3904 2424 3990 ignominiam,
2449 3913 2513 3969 et
2539 3901 2799 3989 generis

868 3990 1083 4057 omnis
1141 3988 1564 4056 contumelias
1607 3988 1958 4055 metuebat.
2048 3990 2252 4072 Atqui
2295 3991 2542 4075 regiam
2586 3986 2799 4074 digni·

870 4085 1076 4144 tatem
1137 4083 1371 4160 sponte
1428 4073 1864 4141 conditionem
1925 4074 2107 4142 illam
2151 4075 2370 4142 subire
2416 4095 2636 4140 rarum
2683 4083 2803 4156 est,

866 4172 934 4229 et
977 4161 1169 4230 valde
1213 4159 1494 4226 difficile.
1562 4160 1743 4244 Ergo
1786 4159 1974 4225 illum
2018 4171 2293 4226 mortem
2331 4182 2459 4225 non
2496 4160 2802 4226 extimes-

869 4257 1125 4314 centem
1163 4246 1441 4329 superbo
1477 4245 1557 4311 ad
1583 4243 1956 4312 Samuelem
1995 4247 2248 4312 venisse
2283 4247 2501 4311 animo
2539 4244 2802 4329 quidam

870 4333 1267 4412 existimant,
1330 4341 1401 4396 ut
1444 4332 1748 4397 miseram
1792 4331 1972 4397 illam
2013 4331 2448 4397 conditionem
2491 4333 2559 4396 in
2605 4352 2800 4415 quam

869 4418 1191 4486 inciderat
1230 4416 1431 4483 semel
1475 4417 1629 4483 forti
1675 4418 1890 4482 animo
1937 4416 2303 4501 deponeret.
2398 4416 2530 4483 Alii
2579 4437 2802 4483 vocem

869 4506 1409 4589 interpretantur,
1451 4523 1592 4570 cum
1635 4502 1923 4583 vinealia,
1983 4514 2057 4568 ut
2101 4505 2359 4571 vinctus
2404 4502 2485 4569 ad
2528 4502 2802 4569 Samue-

869 4592 1002 4656 lem
1060 4590 1323 4656 venisse
1384 4587 1670 4670 dicatur,
1745 4597 1810 4653 et
1862 4589 1954 4652 ita
2019 4588 2343 4655 indicetur
2408 4611 2538 4654 nou
2603 4590 2802 4655 fuisse

871 4676 1064 4742 illum
1123 4697 1163 4741 a
1208 4673 1406 4742 Saule
1451 4675 1679 4740 favore
1723 4673 1940 4757 aliquo
1984 4685 2050 4739 et
2094 4675 2551 4741 benevolentia
2593 4696 2801 4740 reser-

872 4772 1135 4841 vatum,
1195 4760 1309 4825 sed
1369 4760 1700 4843 triumpho
1759 4761 1973 4844 potius
2027 4761 2441 4826 destinatum.
2547 4759 2804 4843 Quibus

872 4847 1095 4912 verbis
1129 4846 1331 4912 etiam
1366 4844 1671 4912 docemur
1693 4846 1984 4928 Saulem,
2025 4846 2178 4912 licet
2221 4867 2352 4913 non
2398 4847 2663 4912 omnino
2707 4847 2803 4911 illi

872 4934 1270 5018 pepercerit,
1346 4939 1565 4997 tamen
1643 4952 1771 4997 non
1841 4941 2184 5017 propterea
2246 4931 2440 5016 culpa
2505 4953 2804 5012 vacuum,

871 5018 1398 5170 {nandoqmdem
1444 5017 1641 5082 latam
1688 5039 1726 5084 a
1769 5017 2054 5083 Domino
2099 5019 2488 5084 sententiam
2557 5039 2672 5102 per
2735 5040 2807 5085 os

2524 286 2935 354 HOMILIA
2978 285 3162 353 LVI.
4651 291 4737 356 140

2892 475 3233 560 oportebat
3292 475 3504 560 ipsum
3563 476 3703 542 sine
3757 472 4263 539 contradictione
4309 473 4436 539 Dei
4490 474 4743 544 mandatis

2893 581 3060 645 quae
3107 559 3373 628 Samuel
3432 560 3788 645 pertulerat
3836 560 4299 641 obtemperare.
4387 558 4551 624 Hinc
4586 562 4745 645 itaque

2893 647 3217 713 discamus
3298 668 3428 712 non
3510 647 3883 712 satisfacere
3954 642 4203 711 iudices
4266 645 4470 712 officio
4528 666 4651 723 suo,
4707 651 4748 713 si

2891 734 3142 800 crimen
3165 731 3425 817 aliquod
3449 731 3862 818 gravioribus
3898 731 4122 815 poenis
4157 729 4425 815 dignum
4461 730 4749 800 lenioribus

2892 820 3191 903 puniant,
3250 818 3364 885 sed
3423 831 3722 902 oportere
3774 818 4182 902 punitionem
4226 817 4506 881 offensae
4543 837 4750 901 respon-

2894 906 3066 971 dere.
3156 903 3233 971 Si
3291 905 3436 988 quis
3492 905 3690 982 enim,
3749 903 4030 986 exempli
4075 903 4304 987 gratia,
4361 904 4638 986 quopiam
4672 903 4751 968 ad·

2891 991 3090 1057 misso
3150 989 3380 1057 delicto
3437 991 3748 1076 puniatur
3811 989 4137 1055 severiore
4212 1007 4448 1071 poena:
4518 1000 4579 1053 et
4632 988 4753 1054 alter

2892 1075 3184 1142 eiusdem
3241 1077 3534 1143 criminis
3578 1097 3727 1141 reus
3769 1074 4013 1141 leviore
4057 1074 4424 1149 mulctetur,
4482 1073 4645 1138 nulla
4673 1095 4752 1156 pc-

2893 1172 3023 1228 test
3064 1163 3136 1228 in
3180 1161 3294 1226 illa
3334 1162 3797 1245 inaequalitate
3839 1182 3983 1226 esse
4023 1160 4286 1226 iustitia.
4376 1158 4754 1241 Quamobrem

2894 1270 3020 1330 quo
3078 1248 3430 1332 proclivius
3487 1249 3556 1314 in
3615 1247 3738 1313 hoc
3796 1247 4028 1312 vitium
4081 1246 4216 1310 iam
4273 1244 4425 1310 inde
4481 1265 4519 1310 a
4559 1246 4758 1310 saecule

2892 1333 3195 1400 feruntur
3240 1334 3557 1413 homines,
3592 1355 3669 1400 eo
3712 1353 3832 1397 nos
3874 1332 4191 1397 attentius
4231 1330 4603 1409 doctrinam,
4638 1351 4759 1414 quse

2893 1420 3020 1487 hoc
3078 1420 3216 1486 loco
3274 1421 3686 1503 proponitur,
3763 1429 4017 1502 oportet
4080 1415 4480 1499 expendere:
4548 1415 4759 1481 Saulem

2895 1524 3130 1588 nempe
3172 1505 3326 1572 licet
3369 1510 3670 1591 Agagum
3715 1505 3785 1568 in
3831 1502 4110 1569 vinculis
4152 1501 4441 1579 haberet,
4498 1522 4619 1566 non
4656 1501 4760 1567 ideo

2892 1601 3113 1656 tamen
3171 1612 3391 1657 coram
3447 1590 3732 1655 Domino
3782 1588 3977 1672 culpa
4047 1588 4430 1668 liberatum,
4499 1588 4613 1653 etsi
4668 1608 4762 1652 neu

2893 1677 3103 1744 amice
3168 1676 3382 1763 ipsum
3447 1674 3531 1740 ad
3594 1696 3885 1741 mensam
3951 1673 4349 1751 admitteret,
4416 1672 4529 1740 sed
4589 1673 4762 1738 durius

2894 1763 3187 1840 haberet,
3244 1761 3763 1846 quandoquidem
3807 1759 3991 1826 Deus
4049 1759 4234 1825 illum
4292 1759 4569 1824 iusserat
4615 1758 4763 1824 inter·

2894 1849 3021 1915 fici.
3088 1848 3314 1914 Vitam
3358 1849 3580 1931 itaque
3621 1849 3855 1931 Agago
3901 1844 4065 1911 Saul
4107 1844 4472 1912 concedens
4513 1846 4578 1909 in
4596 1843 4761 1910 Deum

2893 1933 3181 2001 iniurius
3235 1944 3301 1999 et
3353 1932 3866 2000 contumeliosus
3924 1932 4076 1997 fuit:
4135 1941 4203 1995 at
4260 1928 4532 2013 proinde
4587 1931 4765 1995 meritc

2896 2041 3017 2169 {ua
3070 2018 3424 2086 rebellione
3477 2017 3761 2085 debitam
3818 2016 3919 2083 illi
3961 2036 4238 2101 poenam
4281 2017 4347 2081 in
4396 2036 4583 2082 suum
4621 2025 4767 2099 caput

2943 2105 3241 2171 erivavit.

3069 2188 3378 2274 Sequitur
3436 2190 3804 2257 venientem
3869 2190 4169 2273 Agagum
4227 2187 4609 2271 cognovisse
4660 2206 4769 2269 pre-

2898 2276 3209 2361 pinquam
3264 2276 3385 2342 sibi
3444 2286 3741 2341 mortem.
3828 2274 3911 2339 In
3964 2273 4205 2358 quibus
4249 2272 4469 2340 verbis
4510 2271 4769 2355 quaedam

2898 2364 3096 2429 etiam
3140 2362 3311 2428 inest
3354 2359 3721 2428 difficultas.
3787 2360 3939 2425 Vox
3972 2359 4147 2424 enim
4185 2358 4430 2425 hebrea
4453 2370 4560 2443 Ὃ
4583 2359 4769 2441 passim

2896 2449 2967 2514 in
3024 2449 3347 2531 scriptura
3405 2446 3733 2532 significat
3789 2446 3895 2513 vel
3948 2444 4257 2523 revelare,
4315 2444 4423 2511 vel
4484 2444 4767 2508 declinare

2895 2532 3130 2618 Itaque
3173 2532 3554 2618 simpliciter
3598 2532 3836 2616 exponi
3878 2551 4067 2615 posse
4125 2528 4419 2595 videtur:
4479 2529 4651 2595 Mors
4696 2527 4771 2592 de-

2897 2619 3119 2697 clinat,
3159 2619 3260 2685 vel
3297 2619 3620 2686 avertitur
3655 2639 3695 2684 a
3722 2640 3846 2683 me.
3916 2615 4046 2684 Sed
4082 2617 4237 2699 quia
4278 2636 4517 2681 sensus
4558 2615 4773 2679 alienior

2898 2714 3017 2786 est,
3073 2704 3312 2771 idcirco
3371 2704 3696 2772 declinare
3756 2703 3868 2769 alii
3925 2701 4252 2786 accipiunt
4308 2722 4435 2785 pro
4495 2701 4699 2766 venire
4729 2711 4775 2763 et

2897 2793 3182 2858 irruere:
3242 2790 3434 2873 quasi
3474 2789 3677 2857 dicat:
3734 2789 3919 2856 Mors
3962 2786 4262 2866 declinat,
4320 2808 4461 2852 non
4514 2795 4585 2852 ut
4633 2806 4669 2850 a
4699 2804 4773 2850 me

2897 2886 3251 2956 avertatur,
3309 2873 3422 2942 sed
3477 2886 3551 2942 ut
3604 2875 3677 2941 in
3721 2895 3828 2940 me
3869 2876 4184 2958 impetum
4228 2872 4449 2939 faciat.
4536 2872 4774 2955 Utraque

2897 2973 3118 3029 tamen
3183 2960 3503 3046 expositio
3568 2960 3777 3026 locum
3843 2968 4057 3045 potest
4118 2959 4435 3025 obtinere.
4536 2959 4688 3024 Nam
4737 2956 4775 3021 si

2898 3048 3277 3132 simpliciter
3320 3047 3390 3113 in
3432 3048 3724 3131 genuina
3761 3045 4237 3131 significatione
4282 3066 4417 3111 vox
4464 3044 4575 3110 illa
4606 3041 4772 3109 Decli-

2898 3155 3060 3201 nare
3104 3141 3422 3212 sumatur,
3469 3132 3757 3198 dicemus
3780 3135 4083 3216 Agagum
4129 3151 4432 3215 sperasse
4454 3129 4773 3198 Samuelem

2899 3220 3022 3286 sibi
3067 3218 3604 3285 condonaturum.
3669 3217 4012 3300 Quomodo
4056 3217 4228 3281 enim
4274 3227 4557 3282 mortem
4598 3237 4635 3280 a
4669 3233 4773 3297 pre-

2899 3304 3116 3389 phetis
3162 3304 3399 3371 divinis
3441 3304 3510 3369 in
3556 3325 3831 3388 quorum
3879 3301 4185 3369 veniebat
4220 3322 4465 3369 manus
4498 3309 4775 3376 metueret,

2899 3410 2940 3456 a
3002 3390 3237 3475 quibus
3300 3399 3528 3456 contra
3591 3389 3848 3457 veniam
3908 3386 4370 3472 exspectabat?
4485 3387 4597 3454 Sic
4663 3404 4772 3468 ergo

2898 3486 3116 3561 potest
3159 3476 3266 3543 hic
3310 3477 3489 3542 locus
3548 3477 3805 3559 exponi,
3860 3482 3934 3540 ut
3974 3473 4168 3559 Agag
4210 3474 4571 3558 prophetae
4609 3492 4774 3557 pereo·

2900 3584 3057 3629 nam
3112 3563 3392 3628 intuitus
3441 3561 3566 3629 sibi
3612 3561 4014 3645 persuadeat,
4073 3580 4145 3625 se
4188 3559 4269 3625 ab
4311 3561 4460 3643 ipsc
4504 3559 4773 3624 dimitten-

2900 3648 3058 3713 dum
3114 3657 3181 3714 et
3238 3647 3734 3727 absolvendum;
3788 3667 3917 3730 qua
3957 3646 4030 3710 in
4075 3666 4144 3710 re
4189 3644 4613 3713 vehementer
4647 3641 4775 3710 falle·

2902 3735 3115 3801 batur.
3229 3732 3351 3800 Sin
3416 3754 3576 3801 vero
3640 3732 3952 3799 declinare
4013 3751 4130 3815 pro
4196 3732 4455 3799 irruere
4519 3741 4777 3808 sumatur,

2903 3830 3046 3885 tum
3113 3819 3405 3887 dicemus
3457 3823 3768 3904 Agagum
3838 3817 4047 3885 veluti
4111 3815 4309 3884 morti
4372 3818 4778 3902 propinquum,

2903 3914 3283 3990 exspectare
3327 3905 3685 3971 sententiae
3730 3903 4283 3987 exsequutionem.
4328 3903 4545 3970 Porro
4585 3904 4637 3970 si
4671 3920 4776 3966 een·

2903 4012 3048 4058 sum
3076 3992 3264 4056 illum
3300 4011 3678 4073 sequamur:
3717 3992 4021 4075 Agagum
4056 4009 4238 4073 spem
4275 3988 4565 4073 aliquam
4599 3983 4775 4054 salutis

2904 4077 3293 4162 concepisse,
3340 4073 3516 4160 quod
3559 4077 3629 4142 in
3674 4097 3903 4141 manus
3946 4075 4300 4158 prophetae
4343 4074 4681 4152 incidisset,
4718 4091 4776 4135 ex

2905 4183 2981 4229 eo
3018 4162 3440 4246 perspicimus
3478 4184 3671 4245 quam
3708 4161 3896 4227 multi
3935 4160 4379 4226 misericordia
4416 4161 4631 4227 divina
4656 4173 4775 4240 quse

2904 4249 2972 4313 in
3016 4248 3216 4314 verbo
3261 4248 3465 4332 ipsius
3507 4246 3919 4331 praedicatur
3961 4246 4350 4313 abutantur:
4406 4245 4581 4332 quod
4630 4241 4773 4338 nimi3

2905 4355 3051 4399 rum
3084 4334 3298 4417 specie
3334 4331 3815 4402 misericordiae
3850 4333 3952 4399 ius
3985 4353 4178 4398 omne
4205 4352 4488 4416 aequum
4510 4347 4772 4409 corrumpi

2906 4432 2971 4485 et
3026 4419 3310 4504 perverti
3370 4418 3591 4486 velint.
3680 4422 3773 4484 At
3829 4440 3982 4484 vero
4045 4438 4262 4484 nonne
4306 4416 4439 4483 Dei
4496 4416 4676 4485 verbo
4706 4434 4774 4479 re·

2905 4505 3126 4572 missio
3184 4515 3597 4588 peccatorum
3654 4502 4111 4589 praedicatur?
4213 4502 4439 4585 Quare
4505 4524 4646 4587 ergo
4697 4497 4771 4563 ubi

2905 4591 3248 4676 evangelio
3328 4591 3507 4657 locus
3589 4602 3687 4657 est
3766 4597 3953 4656 tanta
4037 4590 4356 4656 severitas
4445 4579 4769 4656 exercetur?

2906 4675 3162 4742 Verum
3205 4678 3539 4744 enimvero
3581 4685 3716 4742 tam
3757 4674 4096 4741 individuo
4140 4696 4315 4741 nexu
4359 4675 4526 4743 haec
4557 4676 4771 4740 interce

2905 4763 3291 4847 iunguntur,
3333 4772 3406 4828 ut
3449 4762 3629 4828 nullo
3663 4760 3852 4828 modo
3885 4762 4177 4845 separari
4210 4771 4476 4844 queant.
4536 4761 4769 4826 Primum

2907 4849 3082 4914 enim
3128 4850 3308 4915 Deus
3369 4860 3557 4915 vocat
3613 4856 3984 4932 peccatores
4039 4845 4122 4911 ad
4187 4848 4674 4930 poenitentiam:
4726 4851 4769 4903 et

2907 4934 3089 5000 nulla
3132 4935 3298 5000 ratio
3342 4936 3470 5000 alia
3503 4942 3606 5000 est
3640 4933 4174 5000 reconciliationis
4208 4954 4356 4998 cum
4382 4932 4541 4999 Deo.
4603 4930 4770 5012 Quare

2908 5020 3061 5087 licet
3120 5021 3363 5087 centies
3423 5019 3660 5088 millies
3707 5018 3831 5085 Dei
3886 5019 4099 5104 gratia
4154 5025 4413 5085 nostras
4457 5040 4631 5086 aures
4666 5032 4771 5099 per·

939 5103 1208 5170 amuelis
1254 5125 1383 5169 non
1428 5104 1848 5188 impleverat:
1894 5125 2026 5170 non
2069 5101 2238 5185 ideo,
2282 5105 2571 5188 inquam,
2617 5102 2810 5188 culpa
2911 5116 3117 5190 sonet,
3173 5107 3545 5191 quicunque
3608 5107 3675 5171 in
3749 5105 4104 5172 malefactis
4174 5115 4619 5187 perseverant,
4674 5115 4767 5162 1¹⁰¹!

877 5209 1155 5255 vacuum
1190 5189 1359 5273 quod
1399 5190 1692 5257 vinctum
1724 5193 2026 5277 Agagum
2061 5200 2445 5270 reservaret,
2491 5190 2808 5274 siquidem
2912 5191 3187 5260 veniunt
3250 5192 3321 5258 in
3385 5199 3637 5279 partem
3703 5191 3893 5260 istius
3954 5190 4435 5277 promissionis,
4513 5199 4577 5257 et
4629 5185 4769 5267 lom
