5059 6059
306 354 428 421 585

306 542 592 608 tionibus
636 550 913 608 tutatus.
958 542 1396 609 Memorabile
1436 564 1638 628 porro
1680 543 1926 608 factum
1971 540 2256 606 Davidis

306 627 425 693 hoc
469 628 609 693 loco
654 636 1052 707 recensetur,
1099 629 1215 711 qui
1258 643 1597 711 assumpto
1642 647 1863 694 secum
1908 624 2137 691 Abisai
2180 628 2255 690 in

305 729 517 782 castra
541 712 764 781 Saulis
787 713 1161 780 descendit:
1206 724 1269 777 et
1307 713 1470 779 alios
1505 713 1770 796 quidem
1817 721 2014 777 antea
2036 709 2254 777 David

305 812 588 883 rogarat,
648 799 764 864 sed
824 821 896 865 se
956 799 1263 865 comitem
1310 801 1541 866 Abisai
1598 798 1779 864 solus
1833 797 2073 863 obtulit
2128 816 2256 879 quo

304 893 648 951 contentus
684 885 753 950 iu
800 898 1017 950 castra
1060 885 1268 950 venit.
1312 882 1448 950 Sed
1495 885 1700 949 nimia
1740 885 1871 948 ista
1914 883 2255 947 temeritas

304 973 580 1037 fortasse
640 973 880 1036 merito
939 969 1297 1049 videbitur,
1350 973 1421 1036 in
1476 967 1767 1035 medium
1812 967 2100 1034 hostium
2147 986 2258 1051 ag-

303 1077 453 1122 men
512 1055 693 1122 solus
739 1075 1191 1139 perrumpere:
1252 1057 1425 1138 quod
1472 1075 1605 1120 non
1648 1075 1838 1138 posse
1881 1052 2026 1118 fieri
2071 1053 2256 1118 vide·

307 1144 515 1218 batur,
559 1143 716 1224 quin
768 1154 885 1207 aut
932 1152 1165 1207 euntes
1208 1151 1325 1207 aut
1365 1142 1747 1207 recedentes
1791 1160 1830 1205 a
1874 1138 2256 1205 custodibus

304 1227 983 1310 deprehenderentur,
1044 1235 1114 1291 et
1171 1247 1312 1292 sese
1373 1240 1688 1309 tanquam
1732 1245 1892 1309 aper
1934 1226 2003 1289 in
2050 1244 2256 1289 vena-

306 1315 528 1379 bulum
591 1315 983 1397 praecipites
1042 1313 1112 1377 iu
1157 1311 1442 1378 hostium
1492 1331 1730 1378 manus
1773 1309 2027 1375 darent.
2117 1307 2254 1375 Sed

300 1410 452 1465 ante
513 1400 764 1465 dictum
826 1408 929 1464 est
973 1396 1307 1467 Davidem
1351 1398 1643 1463 exivisse
1686 1398 2134 1480 exploratum:
2181 1415 2256 1461 ac

299 1484 572 1568 proinde
594 1487 868 1550 minime
891 1482 1161 1549 dubium
1209 1494 1311 1547 est
1353 1485 1513 1566 quin
1563 1482 1849 1548 hostium
1888 1481 2251 1546 socordiam

295 1581 360 1637 et
416 1571 836 1637 securitatem
898 1589 1126 1635 secure
1187 1568 1653 1634 dormientium
1712 1568 1900 1650 quasi
1960 1565 2138 1632 domi
2182 1567 2250 1631 in

295 1656 482 1722 lectis
536 1657 827 1722 iacerent
882 1653 1411 1738 deprehenderit.
1503 1652 1730 1734 Quare
1774 1673 1974 1737 quum
2019 1671 2253 1717 somno

293 1741 584 1826 sepultos
607 1741 1096 1823 animadvertit,
1132 1741 1576 1823 praesentiore
1599 1742 1818 1804 animo
1853 1740 1921 1803 in
1960 1739 2252 1820 ipsorum

290 1842 505 1894 castra
543 1828 745 1894 veuit.
803 1827 1277 1908 Praeterquam
1313 1825 1484 1908 quod
1524 1826 1797 1895 minime
1832 1823 2104 1889 dubium
2152 1833 2255 1888 est

290 1916 446 1996 quin
509 1913 740 1979 divino
801 1912 1125 1994 impulsus
1197 1913 1286 1976 sit
1343 1912 1612 1993 spiritu:
1696 1907 2248 1992 quemadmodum

290 2001 357 2063 in
427 1999 734 2064 omnibus
800 1998 946 2062 istis
1004 1997 1449 2080 peculiaribus
1503 1998 1693 2062 factis
1752 1994 1881 2061 Dei
1941 1995 2249 2076 spiritum

287 2094 627 2166 operatum
676 2086 876 2149 fuisse
919 2082 1317 2149 credendum
1363 2092 1485 2163 est,
1542 2094 1618 2147 ut
1660 2101 1782 2164 per
1822 2079 2049 2146 fideles
2092 2099 2252 2145 suos

287 2189 519 2236 servos
576 2190 656 2235 ea
709 2180 1090 2252 praestaret.
1151 2188 1317 2250 quae
1360 2168 1561 2233 nullis
1603 2165 1947 2231 hominum
1995 2164 2252 2230 viribus

288 2255 518 2338 perfici
581 2257 977 2339 potuissent.
1067 2254 1288 2319 David
1348 2254 1574 2337 igitur,
1635 2252 1758 2317 etsi
1803 2253 1913 2316 vir
1954 2251 2142 2315 fortis
2184 2263 2253 2316 et

286 2342 773 2423 magnaminus,
835 2359 1174 2422 nunquam
1232 2361 1305 2405 se
1348 2341 1415 2403 in
1463 2353 1598 2404 tam
1644 2352 1942 2420 apertum
1989 2338 2248 2419 pericu-

288 2427 427 2491 lum
476 2428 880 2498 couiecisset.
921 2427 1046 2491 uisi
1084 2424 1215 2490 Dei
1259 2426 1470 2508 ipsius
1513 2423 1718 2491 veluti
1765 2442 1969 2488 manu
2014 2421 2251 2487 ductus

285 2513 541 2577 fuisset.
634 2509 769 2579 Sed
814 2510 1003 2576 Deus
1061 2510 1186 2576 hoc
1244 2511 1580 2594 negotium
1625 2509 1750 2575 hac
1792 2510 2051 2573 ratione
2095 2527 2247 2590 pro-

284 2597 518 2677 movit,
562 2610 639 2663 ut
669 2596 952 2663 Davidis
997 2597 1347 2680 integritas
1392 2606 1459 2661 et
1499 2596 1881 2661 innocentia
1920 2593 2248 2676 insignior

284 2692 482 2755 esset.
544 2693 610 2747 et
669 2683 949 2765 singulis
1006 2690 1367 2766 perspecta,
1427 2679 1591 2748 Saul
1653 2690 1872 2746 autem
1932 2679 2248 2745 confusus

280 2768 643 2845 recederet,
689 2781 758 2833 et
802 2767 1047 2833 Davidi
1091 2768 1324 2832 saltem
1370 2766 1451 2831 ad
1498 2778 1759 2847 tempus
1802 2766 2090 2848 quietem
2125 2764 2244 2829 ali-

281 2874 481 2935 quam
532 2854 739 2919 daret.
782 2853 1015 2935 Neque
1054 2857 1230 2919 enim
1257 2850 1526 2919 Saulem
1551 2851 1741 2918 Deus
1785 2861 1927 2916 tum
1971 2849 2246 2932 perdere

280 2939 566 3018 volebat,
626 2960 838 3021 neque
899 2939 1145 3004 maiore
1203 2940 1272 3005 vi
1329 2939 1552 3021 aliqua
1605 2937 1862 3021 fugare,
1918 2935 2033 3001 sed
2093 2956 2243 3002 cum

278 3026 502 3108 aliquo
572 3025 890 3092 dedecore
951 3025 1216 3089 domum
1277 3044 1621 3103 revocare:
1692 3021 2241 3105 quemadmodum

278 3112 643 3195 contigisse
666 3110 983 3176 videmus.
1030 3109 1253 3175 David
1282 3111 1488 3194 igitur
1523 3109 1749 3175 salvus
1785 3119 1852 3173 et
1887 3106 2244 3174 incolumis

276 3197 510 3271 evasit,
558 3197 715 3261 licet
748 3198 821 3260 in
862 3196 1154 3261 medium
1201 3216 1439 3277 agmen
1488 3194 1774 3259 hostium
1820 3195 2128 3269 venisset,
2175 3201 2244 3258 et

276 3292 600 3364 tanquam
653 3282 944 3366 caligans
1005 3285 1076 3346 in
1130 3301 1464 3348 summum
1511 3280 1860 3346 discrimen
1906 3298 1979 3343 se
2021 3278 2237 3346 conie-

274 3369 496 3445 cisset,
542 3366 690 3432 Deo
725 3369 942 3450 ipsum
988 3366 1377 3432 admirando
1420 3377 1488 3431 et
1532 3386 1772 3431 arcano
1815 3364 2091 3431 consilio
2134 3385 2240 3430 re·

276 3467 492 3535 gente,
555 3466 631 3519 ut
674 3454 880 3535 ipsius
924 3454 1301 3518 innocentia
1343 3473 1480 3518 non
1528 3451 1743 3517 dubiis
1787 3450 1995 3535 signis
2034 3449 2243 3515 omni·

278 3539 397 3604 bus
456 3540 922 3621 innotesceret,
979 3547 1049 3603 et
1092 3535 1258 3604 Saul
1323 3537 1478 3604 licet
1535 3539 1760 3602 furore
1818 3544 2130 3602 aestuans
2172 3546 2243 3600 et

274 3624 675 3707 sanguinem
735 3625 1001 3695 sitiens.
1067 3622 1338 3689 domum
1394 3621 1608 3688 redire
1664 3643 1816 3689 cum
1877 3621 2241 3704 ignominia

271 3723 660 3793 cogeretur:
726 3709 902 3790 quod
962 3710 1381 3775 innocentem
1443 3708 1780 3773 hominem
1830 3727 2092 3773 summa
2133 3708 2240 3770 in-

269 3796 445 3859 iuria
496 3808 1017 3878 persequeretur,
1072 3798 1241 3876 quod
1301 3795 1518 3876 ipsum
1571 3796 1888 3858 fatentem
1934 3793 2242 3875 deinceps

270 3879 649 3946 audiemus.
692 3879 873 3946 Hinc
894 3881 1101 3963 igitur
1134 3879 1483 3952 discamus,
1528 3878 1748 3943 Deum
1788 3877 2240 3943 laborantibus

269 3967 411 4031 suis
433 3965 784 4032 consilinm
810 3969 1248 4048 suppeditare,
1294 3980 1361 4030 et
1400 3966 1597 4030 rebus
1633 3963 2047 4029 difficillimis
2089 3983 2238 4029 suo-

265 4070 565 4129 currere,
624 4051 835 4116 modis
891 4050 1315 4127 admirandis,
1380 4052 1495 4133 qui
1554 4070 1890 4132 nunquam
1935 4050 2008 4112 in
2053 4069 2237 4114 men-

265 4150 401 4201 tem
453 4136 689 4201 venire
731 4138 1136 4219 potuissent:
1182 4135 1357 4201 unde
1402 4135 1615 4201 maius
1657 4134 1971 4219 precandi
2014 4132 2236 4199 Deum

264 4222 568 4287 studium
594 4223 664 4286 in
705 4221 898 4287 nobis
921 4221 1116 4286 debet
1144 4222 1439 4298 excitari,
1465 4240 1585 4288 nos
1608 4235 1684 4286 ut
1705 4235 1895 4303 regat
1915 4235 1983 4283 et
2024 4230 2241 4303 prote·

262 4322 381 4389 gat
425 4306 719 4391 singulis
763 4307 1137 4372 momentis.
1196 4306 1367 4372 Nam
1413 4327 1606 4390 saepe
1648 4306 1727 4372 fit
1770 4316 1846 4370 ut
1888 4306 2041 4372 licet
2083 4324 2236 4371 acu-

262 4404 408 4456 tum
492 4413 767 4458 cernere
826 4405 896 4457 et
949 4393 1311 4475 prudenter
1369 4413 1566 4478 agere
1624 4392 1811 4458 nobis
1871 4391 2236 4469 videamur,

261 4493 493 4543 tamen
557 4479 671 4543 vix
732 4499 900 4561 quae
960 4494 1115 4543 ante
1159 4480 1357 4562 pedes
1400 4490 1556 4545 sunt
1613 4477 2109 4561 conspiciamus,
2168 4488 2239 4541 et

260 4582 428 4645 quas
451 4574 681 4628 mente
702 4564 990 4629 rationes
1023 4563 1523 4647 providerimus,
1559 4578 1892 4630 momento
1927 4563 2234 4628 effluant:

260 4661 329 4713 et
373 4649 571 4714 Deus
629 4669 751 4714 nos
811 4648 1288 4715 admirabiliter
1346 4670 1429 4714 ex
1474 4650 1693 4715 medio
1734 4669 1954 4715 rerum
2007 4649 2237 4713 discri-

258 4735 447 4799 mine
513 4747 801 4813 revocet,
858 4746 925 4798 et
968 4734 1246 4799 afflictos
1289 4735 1523 4817 erigat.
1610 4734 1718 4800 Ad
1764 4736 1984 4818 ipsum
2027 4733 2236 4816 igitur

259 4821 629 4903 confugere
668 4833 982 4903 perpetuo
1026 4822 1540 4899 meminerimus,
1588 4836 1662 4885 ut
1697 4841 1828 4885 non
1874 4819 2087 4884 solum
2131 4818 2236 4882 iu-

265 4902 524 4971 dicium
574 4905 762 4971 nobis
806 4908 918 4968 det
961 4903 1042 4970 ad
1088 4926 1168 4969 ea
1210 4906 1664 4990 cognoscenda
1705 4925 1874 4988 quae
1918 4904 1999 4969 ad
2045 4925 2232 4969 men-

257 5010 399 5055 sem
450 5002 577 5056 aut
619 5010 869 5055 annum
915 4988 1089 5054 facto
1131 5001 1290 5056 sunt
1332 5011 1530 5075 opus:
1592 4990 1708 5055 sed
1754 5003 1951 5074 prout
1996 4990 2079 5053 ad
2124 5010 2228 5054 ar·

257 5072 391 5140 dua
451 5075 730 5159 negotia
786 5076 1133 5140 tractanda
1191 5095 1313 5140 nos
1377 5075 1664 5157 vocabit,
1723 5078 1972 5140 exitum
2031 5076 2229 5138 etiam

255 5162 644 5244 patefaciat,
705 5180 956 5242 suaque
1010 5180 1213 5225 mauu
1274 5174 1477 5245 regat,
1531 5172 1602 5227 et
1645 5163 1747 5228 vel
1792 5164 1862 5226 in
1910 5159 2080 5227 hanc
2126 5161 2230 5226 vel

254 5245 327 5310 in
389 5247 589 5312 illam
647 5258 902 5329 partem
958 5244 1172 5323 ducat,
1232 5262 1428 5328 prout
1469 5246 1782 5331 expedire
1824 5246 2228 5330 cognoverit.

1582 354 1681 420 IN
1728 353 1783 420 Ι.
1833 353 2013 419 ΙΛΒ.
2060 351 2465 420 SAMUEL.
2510 351 2708 419 OAP.
2755 352 3022 419 XXVI.

4185 357 4315 423 586

2360 539 2582 638 David
2628 561 2789 605 sane
2833 539 3120 607 hostium
3165 551 3383 609 castra
3424 545 3793 627 explorans,
3856 566 3987 612 non
4034 545 4317 613 habebat

2358 646 2427 690 m
2489 627 2714 691 animo
2766 628 2835 691 in
2898 627 3187 693 medium
3244 631 3537 713 ipsorum
3595 650 3836 715 agmen
3883 633 4139 698 venire:
4199 634 4313 698 sed

2360 710 2545 776 Deus
2583 711 2707 778 hoc
2749 712 2877 795 ipsi
2921 714 3265 779 consilium
3312 716 3673 799 suggessit:
3719 730 3785 780 et
3827 715 4165 784 audaciam
4213 721 4313 783 in-

2358 793 2545 876 didit,
2603 796 2721 863 ubi
2779 799 3062 863 hostium
3121 801 3487 866 socordiam
3546 813 3615 866 et
3657 802 4127 886 negligentiam
4171 806 4314 869 ani·

2358 882 2839 949 madvertisset.
2883 883 3334 969 Repentinum
3359 887 3566 972 igitur
3586 888 3708 952 fuit
3729 887 3906 953 istud
3930 888 4311 954 consilium:

2356 987 2555 1048 quam
2613 968 2696 1033 ob
2753 989 2915 1048 rem,
2967 983 3042 1035 ut
3086 984 3243 1036 ante
3287 970 3445 1051 dixi,
3503 992 3632 1037 non
3679 973 4107 1038 dubitandum
4151 976 4311 1057 quin

2357 1053 2415 1117 si
2473 1054 2738 1136 quando
2790 1056 3145 1140 contigerit
3199 1077 3321 1122 nos
3379 1058 3450 1122 in
3493 1060 3771 1124 summis
3815 1057 4314 1125 difficultatibus

2357 1140 2583 1223 inopes
2642 1140 2896 1205 consilii
2973 1144 3381 1208 consternari
3445 1143 3698 1221 animo,
3771 1143 3957 1209 Deus
4020 1144 4311 1223 adiuvet,

2357 1236 2425 1287 et
2476 1226 2547 1288 in
2607 1227 2802 1290 rebus
2859 1225 3128 1292 incertis
3185 1229 3536 1294 consilium
3596 1229 3989 1314 suppeditet,
4045 1246 4110 1295 et
4154 1234 4311 1314 quid

2358 1309 2517 1373 utile
2561 1311 2649 1374 sit
2693 1310 3129 1378 demonstret:
3191 1312 3354 1379 adeo
3398 1314 3660 1398 quidem
3705 1326 3779 1379 ut
3822 1327 4086 1399 praeter
4126 1337 4314 1399 spem

2357 1382 2425 1460 et
2477 1396 2851 1495 opinionem
2910 1398 3201 1465 rationes
3258 1414 3588 1484 suggerat,
3647 1400 3884 1483 quibus
3941 1424 4024 1466 ex
4069 1403 4314 1468 nostris

2355 1491 2685 1565 angustus
2727 1502 3162 1567 emergamus.

2525 1566 2742 1632 Porro
2797 1571 3123 1650 sequitur,
3185 1571 3410 1636 Abisai
3470 1571 3671 1637 fuisse
3729 1580 4025 1637 autorem
4087 1572 4312 1640 David

2354 1650 2795 1719 interficiendi
2841 1653 3128 1733 Saulem,
3185 1677 3315 1722 non
3377 1655 3638 1740 quidem
3684 1676 3887 1722 manu
3922 1658 4131 1740 ipsius
4172 1657 4314 1724 Da·

2357 1738 2527 1803 vidis
2585 1738 2702 1804 sed
2759 1760 2880 1804 sua
2931 1760 3131 1822 opera
3188 1763 3382 1823 quam
3440 1743 3634 1809 offert
3689 1740 3796 1807 his
3854 1743 4102 1808 verbis:
4154 1743 4313 1810 Con-

2353 1823 2540 1888 clusit
2559 1822 2740 1889 Deus
2759 1826 3089 1893 inimicum
3122 1832 3301 1892 tuam
3323 1827 3506 1894 hodie
3548 1830 3619 1894 in
3651 1848 3887 1894 manus
3925 1833 4105 1894 tusas.-
4143 1848 4311 1894 nunc

2353 1929 2498 1993 erqo
2525 1909 2891 1992 perfodiam
2933 1932 3074 1976 eum
3116 1912 3334 1979 lancea
3375 1916 3445 1978 in
3489 1920 3657 1980 tenu
3698 1914 3904 1991 semel,
3946 1920 4004 1979 et
4045 1916 4310 1980 secundo

2353 2014 2515 2076 opus
2556 2014 2684 2061 non
2726 1998 2875 2062 erit:
2928 1997 3164 2080 quibus
3207 1999 3428 2066 verbis
3472 1998 3717 2065 lethale
3762 1999 4004 2065 vulnus
4047 2021 4121 2066 se
4163 2000 4308 2066 illa-

2354 2091 2577 2146 turum
2602 2081 2965 2162 pollicetur,
3002 2104 3088 2150 ex
3131 2105 3261 2166 quo
3284 2084 3448 2150 Saul
3494 2104 3828 2168 nunquam
3866 2085 4125 2151 evadat.
4170 2085 4308 2153 Sed

2351 2165 2575 2231 David
2635 2165 2869 2233 iisdem
2936 2168 3155 2235 verbis
3200 2170 3430 2236 Abisai
3487 2184 3761 2250 coercet,
3822 2170 4059 2253 quibus
4111 2183 4308 2237 antea

2351 2271 2509 2316 suos
2529 2252 2775 2320 milites
2810 2253 2892 2319 ad
2939 2275 3165 2321 necem
3190 2255 3412 2321 Saulis
3455 2258 3669 2338 ipsum
3713 2255 4059 2321 hortantes
4101 2277 4305 2339 quum

2349 2339 2423 2401 in
2491 2338 2872 2421 speluncam
2943 2341 3235 2405 venisset
3288 2339 3734 2408 deterruerat:
3795 2341 3899 2407 Ne
3957 2341 4307 2424 interficias

2350 2442 2525 2488 eum:
2579 2424 2727 2505 quis
2781 2426 2949 2490 enim
3005 2427 3283 2492 extendet
3332 2447 3596 2493 manum
3635 2447 3823 2492 suam
3864 2426 3937 2491 in
3984 2426 4307 2493 Christum

2353 2508 2649 2585 Domini,
2699 2516 2757 2574 et
2809 2512 3104 2577 innocens
3150 2512 3318 2577 erit?
3414 2512 3674 2579 Deinde
3731 2513 4105 2578 iuramento
4162 2534 4302 2579 rem

2347 2597 2727 2661 confirmat:
2801 2595 2974 2662 Vivit
3014 2596 3353 2676 Dominus,
3409 2599 3563 2682 quia
3619 2599 3754 2664 nisi
3794 2597 4128 2664 Dominus·
4149 2620 4305 2681 per·

2347 2681 2619 2746 cus-serit
2673 2702 2837 2761 eum,
2894 2686 3007 2746 ant
3062 2682 3200 2748 dies
3241 2686 3382 2750 eius
3422 2686 3672 2760 venerit,
3716 2689 3774 2748 et
3814 2683 4146 2767 moriatur,
4189 2688 4306 2750 aut
4402 2726 4405 2729 Δ

2348 2766 2420 2830 in
2471 2766 2797 2848 praelium
2853 2767 3220 2833 descendens
3264 2770 3568 2851 perierit,
3625 2770 3950 2855 proficius
3999 2770 4090 2835 sit
4139 2769 4303 2834 mihi

2346 2849 2704 2937 Dominus,
2755 2873 2836 2918 ne
2890 2853 3218 2919 extendam
3272 2874 3535 2919 manum
3594 2875 3797 2921 meam
3853 2854 3924 2918 in
3978 2853 4300 2921 Christum

2346 2935 2641 3003 Domini.
2731 2937 3013 3005 Davidis
3067 2939 3451 3020 patientiam
3495 2940 3891 3014 intueamur,
3951 2958 4143 3021 quem
4189 2960 4303 3006 ne-

2345 3043 2526 3088 cesse
2549 3037 2650 3088 est
2684 3044 2825 3091 sese
2869 3022 2953 3090 ad
2974 3023 3105 3088 Dei
3149 3024 3531 3108 obsequium
3578 3034 3791 3089 totum
3837 3025 4298 3107 composuisse,

2346 3128 2554 3190 quum
2612 3110 2753 3176 suis
2806 3111 3149 3176 affectibus
3208 3112 3304 3175 ita
3361 3111 3685 3176 dominari
3744 3120 3978 3192 potest.
4068 3108 4299 3193 Neque

2345 3195 2525 3258 enim
2571 3206 2828 3261 tantum
2875 3196 2957 3260 de
3002 3196 3374 3280 praeteritis
3416 3196 3674 3262 iniuriis
3719 3195 4106 3261 ulciscendis
4147 3217 4301 3280 age-

2345 3279 2554 3359 batur,
2605 3281 2719 3346 sed
2777 3280 2861 3347 de
2916 3283 3249 3365 praesenti
3307 3282 3617 3367 periculo,
3676 3280 3852 3365 quod
3908 3280 4122 3345 instar
4164 3282 4301 3346 avi-

2341 3365 2527 3429 culae
2587 3367 2875 3433 incertus
2931 3375 3301 3451 vagaretur,
3360 3377 3431 3434 et
3485 3368 3554 3432 in
3599 3367 3907 3451 laqueum
3953 3366 4299 3433 conclusus

2342 3449 2698 3518 videretur.
2787 3452 2878 3517 Et
2928 3452 3088 3518 licet
3144 3467 3342 3520 autea
3399 3464 3677 3520 conatus
3733 3465 3906 3517 esset
3961 3472 4077 3517 cor
4119 3451 4299 3518 illius

2338 3535 2624 3617 flectere,
2667 3552 2736 3602 et
2768 3539 3045 3621 ipsemet
3079 3536 3243 3606 Saul
3290 3537 3552 3622 culpam
3597 3538 3989 3622 agnovisset,
4031 3538 4297 3603 flectere

2340 3635 2567 3686 tamen
2623 3644 2758 3689 non
2816 3625 3049 3706 potuit,
3109 3625 3264 3708 quin
3322 3634 3709 3708 perpetuum
3753 3622 3977 3689 odium
4022 3623 4298 3702 foveret,

2340 3720 2408 3771 et
2472 3708 3034 3776 irreconciliabilis
3098 3724 3289 3776 esset.
3386 3708 3692 3792 Denique
3757 3707 3910 3775 licet
3965 3707 4292 3775 Davidem

2341 3803 2569 3859 tantus
2604 3795 2800 3859 timor
2833 3806 2902 3861 et
2943 3795 3313 3861 reverentia
3356 3794 3789 3862 continuisset
3833 3800 3903 3859 in
3944 3794 4182 3874 officio,
4226 3805 4296 3860 et

2340 3900 2381 3942 a
2436 3877 2730 3947 vindicta
2773 3879 3095 3946 sumenda
3137 3880 3221 3946 de
3264 3891 3366 3947 tot
3408 3881 3668 3946 iniuriis
3707 3880 3951 3964 quibus
3995 3882 4212 3945 fuerat
4254 3902 4296 3946 a

2342 3960 2545 4029 Saule
2587 3966 2918 4031 immerito
2963 3967 3268 4033 affectus:
3327 3974 3552 4032 tamen
3597 3969 3773 4031 iusta
3813 3966 3906 4030 illi
3953 3964 4298 4031 videbatur

2340 4048 2561 4115 oblata
2617 4050 2930 4116 caedendi
2974 4050 3243 4117 Saulem
3303 4053 3589 4128 occasio,
3650 4050 3822 4133 quod
3884 4069 4016 4114 non
4073 4066 4297 4131 posset

2340 4135 2548 4219 ipsius
2570 4141 2751 4201 furor
2789 4137 3054 4221 placari,
3098 4145 3166 4202 et
3199 4135 3448 4202 nullam
3473 4136 3716 4202 Davidi
3760 4136 4040 4219 quietem
4089 4134 4295 4214 daret,

2341 4241 2428 4285 ne
2462 4221 2547 4287 ad
2590 4232 2994 4288 momentum
3040 4224 3326 4304 quidem,
3369 4223 3533 4289 adeo
3579 4235 3657 4287 ut
3698 4223 3931 4286 merito
3973 4218 4097 4284 sibi
4139 4237 4295 4284 cou-

2339 4307 2556 4372 sulere
2594 4316 2806 4374 morte
2828 4306 3052 4374 Saulis
3095 4308 3386 4392 potuisse
3430 4309 3764 4373 videatur:
3810 4317 3878 4370 et
3918 4304 4121 4370 semel
4159 4317 4293 4370 tam

2340 4394 2647 4459 infestum
2707 4391 2963 4459 hostem
3024 4416 3061 4459 e
3105 4393 3321 4460 medio
3367 4394 3598 4459 tollere
3641 4412 3837 4475 quam
3885 4391 4075 4455 toties
4118 4391 4292 4474 peri·

2339 4479 2573 4544 clitari.
2619 4480 2870 4546 Iustam
2893 4481 3111 4562 itaque
3135 4479 3477 4546 hominum
3523 4477 3833 4562 opinione
3869 4496 4131 4542 causam
4173 4474 4293 4540 ha-

2339 4563 2532 4629 bebat
2591 4564 2716 4630 sibi
2775 4568 3097 4647 rebusque
3143 4566 3283 4632 suis
3340 4575 3552 4631 morte
3596 4562 3820 4628 Saulis
3874 4560 4292 4647 consulendi:

2336 4661 2405 4714 et
2463 4672 2591 4714 non
2655 4649 2919 4716 dubium
2984 4662 3086 4717 est
3142 4654 3302 4734 quin
3360 4650 3584 4735 gravis
3642 4648 3921 4713 tentatio
3967 4647 4293 4712 Davidem

2337 4734 2668 4802 afflixerit.
2714 4736 2886 4801 Nam
2932 4736 3043 4801 ubi
3088 4739 3416 4819 speciosae
3460 4732 3782 4816 quaedam
3825 4744 4145 4817 apparent
4186 4752 4294 4796 ra·

2337 4821 2569 4901 tiones,
2629 4830 2824 4904 prout
2877 4822 3182 4887 homines
3224 4820 3306 4885 ad
3350 4819 3472 4887 sibi
3516 4817 3919 4884 adulandum
3966 4817 4293 4900 proclives

2336 4915 2511 4982 sunt,
2572 4918 2969 4989 sperantque
3011 4929 3082 4972 se
3124 4926 3335 4972 coram
3384 4905 3528 4970 Deo
3571 4920 3637 4968 et
3682 4904 4060 4969 hominibus
4100 4902 4292 4967 inno·

2333 5004 2559 5057 centes
2595 4991 2893 5057 habitum
2934 4993 3037 5067 iri,
3083 5011 3450 5074 manusque
3487 4989 3675 5056 facile
3718 4990 4076 5066 ablutum,
4119 4987 4292 5053 nihil

2333 5095 2468 5139 non
2504 5077 2630 5142 sibi
2674 5078 3090 5159 permittunt,
3135 5085 3202 5139 et
3244 5078 3448 5140 animi
3488 5074 3956 5158 cupiditatibus
4003 5073 4294 5140 habenas

2333 5159 2585 5226 laxant.
2630 5160 2766 5227 Sed
2811 5162 3216 5228 contrarium
3263 5164 3334 5223 in
3377 5160 3640 5225 Davide
3683 5161 3872 5226 nobis
3915 5158 4291 5258 exemplum

2333 5248 2749 5330 proponitur,
2808 5250 2920 5330 qui
2982 5266 3195 5329 neque
3251 5245 3728 5312 tentationibus
3783 5246 3930 5313 istis
3971 5264 4291 5329 superari,
