5059 6059
770 310 909 380 ΜΘ·

772 510 1009 572 nostra
1072 500 1287 568 salute
1331 500 1669 567 videbitur
1719 501 2063 567 hominum
2120 502 2426 586 opinione
2482 502 2739 569 concla-

707 592 717 605 '
774 599 1052 657 matum.
1141 587 1331 653 'l'une
1383 588 1565 651 enim
1625 588 2137 672 promissionum
2183 588 2560 655 divinarum
2604 588 2740 655 vir-

776 684 985 742 tutem
1046 680 1115 737 et
1174 672 1533 739 efficaciam
1587 693 1749 738 vere
1811 674 1989 756 perci
2036 675 2243 753 imus,
2311 692 2516 757 quum
2562 673 2742 740 illius

776 759 949 827 ratio
996 758 1186 823 nobis
1243 758 1497 824 occulta
1542 768 1663 838 est,
1722 768 1790 823 et
1849 695 2279 825 nihifominus
2341 758 2469 824 fide
2512 778 2742 826 omnes

777 836 1208 912 difficultates
1243 864 1661 927 superamus.
1709 844 1883 910 Nam
1920 845 2233 927 quamdiu
2257 844 2443 911 Deus
2482 865 2560 909 re
2599 846 2742 928 ipsa

775 932 885 999 sui
925 929 1181 997 favoris
1222 931 1416 1013 signa
1459 928 1649 995 nobis
1692 929 1998 1007 ostendit,
2044 937 2112 995 et
2136 932 2305 996 votis
2340 931 2583 996 nostris
2622 951 2739 995 an-

773 1019 939 1097 nuit,
986 1016 1099 1082 vix
1144 1016 1473 1081 sentimus
1503 1015 1641 1080 vim
1683 1014 1869 1080 illam
1916 1015 2293 1081 divinarum
2336 1014 2542 1099 ipsius
2587 1036 2738 1100 pro·

774 1102 1202 1169 missionum:
1250 1099 1423 1184 quod
1466 1099 1656 1165 facile
1701 1101 1793 1166 sit
1833 1108 2011 1180 tunc,
2058 1102 2253 1167 rebus
2299 1110 2464 1185 puta
2507 1121 2746 1167 secun-

775 1188 894 1267 dis,
954 1188 1261 1253 fiduciam
1319 1188 1389 1250 in
1438 1186 1667 1252 Deum·
1715 1186 1981 1253 iactare.
2070 1186 2207 1252 Sed
2264 1197 2402 1252 tum
2450 1189 2740 1252 maxime

776 1274 1049 1342 divinae
1106 1272 1587 1356 promissiones
1637 1272 1776 1337 vim
1824 1292 2012 1338 suam
2056 1273 2124 1337 in
2171 1273 2361 1339 nobis
2405 1282 2739 1351 exserunt,

775 1380 980 1443 quum
1032 1359 1213 1423 omni
1259 1356 1549 1423 bumana
1596 1376 1721 1441 ope
1765 1357 2105 1424 destitutis
2148 1379 2534 1442 quocunque
2587 1378 2739 1424 ecu-

773 1444 872 1511 los
919 1452 1283 1525 vertamus,
1346 1442 1533 1508 nulla
1575 1464 1725 1526 spes
1782 1452 2053 1527 apparet
2096 1444 2345 1522 auxilii,
2405 1450 2746 1509 et'omnes

773 1550 891 1597 ree
926 1538 1189 1598 creatae
1238 1549 1432 1595 suam
1465 1547 1657 1612 opem
1703 1527 2058 1614 denegant,
2104 1531 2168 1594 in
2209 1550 2467 1595 summo
2512 1529 2742 1595 discri-

772 1616 959 1682 mine
1024 1635 1410 1695 versamur,
1483 1629 1798 1698 tanquam
1858 1616 1929 1679 in
1988 1615 2197 1699 ipsius
2251 1617 2387 1680 orci
2446 1616 2743 1681 faucibus

776 1702 1007 1779 simus,
1057 1712 1236 1778 tunc,
1286 1701 1582 1782 inquam,
1628 1698 1894 1767 divinae
1931 1702 2392 1783 promissiones
2434 1702 2507 1765 in
2553 1699 2742 1766 nobis

775 1788 914 1854 vim
966 1806 1159 1852 suam
1202 1794 1562 1852 exserunt:
1621 1786 1714 1851 Et
1756 1807 1919 1852 sane
1975 1786 2122 1852 illas
2166 1793 2426 1871 oportet
2469 1807 2508 1851 a
2552 1786 2744 1851 uobis

775 1873 1019 1939 asmmi
1046 1870 1368 1938 adversus
1393 1871 1725 1954 quaslibet
1745 1872 2161 1952 tentationes,
2205 1882 2520 1954 tanquam
2560 1891 2744 1937 arma

772 1959 1073 2024 omnium
1128 1960 1384 2042 optima
1444 1968 1514 2022 et
1559 1957 1914 2022 tutissima.
2002 1958 2141 2024 Nos
2196 1958 2422 2040 itaque
2461 1956 2748 2023 Davidis

773 2043 1153 2129 exemplum
1199 2043 1462 2126 sequuti
1510 2043 1577 2108 in
1602 2042 1745 2107 Dei·
1781 2042 2247 2127 promissiones
2291 2044 2745 2127 respiciamus,

774 2144 843 2195 et
888 2130 957 2195 in
1002 2129 1136 2194 illis
1185 2130 1304 2193 toti
1355 2129 1780 2194 haereamus:
1829 2131 2129 2213 persuasi
2165 2150 2283 2199 nos
2321 2130 2537 2212 ipsum
2581 2149 2746 2213 pure

771 2217 1180 2294 invocantes,
1243 2223 1316 2279 et
1374 2235 1457 2279 ex
1519 2216 1742 2279 animo
1798 2214 2107 2293 colentes,
2167 2225 2234 2281 et
2289 2216 2497 2299 ipsius
2544 2215 2746 2280 verbo

771 2302 1207 2386 obsequentes
1252 2320 1597 2384 nunquam
1645 2299 2063 2380 deserendos,
2108 2300 2222 2366 sed
2261 2301 2469 2384 ipsius
2497 2300 2747 2365 auxilio

771 2386 1126 2462 iuvandos,
1204 2398 1611 2468 causamque
1689 2395 1986 2451 nostrum
2053 2386 2374 2453 adversus
2438 2386 2747 2453 inimicos

775 2470 1279 2537 defendendam.
1369 2469 1702 2537 Hostibus
1761 2471 1785 2535 i
1838 2473 1969 2536 ‘tur
2024 2481 2421 2558 arroganter
2475 2491 2620 2537 sese
2678 2480 2747 2536 et

773 2557 1143 2623 insolenter
1177 2556 1625 2634 efferentibus,
1674 2564 1741 2623 et
1820 2558 1921 2622 ira
1954 2577 2251 2641 quaeque
2315 2557 2742 2638 minantibus,

775 2651 852 2707 ut
896 2642 979 2708 ud
1025 2643 1321 2726 ipsorum
1371 2643 1591 2708 minas
1626 2650 1695 2709 et
1730 2650 2046 2708 terrorem
2072 2644 2186 2710 vix
2210 2643 2471 2709 hiscere
2503 2643 2744 2709 audea-

775 2748 945 2807 mus,
1006 2728 1064 2794 si
1108 2727 1332 2793 animo
1395 2728 1605 2793 fixum
1650 2726 1835 2794 istud
1879 2728 2189 2809 haeserit,
2246 2727 2466 2794 Deum
2512 2728 2749 2795 nihilo-

775 2813 1007 2880 miuus
1049 2832 1195 2879 esse
1241 2834 1569 2892 veracem,
1631 2815 1921 2896 profecto
1962 2815 2273 2900 cogitatio
2315 2814 2432 2880 illa
2477 2814 2751 2882 divinae

777 2899 1077 2967 veritatis
1121 2901 1250 2963 erit
1298 2898 1676 2964 tutissimus
1720 2899 1996 2984 clypeus
2040 2899 2122 2966 ad
2168 2921 2397 2965 omnes
2454 2899 2744 2966 hostium

773 2986 947 3051 ictus
992 2983 1427 3068 excipiendos
1472 2994 1540 3050 et
1583 2984 2056 3067 retundendos,
2101 2986 2271 3070 quod
2318 2984 2543 3051 Deum
2586 2985 2747 3052 fide-

773 3070 907 3138 lem
951 3090 1097 3137 eme
1141 3070 1449 3149 sciamus,
1510 3081 1581 3136 et
1637 3072 1861 3155 ipsum
1901 3071 2365 3138 invocantibus
2409 3092 2748 3155 nunquam

776 3156 1020 3234 deesse,
1080 3176 1401 3240 spemque
1459 3156 1758 3239 ipsorum
1821 3178 2155 3240 nunquam
2201 3158 2525 3224 &ustrari
2627 3156 2747 3225 Se·

774 3243 1007 3327 quitur
1048 3242 1287 3309 deinde
1322 3241 1607 3309 Davidis
1645 3241 2015 3327 gratiarum
2060 3243 2250 3322 actio,
2297 3244 2378 3309 de
2422 3243 2752 3311 exauditis

777 3349 819 3395 a
859 3327 1008 3394 Deo
1049 3327 1193 3394 suis
1254 3328 1605 3411 precibus:
1655 3348 1788 3411 qua
1844 3328 2019 3411 quod
2071 3339 2229 3394 ante
2280 3327 2467 3395 docui
2513 3329 2750 3395 confir·-

774 3423 1024 3492 matur,
1077 3432 1237 3480 nem
1328 3465 1344 3494 ‚
1389 3413 1551 3480 licet
1596 3432 1843 3479 causac
1884 3424 2154 3480 nostrae
2195 3413 2487 3480 bonitate
2528 3417 2751 3490 fretos,

777 3510 1002 3565 tamen
1066 3499 1148 3564 ad
1288 3520 1443 3565 eum
1508 3518 1661 3565 cum
1723 3498 2104 3565 humilitate
2161 3502 2518 3586 confugere
2563 3522 2752 3585 opor-

777 3591 951 3650 tere:
998 3584 1191 3668 quod·
1267 3605 1377 3651 ars
1413 3587 1505 3651 sit
1527 3585 1755 3650 cultus
1796 3584 1974 3651 illius
2009 3606 2205 3669 quem
2246 3587 2374 3670 ipsi
2421 3584 2751 3653 debemus.

779 3670 923 3736 Nos
962 3670 1185 3753 itaque
1260 3673 1384 3737 ieet
1432 3688 1701 3736 causam
1762 3670 2004 3736 iusum
2055 3690 2346 3755 agamus,
2406 3681 2475 3738 et
2514 3672 2600 3738 ab
2642 3671 2756 3738 ho·

777 3755 1068 3822 minibus
1132 3755 1535 3836 reiiciamur,
1600 3756 1685 3821 ad
1745 3754 1967 3821 Deum
2035 3759 2511 3842 confugiamus,
2579 3776 2757 3823 eum·

782 3861 912 3928 que
973 3840 1363 3906 ardenn‘bus
1417 3843 1594 3908 votis

784 3924 1119 3992 exaudiat.
1208 3926 1359 3991 Non
1420 3929 1600 3991 enim
1663 3927 2118 4010 perfunctorie
2180 3939 2282 3994 cst
2323 3928 2756 4008 invocandus,

783 4011 898 4080 sed
946 4032 1030 4076 ex
1075 4010 1282 4077 animi
1318 4011 1742 4078 vehementia
1778 4022 1849 4078 et
1890 4013 2165 4079 ardore:
2207 4014 2379 4097 quod
2406 4014 2491 4079 de
2524 4036 2596 4081 se
2621 4015 2753 4080 Da-

781 4097 903 4166 vid
944 4098 1309 4181 praedicat,
1358 4116 1562 4181 quum
1598 4098 1695 4163 ait
1728 4118 1885 4164 suos
1931 4119 2267 4166 sermones
2310 4119 2349 4163 a
2371 4101 2515 4166 Deo
2556 4119 2754 4165 exau·

787 4184 996 4249 ditos:
1056 4182 1229 4266 quod
1276 4203 1408 4247 nou
1473 4183 1942 4268 perfunctorie,
2002 4194 2120 4250 aut
2178 4206 2259 4250 ex
2305 4206 2505 4263 more,
2553 4185 2758 4252 semel

789 4277 988 4352 atque
1034 4269 1278 4335 iterum
1322 4268 1548 4334 Deum
1591 4268 1982 4355 invocasset,
2043 4271 2158 4336 sed
2220 4272 2507 4336 assiduis
2550 4272 2757 4355 preci-

788 4355 917 4425 bus
959 4354 1407 4434 sollicitasset,
1452 4363 1518 4419 et-
1543 4352 1803 4419 ardenti
1828 4355 2033 4421 animi
2058 4356 2294 4435 studio,
2343 4356 2549 4422 donec
2571 4356 2760 4423 Deus

790 4460 867 4505 re
916 4441 1059 4523 ipsa
1130 4439 1554 4524 patefecisset
1620 4461 1692 4506 se
1758 4440 1969 4523 ipsius
2024 4461 2255 4526 preces
2318 4443 2758 4509 exaudivisse.

791 4525 1203 4609 Usurpanda
1255 4525 1469 4610 igitur
1520 4524 1685 4592 baec
1727 4525 2047 4606 doctrina,
2109 4539 2175 4593 et
2215 4549 2367 4612 spes
2410 4538 2477 4594 et
2519 4528 2761 4594 fiducia

795 4620 1023 4677 nostra
1066 4613 1139 4676 in
1184 4610 1332 4677 Deo
1397 4612 1796 4695 reponenda,
1855 4622 1930 4676 ut
1988 4633 2135 4677 eum
2183 4615 2466 4680 sciamus
2526 4636 2646 4679 nos
2692 4616 2761 4679 in

795 4697 1174 4763 clientelam
1228 4718 1417 4763 suam
1476 4699 1789 4780 recipere,
1850 4706 2282 4783 nostrumque
2356 4709 2762 4765 servatorem

794 4868 977 4935 hunc
1041 4869 1357 4933 honorem
1429 4868 1673 4935 deferri
1731 4877 1808 4934 ut
1866 4870 1936 4933 in
1993 4870 2201 4954 ipsius
2258 4891 2496 4938 manus
2552 4872 2760 4936 vitam

797 4962 1093 5020 nostram
1141 4952 1574 5037 deponamus,
1619 4955 1903 5038 eiusque
1938 4956 2389 5022 misericordia
2429 4978 2552 5022 nos
2590 4956 2762 5021 indi-

797 5060 951 5124 gere
1010 5040 1402 5107 sentiamus.
1507 5040 1682 5105 Nam
1742 5042 1867 5105 etsi
1951 5062 2152 5108 causa
2220 5064 2415 5125 quam
2474 5041 2766 5108 detendi—

795 5145 945 5190 mus
987 5126 1162 5191 iusta
1195 5137 1315 5201 est,
1363 5126 1795 5193 nihilominus
1830 5127 2056 5192 miseri
2093 5148 2325 5193 sumus
2370 5140 2762 5211 peccatores,

796 5217 870 5277 et
909 5211 1139 5277 multis
1183 5212 1371 5279 vitiis
1404 5232 1633 5278 coram
1652 5211 1801 5278 Deo
1842 5213 2100 5293 foedati,
2142 5235 2220 5281 ac
2264 5213 2536 5298 proinde
2571 5234 2758 5297 prae·

2412 310 2825 381 HOMILIA
2876 310 3139 378 XCIII.

1653 3861 2021 3924 precemur,
2078 3853 2155 3907 ut
2209 3863 2439 3928 preces
2494 3853 2757 3910 nostras
2817 3836 2818 3853 ¹

4631 316 4731 382 580

2842 499 3080 566 sidium
3127 496 3414 567 unicum'
3446 511 3746 566 nostrum
3789 502 3862 566 in
3919 501 4222 584 precibus
4261 512 4326 567 et
4383 503 4738 572 orationibus

2842 586 3129 670 positum
3167 587 3288 651 aio.

3018 670 3210 752 Quod
3258 692 3415 737 vero
3459 670 3675 737 David
3736 674 4158 755 conqueritur
4210 692 4285 738 eo
4343 672 4482 739 loco
4524 684 4746 742 exteros

2844 757 2913 823 iu
2958 776 3029 823 se
3088 759 3550 837 insurrexisse,
3606 768 3680 823 et
3727 757 4055 825 violentos
4115 759 4317 823 vitam
4363 778 4545 825 suam
4586 780 4746 842 quac-

2844 863 3010 922 rere,
3058 864 3192 908 non
3236 852 3336 909 est
3378 842 3884 944 inteliigendum
3921 843 4006 909 de
4039 843 4437 924 Philistaeis,
4482 854 4596 909 aut
4633 847 4750 913 aliis

2846 928 3071 1012 populi
3115 928 3244 994 Dei
3303 929 3659 995 coniuratis
3708 929 4008 995 hostibus
4067 950 4108 994 a
4164 930 4398 1013 quibus
4457 942 4606 996 tuno
4645 952 4746 997 nou

2842 1013 3234 1169 :53:353ss
3272 1014 4752 1185 aff.isszzzffssffiaffltess‘zgffitzffizffae

2844 1199 3172 1267 curentur,
3217 1188 3283 1264 ii,
3328 1187 3617 1269 inquam,
3664 1208 3745 1252 ex
3783 1186 4046 1251 Iudaeis
4090 1189 4385 1269 quicum
4423 1186 4751 1254 SauleDs-

2842 1270 3065 1370 videm
3135 1271 3738 1372 persequebantur:
3803 1290 4013 1355 neque
4083 1273 4362 1375 filiorum
4425 1272 4753 1338 Abrahami

2844 1356 4356 1527 ῗᾶηῗὲῗθὲἐῗᾉὶἳὲεὲἒὲθὲἶᾙῑὲῗοῗὲοὲῖἱῖ
4377 1359 4757 1528 ,Ἧηέἒέξ

2847 1529 3047 1611 quiin
3076 1529 3355 1611 posteris
3392 1530 3597 1611 ipsius
3628 1527 4034 1594 haberentur
4067 1529 4526 1595 reddidissent.
4572 1530 4756 1595 David

2845 1614 3053 1696 igitur
3096 1625 3357 1679 exteros
3403 1624 3591 1681 vocat
3625 1635 3898 1697 quorum
3960 1616 4027 1680 in
4069 1634 4141 1679 se
4192 1616 4507 1682 ferociam
4550 1629 4620 1681 et
4649 1634 4762 1682 eru·

2850 1699 3186 1764 deiitatem
3221 1711 3539 1766 senserat.
3591 1700 3964 1767 Adversum
4010 1722 4128 1766 nos
4173 1702 4378 1785 igitur
4427 1700 4620 1766 hodie
4647 1720 4758 1766 sur·

2849 1784 3155 1869 gentibus
3176 1786 3285 1868 qui
3309 1785 3742 1851 christianum
3785 1804 4021 1851 nomen
4069 1788 4333 1868 iactant,
4379 1796 4451 1852 et
4473 1786 4762 1852 crudelius

2849 1869 3399 1954 persequentibus
3457 1890 3653 1955 quam
3713 1871 3840 1955 ipsi
3900 1873 4154 1937 Tureas
4209 1883 4327 1938 aut
4391 1872 4566 1938 alise
4623 1874 4764 1938 ferse

2849 1956 3164 2034 nationes,
3210 1978 3378 2040 quae
3412 1956 3611 2022 fuerit
3642 1956 3929 2023 Davidis
3961 1956 4248 2023 conditio
4281 1959 4763 2041 meminerimus,

2851 2050 2925 2106 ut
2989 2041 3167 2107 illius
3231 2042 3512 2127 vestigia
3576 2062 3956 2126 premamus
3979 2093 3995 2122 ,
4085 2053 4151 2108 et
4216 2043 4468 2108 nedum
4537 2045 4764 2109 molesta

2850 2128 2938 2192 sit
2980 2128 3174 2193 nobis
3216 2138 3445 2194 nostra
3487 2127 3807 2193 conditio:
3868 2127 3984 2194 sed
4042 2128 4404 2194 fidelissimi
4456 2130 4584 2195 Dei
4623 2130 4764 2194 servi

2852 2213 3137 2297 vestigia
3180 2224 3547 2298 sequentes,
3591 2214 3703 2297 qui
3749 2213 3876 2279 fuit
3919 2214 4094 2278 unici
4138 2212 4268 2279 Dei
4311 2215 4440 2279 filii
4484 2217 4684 2299 figura
4717 2224 4767 2278 a

2852 2299 3089 2384 imago,
3128 2298 3201 2363 in
3237 2298 3596 2366 vocationis
3641 2302 3972 2383 proposito
4014 2310 4396 2365 constanter
4429 2318 4768 2384 persevere-

2850 2403 3023 2450 mus.
3103 2383 3455 2451 Caeterum
3505 2385 3832 2451 discamus
3874 2386 4071 2450 etiam
4117 2406 4248 2451 nen
4294 2387 4559 2451 turbari
4598 2404 4768 2469 neque

2852 2471 3250 2536 commoveri
3298 2471 3758 2537 vehementius
3815 2490 4022 2554 quum
4070 2491 4314 2541 nomen
4361 2472 4766 2538 christianum

2852 2557 3271 2637 profitentes,
3340 2555 3698 2638 eodemque
3763 2556 4088 2640 baptismo
4152 2557 4502 2624 nobiscum
4567 2556 4768 2622 initiati

2851 2648 3167 2726 tauquam
3232 2643 3542 2709 efferatae
3607 2640 3866 2707 belluae
3938 2643 4009 2706 in
4075 2650 4370 2708 nostram
4454 2643 4771 2726 perniciem

2852 2727 3247 2811 conspirant,
3292 2737 3362 2794 et
3404 2728 3486 2794 ad
3527 2727 3853 2792 lanienam
3901 2730 4183 2811 rapiunt,
4233 2741 4614 2794 nostrorum
4653 2748 4774 2793 san-

2852 2814 3130 2898 guinem
3177 2815 3505 2880 sitientes:
3558 2813 3672 2879 sed
3719 2813 3986 2878 fortiter
4024 2813 4338 2879 adversus
4381 2815 4652 2880 illorum
4693 2830 4776 2879 rt·

2853 2900 3024 2966 biem
3072 2897 3523 2985 depugnemus
3568 2918 3645 2964 ea
3688 2899 3925 2964 fiducia
3963 2898 4112 2964 iret-i
4149 2919 4277 2984 qua
4309 2897 4564 2977 David,
4607 2918 4774 2984 quum

2855 2988 2920 3050 in
2961 2985 3329 3050 istiusmodi
3369 2983 4209 3050 difficultatibusadDeum
4231 2985 4559 3070 confugit.
4603 2985 4778 3050 Pon-c

2856 3078 3117 3136 exteros
3161 3081 3352 3137 vocat
3397 3069 3723 3154 ziphaeos
3765 3068 4005 3149 David,
4065 3090 4199 3135 nen
4244 3082 4512 3136 tantum
4549 3082 4778 3155 propter

2856 3153 3314 3222 crudelitatem
3360 3166 3429 3221 et
3471 3156 3954 3221 immanitatem
3998 3157 4313 3239 ipsorum,
4375 3157 4502 3222 sed
4549 3168 4778 3240 propter

2857 3242 3193 3326 ingentem
3240 3244 3530 3326 ipsorum
3576 3239 4089 3320 multitudinem,
4136 3250 4210 3306 ut
4254 3243 4500 3308 merito
4536 3260 4780 3309 commo-

2858 3329 3002 3393 veri
3049 3328 3232 3394 visus
3264 3329 3370 3393 sit.
3413 3327 3583 3393 Nam
3616 3327 3844 3411 quales
3879 3337 4070 3392 erant
4093 3326 4376 3393 Davidis
4414 3329 4609 3407 vires,
4650 3345 4778 3412 quas

2813 3464 2814 3471 κ
2860 3411 3088 3479 Saulis
3120 3414 3323 3498 copiis
3359 3414 3768 3497 opponeret?
3812 3412 3955 3479 Nae
3989 3413 4204 3496 impar
4233 3427 4376 3479 erat
4402 3430 4775 3498 congr-m

2859 3499 3001 3565 Noe
3039 3500 3266 3582 itaque
3319 3518 3521 3581 quum
3583 3499 3808 3564 hostes
3862 3508 4127 3582 praeter
4181 3498 4369 3564 illum
4423 3520 4618 3566 suum
4657 3499 4779 3565 bru-

2861 3594 3005 3650 tum
3053 3586 3340 3650 furorem
3385 3594 3456 3648 et
3495 3586 3760 3650 efferam
3816 3583 4294 3649 immanitatem
4340 3604 4480 3668 qua
4523 3587 4783 3650 feruutur

2862 3670 3218 3736 adversum
3278 3690 3399 3735 nos
3456 3672 3652 3735 efiam
3702 3670 3955 3736 viribus
4009 3669 4369 3753 pollebunt,
4437 3671 4668 3754 quibus
4702 3686 4776 3734 re-

2863 3755 3154 3822 sistendo
3212 3756 3498 3838 impares
3552 3755 3913 3832 videamur,
3973 3754 4142 3837 quod
4203 3755 4414 3840 longe
4469 3756 4600 3822 illis
4646 3754 4779 3820 iufe-

2863 3842 3072 3908 riores
3119 3840 3369 3907 viribus
3414 3843 3642 3920 simus,
3686 3841 4083 3907 commoveri
4136 3841 4532 3925 turbarique
4585 3840 4782 3906 merite

2864 3946 3226 4012 possemus,
3285 3927 3412 3991 nisi
3471 3946 3857 4009 persuasum
3919 3924 4332 4007 haberemus,
4395 3927 4616 3995 Deum
4665 3924 4780 3991 inm

2817 4044 2818 4077 ;
2864 4014 3021 4079 licet
3064 4012 3318 4094 ingenti
3363 4012 3789 4077 multitudine
3833 4012 4213 4094 gloriantes,
4254 4021 4324 4077 et
4369 4012 4652 4079 saevitis
4681 4011 4778 4075 ἱππ·

2863 4117 3094 4164 manes
3149 4098 3725 4181 perturbaturum,
3797 4107 3866 4161 et
3922 4116 4118 4180 quam
4174 4097 4499 4164 horrifica
4551 4101 4633 4165 sit
4677 4095 4776 4161 illie

2862 4184 3070 4268 ipsius
3115 4184 3424 4249 maiestas
3481 4185 3978 4266 patefacturum.
4058 4183 4277 4249 Deum
4335 4183 4556 4268 igitur
4594 4185 4774 4248 tima-

2863 4291 3032 4345 mus,
3079 4279 3147 4333 et
3188 4290 3406 4335 coram
3452 4270 3594 4351 ipso
3637 4266 4034 4347 deficiamus,
4095 4270 4353 4352 ipsique
4396 4270 4774 4336 subiiciamus

2864 4356 3194 4421 humanas
3226 4374 3453 4419 omnes
3496 4354 3692 4434 vires,
3739 4364 3805 4420 et
3849 4354 4209 4438 potentiam
4249 4355 4444 4420 flocci
4489 4356 4770 4423 taciem

2864 4440 3034 4527 quod
3080 4438 3212 4504 Dei
3270 4440 3582 4506 virtutem
3643 4451 3709 4505 et
3765 4441 4124 4522 potentiam
4182 4441 4500 4507 sufficere
4541 4442 4774 4507 mmmm

2819 4582 2820 4597 ,
2862 4526 2946 4594 ad
2990 4525 3331 4592 terrendos
3375 4525 3628 4591 hostes:
3682 4527 3873 4592 cuius
3914 4525 4056 4591 irae
4096 4534 4163 4590 et
4205 4526 4453 4592 fliroris
4495 4536 4667 4591 muta
4699 4532 4772 4587 est

2819 4616 2820 4681 3
2867 4614 2988 4690 vis,
3042 4620 3120 4676 ut
3177 4610 3283 4677 vel
3339 4610 3575 4676 umbra
3616 4611 3823 4694 ipsius
3869 4610 4093 4676 hostes
4135 4614 4605 4693 perterrefiaut
4643 4612 4772 4694 ipsoe

2821 4740 2822 4749 κ
2866 4697 3050 4765 nullo
3093 4698 3481 4778 insequente
3524 4718 3742 4781 neque
3778 4696 3993 4761 minas
4037 4698 4437 4776 intentante,
4505 4708 4767 4779 tanqum

795 4802 975 4848 esse:
1053 4782 1170 4849 sed
1235 4783 1544 4849 vicissim·
1591 4782 1765 4849 velle
1820 4804 1861 4848 a
1919 4783 2108 4850 nobis
2165 4786 2492 4864 invocari,
2571 4785 2766 4868 eique
2820 4786 2823 4801 ¹

2869 4783 3200 4869 profligati
3247 4782 3684 4867 dissipentur:
3745 4782 4100 4865 divinaque
4156 4785 4460 4868 potentia
4515 4792 4583 4848 et
4617 4780 4768 4846 msic-

2867 4880 3040 4936 state
3055 4869 3154 4935 sic
3166 4876 3397 4933 tenean
3405 4879 3531 4948 tur,
3555 4882 3628 4933 ut
3643 4868 3803 4934 lieet
3817 4868 4097 4933 salutem
4112 4869 4414 4951 ipsorum
4430 4882 4768 4954 quaeramus

2867 4967 2936 5022 et
2977 4955 3062 5020 ad
3108 4954 3442 5021 meliorem
3487 4964 3778 5019 mentem
3833 4972 4146 5021 revocare
4193 4956 4374 5037 ipsos
4419 4966 4482 5021 st

2821 5106 2822 5111 ,
2866 5041 3052 5107 Deus
3093 5051 3318 5105 tamen
3364 5048 3620 5105 tantum
3667 5041 3960 5125 ipsorum
4022 5041 4260 5106 animis
4306 5052 4622 5106 tenorem
4659 5034 4766 5102 inii·

2868 5130 3016 5211 ciat,
3075 5136 3155 5191 ut
3213 5126 3388 5190 ultro
3447 5126 3518 5189 in
3574 5147 3767 5191 suum
3813 5126 4109 5206 exitium,
4167 5126 4351 5192 nullo
4411 5127 4761 5209 msequente.

2865 5212 3256 5297 praecipites
3300 5211 3622 5277 ferantur.
