5059 6059
834 287 966 356 499

2469 283 2882 353 HOMILIA
2928 281 3194 350 XXIV.

4650 293 4746 361 500

837 475 1177 562 perculsus
1233 476 1314 543 ab
1367 477 1626 560 incepto
1678 475 1949 555 destitit,
2013 485 2082 542 et
2122 495 2341 543 arcam
2384 473 2541 542 alibi
2585 473 2780 542 collo-
2885 470 3121 557 quibus
3180 471 3263 540 ad
3315 494 3387 540 se
3442 495 3565 540 nos
3612 475 3851 542 invitat
3905 489 4222 562 perpetuo
4268 477 4656 545 meditemur:
4701 504 4755 548 ue

841 564 1036 644 cavit,
1070 563 1255 648 quasi
1290 571 1612 643 metuens,
1644 582 1731 628 ne
1764 561 2031 645 propius
2066 561 2220 645 igne
2255 559 2514 627 admoto
2551 559 2783 627 domus

836 651 1283 732 conflagraret.
1372 646 1812 730 Quamobrem
1870 647 2070 714 etiam
2114 668 2265 715 sum
2309 648 2391 714 ab
2433 647 2615 714 omni
2658 646 2782 713 hac

838 735 909 800 in
956 743 1140 818 parte
1175 734 1339 800 vitio
1375 755 1507 800 non
1543 733 1778 801 libero:
1822 754 1897 801 ac
1931 733 2205 816 proinde
2238 732 2446 816 ipsius
2481 731 2780 815 exemplo

838 820 1481 889 Bethschemitarum
1551 820 1799 887 factum
1863 819 2162 886 excusari
2222 840 2353 883 non
2413 839 2605 902 posse
2657 819 2778 883 aio.

837 906 1011 972 Nam
1067 915 1137 972 et
1197 905 1519 972 Davidem
1579 913 1645 972 et
1686 904 2213 972 Bethschemitas
2256 905 2546 987 oportuit
2590 923 2781 970 nosse

838 993 967 1059 Dei
1008 993 1420 1060 maiestatem
1462 990 1622 1057 adeo
1664 990 2126 1068 venerandam,
2186 997 2262 1055 ut
2305 989 2514 1056 facilis
2557 998 2776 1055 tamen

836 1077 921 1144 ad
974 1077 1165 1144 illum
1224 1086 1443 1162 pateat
1498 1096 1796 1144 accessus
1853 1075 2160 1142 omnibus
2215 1096 2364 1142 cum
2406 1073 2778 1141 humilitate

837 1163 1311 1231 accedentibus,
1402 1162 1619 1245 Quam
1655 1163 1832 1228 enim
1867 1163 1948 1227 ob
1984 1181 2271 1245 causam,
2313 1160 2597 1239 obsecre,
2643 1171 2776 1227 ter·

839 1250 1098 1316 ribilem
1142 1271 1230 1326 se,
1276 1249 1400 1316 nisi
1444 1248 1524 1316 ad
1562 1248 1906 1314 hominum
1940 1247 2366 1314 fraenandam
2402 1258 2466 1312 et
2502 1244 2776 1312 doman-

840 1335 989 1403 dam
1053 1334 1357 1401 duritiem
1423 1335 1724 1418 praebet:
1786 1353 1919 1417 qua
1984 1331 2246 1411 domita,
2310 1332 2464 1416 quid
2522 1334 2776 1417 inipso

837 1422 962 1488 nisi
1019 1429 1331 1505 paternus
1387 1421 1570 1486 favor
1626 1427 1695 1486 et
1751 1418 2203 1485 benevolentia
2258 1418 2604 1502 superest?
2674 1417 2776 1484 Ac

837 1529 995 1574 sane
1053 1507 1268 1574 David
1328 1507 1453 1572 alio
1511 1506 1651 1572 loco
1710 1513 1984 1571 testatur
2040 1525 2113 1571 se
2169 1505 2403 1570 melius
2453 1504 2774 1585 edoctum,

786 1597 787 1602 ’
838 1613 1042 1677 quum
1097 1593 1218 1660 ait:
1274 1594 1420 1677 Ego
1474 1593 1833 1657 instructus
1875 1590 2307 1674 amplitudine
2348 1589 2775 1675 benignitatis

836 1688 989 1746 tuae
1039 1678 1373 1762 ingrediar
1413 1676 1679 1744 domum
1721 1679 1938 1743 tua'm:
1996 1677 2352 1743 incurvabo
2395 1697 2501 1742 me
2546 1697 2776 1742 versus

837 1765 1156 1850 templum
1210 1765 1578 1831 sanctitatis
1621 1770 1775 1829 tuae
1818 1782 1967 1829 cum
2010 1763 2379 1829 reverentia
2421 1763 2536 1828 tui.
2625 1762 2775 1829 Duo

837 1854 1014 1919 enim
1059 1851 1174 1916 illa
1216 1850 1400 1916 novit
1440 1849 1616 1915 inter
1658 1869 1728 1916 se
1763 1849 2180 1932 coniungere,
2223 1847 2353 1914 Dei
2387 1859 2549 1932 puta
2582 1849 2775 1914 mise-

837 1937 1181 2005 ricordiam
1225 1958 1374 2002 cum
1418 1936 1624 2019 ipsius
1666 1934 1930 2014 iustitia,
1974 1953 2141 2016 quae
2185 1954 2516 2017 nunquam
2563 1934 2645 2000 ab
2679 1934 2776 1999 in-

839 2023 1050 2090 vicem
1124 2020 1559 2087 divelluntur:
1629 2019 1846 2103 itaque
1905 2019 2169 2086 domum
2217 2019 2344 2085 Dei
2403 2042 2473 2086 se
2529 2019 2779 2104 ingres-

839 2130 1067 2175 surum
1138 2129 1172 2173 s
1258 2121 1378 2189 rat,
1441 2107 1552 2172 sed
1613 2103 2034 2171 multitudine
2094 2105 2519 2190 benignitatis
2573 2106 2778 2189 ipsius

839 2197 1059 2261 fretus.
1149 2129 1368 2275 (geere
1410 2191 1775 2257 cavendum
1814 2189 2001 2256 nobis
2043 2191 2125 2256 ab
2170 2191 2283 2256 illo
2326 2205 2507 2257 metu
2543 2202 2611 2256 et
2644 2200 2778 2257 ter·

837 2301 986 2348 rore
1031 2278 1221 2358 malo,
1267 2279 1378 2361 qui
1423 2277 1723 2343 omnibus
1769 2275 2126 2362 hypocritis
2169 2277 2313 2342 Deo
2355 2298 2425 2343 se
2469 2278 2778 2344 illusuros

834 2365 1251 2449 sperantibus
1320 2372 1422 2430 eet
1478 2364 1859 2429 communis.
1948 2360 2515 2443 Quemadmodum
2573 2363 2778 2448 igitur

838 2473 1040 2535 supra
1097 2450 1380 2515 diximus
1436 2449 1632 2515 fidem
1688 2468 1831 2514 esse
1886 2446 2172 2513 mediam
2223 2447 2399 2514 inter
2441 2448 2570 2514 duo
2615 2448 2777 2514 vitia

839 2547 1152 2615 extrema,
1195 2556 1325 2601 non
1360 2534 1552 2600 aliter
1585 2532 1999 2600 sentiendum
2036 2531 2116 2599 de
2149 2534 2403 2599 ratione
2439 2534 2520 2600 ad
2556 2533 2774 2600 Deum

842 2620 1208 2700 accedendi,
1254 2640 1452 2704 quam
1492 2640 1636 2686 esse
1678 2617 1964 2684 mediam
1997 2618 2171 2685 inter
2205 2628 2453 2686 metum
2490 2630 2555 2686 et
2590 2640 2776 2687 secu-

838 2708 1105 2773 ritatem
1164 2715 1440 2790 oportet.
1528 2705 1663 2772 Alii
1718 2704 1892 2771 enim
1951 2703 2035 2771 ad
2076 2705 2297 2771 Deum
2340 2704 2620 2771 nimium
2663 2726 2773 2771 au-

838 2792 1063 2861 dacter
1113 2801 1180 2859 et
1235 2800 1617 2877 arroganter
1672 2790 2007 2866 accedunt,
2074 2798 2149 2856 ιιι
2204 2790 2247 2856 h
2343 2790 2605 2875 ocritae,
2663 2791 2776 2873 qui

837 2878 1028 2946 modo
1084 2879 1394 2963 pietatem
1451 2876 1778 2956 simulent,
1837 2876 1918 2942 de
1976 2876 2117 2942 Deo
2173 2897 2244 2943 se
2381 2897 2465 2943 ne
2507 2876 2775 2944 meritos

835 2967 1148 3047 sentiunt,
1198 2984 1478 3047 eumque
1520 2962 1642 3029 sibi
1686 2962 1886 3046 longe
1927 2961 2304 3029 devinctum
2349 2962 2774 3044 arbitrantur,

834 3059 913 3117 ιιι
967 3050 1125 3118 licet
1180 3050 1434 3116 versuti
1497 3056 1565 3115 et
1604 3056 2004 3115 veteratores
2048 3048 2183 3114 sint
2226 3068 2301 3115 ac
2342 3048 2523 3132 pleni
2566 3049 2775 3116 rebel-

832 3136 1026 3217 lione,
1103 3136 1322 3203 Deum
1384 3134 1510 3201 sibi
1577 3141 1800 3201 tamen
1865 3132 2195 3200 addictum
2255 3140 2327 3200 et
2390 3134 2776 3202 obstrictum

836 3221 1065 3289 velint.
1151 3220 1289 3287 Alii
1346 3241 1610 3304 prorsus
1667 3218 1844 3285 athei
1895 3227 1964 3286 et
2005 3219 2148 3287 sine
2188 3219 2507 3304 religione
2547 3220 2776 3305 procul

841 3329 882 3375 a
936 3307 1083 3374 Deo
1140 3304 1473 3385 recedunt,
1530 3314 1598 3372 et
1653 3304 1733 3371 de
1787 3303 1932 3370 Deo
1973 3305 2121 3372 fieri
2161 3304 2562 3372 mentionem
2603 3328 2776 3372 nun·

841 3414 1039 3480 quam
1082 3391 1364 3461 vellent:
1407 3388 1579 3475 quod
1619 3398 1992 3460 extremum
2027 3398 2128 3458 est
2165 3390 2352 3458 valde
2387 3391 2778 3459 sceleratum

840 3487 908 3546 et
959 3479 1256 3563 impium.
1347 3475 1527 3559 Quid
1583 3476 1773 3543 nobis
1813 3475 2021 3561 igitur
2061 3476 2134 3542 in
2176 3476 2282 3543 his
2324 3478 2650 3562 angustiis
2682 3478 2779 3543 fa-

837 3563 1186 3633 ciendum?
1244 3563 1498 3647 Nempe
1541 3561 1624 3629 ad
1666 3560 2137 3647 praescriptam
2176 3561 2362 3640 illam
2406 3562 2706 3648 regulam
2741 3585 2782 3630 a

836 3649 1099 3718 Davide
1154 3649 1387 3716 melius
1443 3648 1671 3715 edocto
1734 3647 2222 3727 recurrendum,
2301 3669 2432 3733 qua
2486 3669 2639 3716 cum
2695 3649 2780 3715 ti-

839 3756 1022 3802 more
1063 3741 1131 3801 et
1172 3734 1541 3801 reverentia
1583 3731 1741 3800 dicit
1782 3753 1854 3800 se
1896 3732 1968 3798 in
2007 3731 2138 3800 Dei
2179 3734 2495 3818 templum
2537 3742 2780 3803 ventu-

841 3841 990 3888 rum
1045 3819 1385 3886 adoratum
1427 3842 1578 3887 eum
1622 3828 1690 3885 et
1728 3819 2129 3899 invocatum,
2173 3819 2627 3904 magnitudine
2669 3819 2779 3887 be·

843 3904 1187 3991 nignitatis
1272 3905 1476 3989 ipsius
1560 3906 1821 3972 fretum.
1909 3903 2161 3972 Contra
2243 3905 2611 3973 cavendum
2694 3927 2782 3973 ne

840 3991 1370 4060 Bethschemitas
1424 3991 1778 4071 imitemur,
1834 3990 1950 4056 sed
2006 3987 2192 4057 Deus
2247 3990 2649 4060 invocandus
2705 4002 2784 4060 ut

840 4079 1016 4145 vires
1057 4078 1245 4145 nobis
1278 4077 1557 4144 sufficiat
1589 4077 1827 4161 quibus
1860 4076 2228 4160 superbiam
2263 4077 2454 4145 nobis
2486 4077 2781 4145 innatam

841 4161 1341 4240 contundamus,
1400 4173 1467 4229 et
1508 4182 1727 4230 coram
1771 4163 1914 4246 ipso
1957 4160 2358 4242 deiiciamur‚
2400 4162 2516 4229 sed
2559 4162 2655 4232 ita
2696 4185 2783 4231 ne

840 4248 1258 4333 repellamur.
1345 4248 1580 4333 Itaque
1630 4248 1783 4316 licet
1837 4247 2266 4315 metuendum
2320 4269 2393 4315 se
2434 4248 2624 4316 Deus
2665 4271 2782 4317 ex-

842 4334 1043 4417 hibet,
1085 4354 1169 4401 ne
1209 4334 1437 4418 procul
1482 4334 1563 4401 ab
1605 4333 1748 4418 ipso
1790 4332 2189 4413 recedamus,
2234 4333 2350 4401 sed
2390 4342 2625 4402 contra
2656 4336 2782 4405 sci-

845 4441 1035 4489 amus
1069 4421 1287 4504 ipsum
1319 4419 1473 4487 licet
1507 4418 1863 4487 terribilem
1899 4427 2122 4487 tamen
2157 4419 2241 4486 ad
2275 4419 2490 4504 ipsum
2519 4422 2783 4489 nomine

843 4506 1116 4574 Domini
1184 4506 1393 4571 nostri
1464 4504 1620 4572 Iesu
1687 4504 1935 4571 Christi
2002 4504 2382 4574 accedentes
2448 4528 2784 4591 nunquam

734 4624 741 4628 ·
844 4593 1271 4660 reiecturum.
1355 4590 1541 4659 Haec
1583 4589 1762 4657 enim
1803 4591 1994 4657 unica
2025 4591 2096 4658 in
2132 4590 2399 4659 Christo
2431 4591 2652 4677 ipsum
2683 4595 2784 4661 in-

845 4676 1156 4746 veniendi
1221 4676 1386 4744 ratio
1440 4684 1558 4744 est.
1643 4675 1830 4742 Idem
1873 4677 2071 4743 etiam
2113 4678 2346 4746 fecisse
2388 4678 2783 4747 Philistaeos

846 4783 1049 4849 supra
1081 4761 1487 4830 audivimus:
1522 4759 1639 4831 sed
1672 4762 1817 4845 quis
1850 4762 2128 4829 miretur
2160 4762 2531 4831 incredulos
2564 4762 2782 4833 Deum

844 4859 1138 4917 metuere
1181 4856 1251 4916 et
1291 4869 1331 4916 a
1365 4870 1437 4916 se
1470 4849 1740 4915 reiicere
1773 4868 1969 4932 quem
2004 4867 2140 4915 non
2172 4850 2544 4918 noverunt?
2591 4850 2782 4932 Quod

844 4957 1002 5004 vero
1060 4934 1282 5004 David
1335 4935 1473 5001 irae
1529 4933 1660 5001 Dei
1701 4944 1884 5001 metu
1925 4934 2262 5018 perculsus
2301 4935 2569 5003 videtur
2608 4936 2784 5004 idem

844 5022 1095 5106 fecisse,
1128 5022 1412 5088 sciamus
1443 5040 1763 5105 magnum
1794 5019 1971 5087 inter
2002 5019 2152 5087 illos
2174 5020 2538 5103 discrimen,
2576 5042 2783 5107 quum

845 5106 1070 5175 David
1111 5105 1540 5173 nihilominus
1581 5105 1713 5171 Dei
1752 5104 2188 5191 praesentiam
2230 5106 2588 5208 quaerendi
2629 5108 2782 5177 nul-

841 5192 982 5261 lum
1050 5192 1251 5260 finem
1317 5191 1561 5261 fecerit.
1646 5190 1785 5261 Nos
1850 5192 2074 5277 itaque
2129 5192 2262 5260 Dei
2316 5193 2782 5277 promissiones

2883 579 3087 643 quum
3128 558 3199 624 in
3243 558 3526 644 gratiam
3569 569 3866 647 receptos
3908 584 4028 630 nos
4074 585 4191 648 per
4231 563 4440 630 filium
4480 566 4609 632 eius
4642 571 4751 632 uni-

2880 666 3030 712 cum
3098 644 3460 712 Dominum
3526 659 3827 714 nostrum
3882 647 4104 716 Iesum
4161 648 4497 717 Christum
4547 652 4750 728 scimus.

2880 731 3242 816 gratiarum
3315 732 3634 799 actionem
3695 732 3797 799 illi
3862 733 4084 801 deberi
4149 756 4189 802 a
4252 737 4438 803 nobis
4500 738 4750 804 memine-

2879 816 3108 882 rimus.
3196 816 3370 884 Nam
3427 818 3595 885 nihil
3641 817 3820 885 aliud
3863 839 3903 886 a
3947 821 4137 887 nobis
4177 823 4485 905 postulat,
4535 843 4674 906 quos
4704 827 4752 890 in

2879 902 3162 968 filiorum
3208 923 3557 970 numerum
3601 905 3955 988 adoptavit,
4008 927 4205 990 quam
4248 919 4327 974 ut
4368 909 4451 973 ad
4489 929 4641 987 eum,
4676 911 4754 993 qui

2878 989 3084 1071 patris
3141 988 3388 1056 honore
3445 1011 3565 1057 nos
3622 990 3953 1075 dignatur,
4008 994 4492 1079 confugiamus:
4551 995 4756 1061 nullum

2877 1071 3055 1140 aliud
3113 1073 3226 1140 fibi
3283 1086 3621 1160 acceptum
3681 1097 3825 1144 esse
3881 1078 4271 1146 sacrificium
4327 1089 4609 1161 testatur,
4663 1083 4754 1148 nisi

2880 1170 2954 1224 ut
2994 1159 3064 1225 in
3107 1159 3413 1227 omnibus
3455 1162 3778 1245 angustiis
3820 1172 3889 1229 et
3932 1166 4428 1232 necessitatibus
4469 1168 4663 1252 ipsum
4690 1168 4758 1232 in·

2879 1264 3203 1326 vocemus,
3252 1267 3408 1313 vera
3450 1246 3564 1313 illa
3603 1247 3733 1313 fide
3766 1248 3937 1329 freti,
3977 1251 4117 1315 fore
4151 1263 4227 1316 ut
4262 1250 4566 1317 bonitatis
4596 1262 4654 1318 et
4681 1254 4759 1319 be·

2876 1331 3218 1416 nignitatis
3260 1353 3417 1399 suae
3460 1353 3580 1400 nos
3621 1333 3821 1401 faciat
3861 1336 4228 1421 participes.

3046 1416 3190 1486 Iam
3234 1430 3551 1501 superest,
3596 1424 3698 1487 etc.

3435 1711 3930 1796 HOMILIA
3980 1713 4286 1796 XXIV.

3653 1846 3855 1914 OAP.
3901 1848 4058 1914 vn.

3053 2017 3111 2083 1.
3185 2016 3498 2084 Venerunt
3552 2039 3694 2101 erqo
3747 2019 3877 2086 viri
3927 2019 4407 2105 Corinthiarum,
4467 2030 4526 2090 et
4563 2025 4773 2090 redim-

2878 2107 3026 2168 rtmt
3086 2123 3300 2170 arcam
3361 2103 3649 2184 Domini,
3714 2110 3772 2170 et
3829 2106 4176 2173 intulerunt
4240 2129 4380 2175 eam
4445 2111 4520 2175 in
4575 2111 4772 2176 domm

2883 2187 3220 2255 Abinadab
3275 2189 3347 2254 in
3416 2189 3671 2256 Gabaon.-
3731 2189 4124 2258 Ezemmm
4180 2199 4388 2260 autem
4438 2197 4638 2279 filium
4672 2197 4772 2262 citas

2878 2274 3433 2356 sanctificaverunt,
3494 2280 3563 2341 ut
3618 2277 3954 2344 custodiret
3993 2298 4209 2344 arcam
4248 2281 4539 2350 Domini.
4618 2282 4671 2347 2.
4706 2279 4768 2345 Β

2876 2360 3116 2443 factum
3158 2366 3268 2441 est,
3314 2381 3392 2426 ex
3432 2381 3563 2443 qua
3602 2361 3706 2427 die
3739 2364 3973 2428 mnsit
4011 2384 4165 2431 arca
4205 2365 4480 2434 Domini
4515 2370 4586 2435 in
4626 2369 4767 2435 Cori-

2881 2445 3203 2527 amarint,
3252 2446 3652 2529 multiplicati
3690 2453 3841 2514 sunt
3878 2449 4032 2528 dies,
4077 2456 4213 2517 erat
4251 2455 4489 2537 quippe
4531 2457 4652 2522 iam
4683 2471 4768 2519 ωι-

2877 2552 3003 2599 nus
3051 2532 3412 2598 vicesimus:
3466 2537 3522 2599 et
3574 2534 3877 2616 requievit
3929 2537 4135 2601 omnis
4173 2538 4394 2605 domus
4441 2539 4644 2608 Ima
4667 2546 4772 2622 post

2877 2618 3243 2686 Dominum.
3329 2618 3392 2684 3.
3450 2618 3568 2683 Ait
3622 2625 3828 2686 autem
3887 2619 4142 2687 Samuel
4180 2625 4269 2690 ad
4305 2627 4664 2693 universam
4691 2627 4769 2691 do-

2876 2724 3054 2770 mum.
3104 2702 3333 2780 Israel,
3391 2704 3629 2771 dicens:
3685 2703 3763 2771 Si
3816 2706 3889 2771 in
3941 2710 4059 2772 toto
4110 2711 4287 2777 corde
4325 2718 4538 2779 vestro
4576 2732 4769 2780 conva-

2877 2789 3087 2856 timim
3140 2791 3227 2857 ad
3282 2789 3644 2869 Dominum,
3704 2790 3943 2874 auferte
3996 2793 4141 2860 deos
4195 2797 4441 2865 aliam
4495 2799 4569 2864 de
4616 2799 4769 2864 medio

2876 2880 3183 2942 vestrum.-
3246 2874 3514 2944 Baalim
3577 2881 3636 2943 et
3687 2876 4021 2944 Astaroth:
4087 2886 4146 2946 et
4187 2891 4578 2966 praeparate
4626 2885 4772 2952 corda

2876 2967 3084 3028 vestra
3145 2961 3442 3046 Domino,
3508 2964 3567 3027 et
3625 2964 3849 3029 servite
3915 2964 3977 3028 ei
4040 2965 4181 3051 soli,
4248 2974 4307 3035 et
4365 2976 4542 3037 cruet
4600 2992 4692 3036 vos
4719 2970 4773 3034 de

2876 3066 3073 3114 manu
3115 3045 3550 3134 Philtetiimr).

3048 3217 3385 3285 Hesterna
3469 3218 3780 3286 concione
3876 3222 4254 3292 audivimus
4336 3251 4543 3313 qnam
4618 3253 4773 3315 prave

2880 3302 3325 3370 Betheemitae
3365 3302 3446 3371 de
3486 3304 3619 3371 Dei
3661 3304 3921 3373 iudiciis
3963 3308 4333 3392 iudicarint,
4387 3318 4628 3400 quibus
4663 3340 4770 3384 ern·

2880 3389 3005 3455 diri
3048 3390 3268 3473 potius
3312 3389 3656 3472 debebant,
3712 3411 3908 3474 quam
3946 3415 3986 3458 a
4023 3395 4165 3462 Deo
4212 3405 4565 3469 removeri.
4644 3405 4772 3469 Nam

2881 3475 3006 3541 etsi
3074 3476 3261 3541 Deus
3325 3494 3555 3542 eorum
3611 3477 4055 3545 curiositatem
4114 3494 4181 3547 et
4238 3486 4583 3554 audaciam
4624 3489 4775 3573 puni·

2879 3569 3083 3640 verat,
3129 3561 3242 3644 qui
3284 3568 3420 3628 tam
3466 3572 3706 3629 temere
3749 3583 3965 3630 arcam
4009 3567 4287 3636 foederis
4330 3574 4698 3660 contingere
4729 3587 4778 3638 st

2879 3646 3306 3731 introspicere
3370 3648 3511 3714 ausi
3575 3648 3857 3730 fuerant,
3922 3673 4057 3717 non
4121 3653 4268 3721 ideo
4327 3667 4557 3726 tamen
4609 3662 4780 3726 futura

2881 3740 3024 3799 erat
3086 3732 3248 3816 ipsis
3314 3730 3475 3799 adeo
3541 3732 3849 3801 terribilis
3910 3738 4052 3804 eius
4093 3746 4496 3824 praesentia,
4561 3753 4631 3812 ut
4665 3766 4779 3812 eum

2880 3817 3107 3902 procul
3181 3839 3222 3884 a
3279 3838 3353 3884 se
3410 3819 3858 3886 amandarent.
3945 3823 4094 3891 Etsi
4150 3827 4330 3894 enim
4382 3830 4577 3899 Deus
4621 3831 4780 3897 mais·

2881 3912 3119 3970 statem
3183 3925 3372 3970 suam
3438 3905 3583 3971 vult
3642 3926 4034 3976 veneremur
4096 3931 4173 3979 ac
4231 3914 4604 3995 timeamus,
4680 3938 4776 3982 non

2882 3989 3026 4057 ideo
3084 3999 3308 4057 tamen
3366 4010 3407 4056 a
3461 4011 3534 4057 se
3589 3992 3846 4076 repellit
3902 4002 3972 4060 et
4028 4004 4275 4065 terrore
4317 4003 4649 4084 precellit:
4695 4001 4778 4068 sod

2882 4076 3177 4143 nativam
3241 4077 3723 4145 contumaciam
3778 4076 4001 4147 domat
4054 4091 4125 4149 et
4177 4099 4501 4173 repurgat
4541 4109 4582 4155 a
4619 4088 4782 4155 rebel·

2881 4162 3074 4241 lione,
3126 4168 3203 4229 ut
3242 4161 3513 4247 propius
3556 4162 3640 4230 ad
3682 4164 3900 4248 ipsum
3944 4164 4253 4253 deinceps
4298 4174 4687 4252 accedamus,
4734 4183 4782 4238 st

2881 4246 3273 4316 modestiam
3330 4247 3559 4332 edocti,
3617 4271 3693 4317 ac
3745 4269 3972 4317 coram
4028 4255 4235 4339 ipsius
4287 4260 4630 4329 maiestate
4666 4281 4780 4326 con·

2881 4334 3037 4419 fusi,
3082 4341 3305 4400 tamen
3345 4354 3497 4401 eum
3528 4334 3869 4403 ardentius
3901 4342 4330 4423 requiramus.
4423 4348 4639 4432 Atque
4666 4346 4779 4412 illac

2884 4428 3042 4486 sunt
3084 4438 3350 4520 poenae,
3391 4439 3553 4503 quas
3593 4421 3830 4489 Esaias
3860 4426 4199 4509 propheta,
4240 4428 4615 4515 hypocritas
4645 4451 4778 4498 com·

2883 4504 3155 4590 pellans,
3213 4514 3505 4572 minatur
3556 4505 3774 4575 Deum
3832 4510 3935 4575 sui
3978 4517 4536 4598 contemptoribus
4575 4516 4780 4583 immis-

2883 4612 3136 4669 surum,
3191 4591 3298 4658 his
3353 4591 3612 4660 verbis:
3677 4593 4089 4676 &paverant
4143 4599 4404 4668 Teiione
4449 4608 4780 4686 pomum,

2882 4678 3268 4761 wrriptoerot
3304 4681 3531 4745 tremor
3569 4676 3954 4764 hypocritas:
4007 4685 4153 4766 qais
4193 4686 4631 4773 diversam,
4680 4689 4782 4754 ais·

2884 4763 3064 4847 bant,
3125 4783 3204 4829 ex
3258 4762 3440 4831 nobis
3488 4783 3628 4831 cum
3681 4767 3825 4850 1⁶92ae
3866 4772 4299 4839 smmum?
4353 4776 4781 4856 quisaiversa·

2884 4847 3054 4916 bitur
3094 4870 3172 4916 a
3210 4848 3389 4917 nobis
3428 4869 3571 4919 cum
3610 4853 3947 4919 ardoribus
3966 4858 4344 4938 perpetras?
4381 4859 4559 4927 Nam
4592 4880 4781 4945 quam-

2885 4934 2998 5002 diu
3073 4934 3258 5003 Deus
3320 4955 3433 5004 eos
3495 4936 3822 5021 patienter
3886 4940 4136 5025 tolerat,
4214 4943 4509 5012 illudunt
4572 4945 4684 5031 ipsi
4734 4949 4782 5009 ct

2885 5020 3089 5089 nullis
3166 5021 3787 5091 comminationibus
3865 5026 4070 5110 ipsius
4146 5041 4672 5100 commoventur:
4734 5033 4783 5094 et

2991 5212 3051 5281 ‘)
3092 5212 3294 5271 Versus
3328 5212 3366 5264 4
3399 5213 3631 5269 omissus
3663 5219 3756 5270 est.
