5059 6059
834 308 959 371 411

2335 335 2342 344 ·
2440 298 2849 365 HOMILIA
2896 295 3224 365 LXXIX.
4652 305 4739 374 412

831 451 1225 579 implacabili
1285 490 1472 558 Sauli
1529 490 1669 574 regi
1720 509 2009 570 exosum,
2071 488 2271 554 variis
2318 487 2525 553 modis
2582 489 2790 573 agita-
2900 488 3033 553 lam
3078 488 3396 572 confugit,
3439 488 3510 552 in
3555 509 3684 571 qua
3727 490 3906 553 omni
3965 510 4089 574 ope
4146 489 4437 557 humana
4487 492 4750 564 destitutus

837 595 999 662 tum,
1065 580 1223 663 fuga
1288 574 1559 642 tandem
1624 597 1783 641 suae
1839 575 2038 640 saluti
2097 574 2435 641 consulere
2493 587 2789 641 coactum

836 668 1022 752 panis
1060 663 1280 748 inopia
1323 661 1674 740 laborasse,
1719 673 1789 726 et
1830 662 2025 726 rebus
2061 659 2368 727 omnibus
2403 661 2788 726 necessariis

777 811 802 838 ,
833 753 1039 819 fuisse
1104 748 1492 815 destitutum
1571 749 1641 812 in
1738 766 1974 812 manus
2042 747 2254 812 hostis
2333 746 2787 829 capitalissimi

835 831 1195 911 devenisse,
1240 834 1625 916 nullumque
1670 831 1849 898 aliud
1894 831 2020 916 ipsi
2066 833 2264 898 fuisse
2307 832 2542 898 salutis
2579 853 2788 897 reme·

839 923 1040 998 dium,
1086 942 1283 1005 quam
1327 920 1622 985 insaniae
1658 917 2174 985 simulationem:
2223 918 2374 983 inde
2421 920 2489 982 in
2532 917 2791 1000 spelun-

835 1031 980 1076 cam
1045 1006 1351 1074 Odollam
1418 1005 1681 1089 fugisse,
1750 1004 2007 1088 magnis
2074 1002 2354 1086 denique
2428 1003 2634 1082 curis,
2718 1015 2789 1069 ut

839 1095 1144 1177 deinceps
1202 1091 1600 1170 videbimus,
1660 1089 2029 1157 confectum
2086 1089 2321 1169 fuisse,
2377 1099 2632 1156 certum
2691 1097 2791 1155 est

838 1202 972 1247 non
1007 1178 1201 1244 modo
1223 1198 1356 1243 non
1380 1177 1602 1241 datum
1625 1177 1705 1241 iri
1730 1177 2073 1241 materiam
2127 1176 2377 1241 animos
2413 1173 2789 1241 assumendi

838 1266 1113 1350 Deoque
1157 1284 1294 1342 nos,
1339 1284 1540 1347 quum
1563 1273 1663 1327 tot
1705 1262 1961 1328 casibus
1983 1260 2327 1344 explorare
2353 1261 2544 1339 volet,
2587 1261 2787 1327 subii·

839 1351 1076 1426 ciendi,
1121 1349 1235 1416 sed
1293 1358 1522 1414 contra
1575 1348 1791 1432 potius
1851 1347 2143 1412 animum
2203 1346 2666 1430 despondendi,
2723 1355 2791 1412 et

840 1438 922 1505 ab
966 1436 1182 1502 officio
1227 1433 1589 1501 resiliendi:
1634 1434 1749 1499 sed
1793 1435 1849 1498 si
1891 1432 2087 1497 simul
2130 1432 2256 1497 ista
2289 1433 2484 1497 coniu
2582 1453 2788 1513 amus,

838 1544 1078 1606 nempe
1126 1521 1345 1588 Deum
1387 1521 1481 1586 sic
1524 1541 1680 1586 suos
1725 1539 1951 1584 servos
1994 1517 2356 1601 explorare,
2402 1528 2475 1583 ut
2510 1539 2551 1583 a
2627 1518 2788 1601 ipsis

840 1629 1115 1676 aversus
1157 1605 1462 1672 videatur
1505 1614 1573 1671 et
1615 1604 1850 1670 deinde
1909 1605 2121 1687 ipsum
2184 1604 2283 1669 uti
2343 1601 2789 1671 misericordia

839 1714 1166 1777 manuque
1225 1692 1567 1757 sublevare
1640 1702 1707 1756 et
1768 1693 1840 1755 in
1899 1691 2161 1755 incertis
2222 1688 2416 1755 rebus
2469 1689 2789 1754 auxilium

840 1781 1010 1845 ferre
1054 1800 1186 1844 non
1233 1777 1690 1863 cogitantibus.
1776 1776 2085 1858 Denique
2127 1776 2182 1840 si
2225 1796 2376 1854 cum
2420 1775 2788 1842 afflictioni-

840 1866 961 1933 bus
1004 1875 1070 1932 et
1090 1864 1371 1930 miseriis
1414 1862 1677 1928 illarum
1700 1862 1951 1926 exitum
1974 1860 2446 1939 coniunximus,
2491 1860 2777 1943 amplam

842 1951 1032 2018 nobis
1091 1949 1381 2016 laetitiae
1440 1949 1783 2012 materiam
1839 1947 2235 2030 propositam
2303 1966 2788 2031 cognoscemus,

840 2047 911 2102 et
974 2034 1055 2099 ad
1135 2035 1521 2118 patientiam
1597 2033 1898 2116 exemplo
1980 2031 2255 2097 Davidis
2336 2032 2786 2098 excitabimur.

846 2124 1066 2206 Atque
1111 2120 1234 2185 hoc
1272 2121 1487 2204 ipsum
1532 2140 1652 2185 nos
1697 2118 1882 2184 docet
1923 2117 2117 2184 Iacob
2174 2118 2527 2200 apostolus,
2588 2136 2791 2201 quum

844 2209 972 2273 ait:
1019 2205 1465 2288 Sufferentiam
1507 2204 1624 2269 Iob
1666 2204 2023 2284 audivisti&
2068 2209 2125 2268 et
2161 2202 2350 2284 finem
2391 2203 2658 2269 Domini
2697 2202 2791 2267 vi-

848 2293 1038 2360 distis
1079 2292 1242 2374 quod
1283 2291 1639 2357 misericors
1660 2290 1992 2356 Dominus.
2060 2289 2217 2356 Istis
2258 2290 2461 2373 igitur
2484 2288 2793 2354 docemur

848 2380 1068 2445 Deum
1110 2398 1261 2443 suos
1303 2396 1641 2459 nunquam
1687 2374 2133 2456 derelinquere
2192 2396 2267 2441 ao
2311 2376 2466 2441 licet
2508 2395 2642 2439 non
2687 2395 2790 2439 re-

850 2474 1047 2548 pente
1111 2464 1318 2546 ipsius
1381 2471 1699 2545 appareat
1765 2460 2083 2526 auxilium
2153 2481 2492 2544 nunquam
2568 2469 2790 2525 tamen

853 2549 1166 2615 oblivioni
1209 2568 1362 2613 suos
1406 2546 1801 2613 traditurum
1844 2546 2003 2629 quin
2026 2545 2252 2611 multis
2296 2546 2577 2631 agitatos
2621 2545 2791 2610 cala-

855 2632 1192 2701 mitatibus
1250 2632 1512 2699 tandem
1568 2632 1798 2697 liberet
1849 2642 1918 2698 et
1972 2631 2081 2697 vel
2135 2632 2216 2697 ab
2287 2633 2426 2714 ipso
2492 2631 2791 2715 sepulcro

855 2719 1184 2787 redivivos
1225 2719 1496 2801 impleat
1539 2716 1793 2802 gaudio,
1838 2716 2382 2801 quemadmodum
2427 2741 2513 2782 ex
2556 2718 2792 2782 Annae

855 2806 1109 2874 cantico
1161 2802 1521 2869 didicimus.
1610 2803 1911 2887 Denique
1953 2801 2279 2868 Davidem
2332 2823 2415 2868 ex
2474 2804 2596 2869 hoc
2654 2803 2791 2867 loco

858 2903 1126 2975 apparet
1190 2889 1273 2956 ad
1340 2891 1512 2955 vitae
1575 2909 1733 2955 suae
1814 2888 2210 2971 praesidium
2292 2888 2536 2953 mundo
2616 2887 2793 2953 velut

858 2977 1129 3042 exulare
1171 2986 1490 3054 coactum,
1536 2995 1705 3056 quae
1755 2972 2146 3058 gravissima
2191 2973 2480 3039 omnium
2513 2974 2642 3057 ipsi
2672 2973 2798 3038 fuit

859 3062 1151 3128 tentatio.
1239 3061 1537 3126 Profecto
1580 3062 1638 3125 si
1681 3059 1764 3125 ad
1811 3060 1981 3123 vitae
2037 3059 2431 3141 praesidium
2487 3059 2594 3125 vel
2650 3057 2793 3123 lati·

859 3164 1013 3223 tare,
1063 3147 1164 3213 vel
1207 3146 1416 3212 solum
1452 3156 1711 3212 vertere
1745 3165 2072 3227 cogemur,
2119 3145 2586 3229 gravissimum
2631 3142 2790 3210 illud

858 3232 1120 3317 quidem
1185 3231 1545 3300 videbitur:
1612 3231 1727 3297 sed
1792 3227 2117 3295 Davidem
2181 3231 2593 3308 intueamur,
2659 3251 2792 3296 non

857 3327 1114 3385 tantum
1158 3319 1373 3401 patria
1392 3328 1738 3391 extorrem,
1784 3335 2014 3381 verum
2037 3316 2232 3381 etiam
2277 3315 2438 3382 adeo
2483 3318 2791 3383 miserum

858 3418 934 3471 ut
977 3426 1062 3469 ne
1105 3404 1370 3468 domum
1414 3403 1483 3467 in
1526 3423 1658 3486 qua
1678 3401 1913 3466 lateret
1947 3401 2281 3468 habuerit:
2325 3400 2440 3467 sed
2485 3403 2668 3467 velut
2712 3400 2792 3466 ab

862 3489 1199 3555 homiuum
1224 3489 1550 3554 consortio
1594 3497 1950 3570 separatus,
1995 3488 2067 3552 in
2107 3488 2434 3570 speluncis
2478 3496 2791 3572 tanquam

860 3576 941 3640 ad
1000 3586 1272 3641 mortem
1331 3574 1678 3640 damnatus
1734 3573 1989 3637 latitare
2045 3585 2305 3639 coactus
2360 3574 2464 3651 sit,
2524 3583 2601 3638 ut
2653 3573 2793 3638 eius

856 3661 1154 3743 exemplo
1212 3660 1535 3726 discamus
1592 3659 1661 3724 in
1719 3658 1849 3724 Dei
1909 3658 2245 3724 voluntate
2316 3659 2790 3741 conquiescere.

858 3745 1199 3829 Siquidem
1243 3766 1370 3829 quo
1415 3745 1822 3830 gravioribus
1868 3744 2331 3811 tentationibus
2373 3745 2503 3810 fuit
2545 3745 2790 3810 exerci-

860 3844 985 3911 tus,
1030 3852 1105 3896 eo
1150 3829 1595 3914 providentias
1640 3830 1901 3895 divinae
1944 3832 2241 3913 potentia
2282 3832 2359 3896 fit
2401 3831 2587 3896 nobis
2643 3851 2795 3896 con-

860 3915 1169 4001 spectior,
1227 3914 1622 3981 admirandis
1684 3914 1887 3981 modis
1952 3937 2103 3981 suos
2165 3916 2522 3982 liberantis.
2620 3916 2790 3981 Nam

861 4023 1135 4087 quorum
1180 4023 1258 4068 ea
1298 4002 1421 4066 fuit
1463 4002 1765 4078 conditio,
1809 4011 1886 4067 ut
1928 4021 2123 4084 saepe
2168 4023 2376 4086 neque
2438 4002 2633 4067 lunae
2678 4022 2791 4066 ne-

859 4110 986 4172 que
1027 4088 1183 4155 solis
1239 4085 1584 4171 splendore
1637 4086 2029 4164 fruerentur,
2087 4087 2199 4152 sed
2258 4088 2328 4151 in
2387 4087 2792 4152 densissimis

862 4175 1087 4239 mortis
1146 4172 1432 4238 tenebris
1499 4174 1786 4238 immersi
1871 4171 2074 4240 vitam
2132 4183 2404 4256 agerent
2462 4174 2791 4250 miseram,

861 4260 1045 4325 Deus
1100 4271 1317 4325 tamen
1376 4258 1758 4323 miraculose
1816 4279 1898 4323 ex
1970 4280 2053 4323 an
2104 4260 2291 4325 ustiis
2342 4259 2473 4323 illis
2527 4256 2791 4323 tandem

862 4345 1124 4427 eripuit.
1211 4346 1350 4411 Nec
1394 4344 1659 4410 dubium
1703 4357 1801 4408 est
1843 4344 2004 4427 quin
2116 4344 2268 4409 avid
2326 4344 2582 4411 assidue
2627 4343 2797 4409 hano

862 4429 1220 4495 doctrinam
1283 4431 1592 4508 versarit,
1659 4449 1859 4512 quum
1905 4429 2170 4496 Psalmo
2229 4433 2541 4515 vigesimo
2599 4429 2793 4494 tertio

864 4517 1020 4583 dicit
1062 4538 1132 4581 se
1175 4516 1326 4582 licet
1368 4514 1801 4581 ambulaverit
1841 4515 1908 4579 in
1953 4513 2165 4580 medio
2226 4519 2492 4581 umbrae
2549 4516 2794 4594 mortis,

866 4621 999 4666 non
1042 4621 1231 4684 posse
1275 4610 1494 4666 tamen
1539 4600 1675 4666 ullo
1719 4600 1923 4682 ipsius
1944 4611 2122 4665 metu
2145 4602 2442 4684 percelli:
2487 4599 2794 4684 quoniam

867 4687 1049 4753 Deus
1092 4687 1178 4752 sit
1219 4708 1367 4753 oum
1411 4687 1570 4770 ipso,
1616 4693 1684 4752 et
1727 4686 1916 4766 virga
1951 4696 2016 4750 et
2059 4686 2294 4769 pedum
2330 4687 2536 4770 ipsius
2577 4687 2796 4770 ipsum

865 4772 1315 4839 consolentur:
1360 4772 1543 4855 quasi
1587 4771 1757 4836 dicat
1799 4792 1870 4836 se
1912 4771 2063 4837 licet
2104 4772 2176 4836 in
2219 4773 2522 4839 maximis
2566 4773 2798 4838 mortis

866 4858 1173 4942 periculis
1218 4868 1591 4925 versantem
1632 4857 1701 4922 in
1755 4856 1987 4940 quibus
2030 4858 2169 4922 sola
2224 4858 2589 4942 desperatio
2648 4857 2797 4922 reli-

865 4963 992 5026 qua
1035 4942 1349 5022 videatur,
1392 4965 1524 5007 non
1561 4953 1917 5025 apparente
1954 4942 2088 5008 ulla
2130 4945 2382 5010 ratione
2424 4965 2462 5029 q
2470 4966 2552 5010 ua
2593 4943 2797 5027 possit

866 5027 1160 5108 evadere,
1206 5029 1631 5094 nihilominus
1672 5037 1892 5092 tamen
1936 5029 2008 5093 in
2050 5028 2179 5094 Dei
2238 5030 2523 5095 bonitate
2582 5050 2798 5112 spera-

868 5126 1090 5180 turum
1132 5114 1559 5198 fiduciamque
1616 5134 1803 5179 suam
1845 5113 2336 5181 collocaturum.
2423 5115 2617 5180 Hanc
2673 5116 2796 5179 ita-

866 5220 991 5284 que
1035 5200 1396 5267 doctrinam
1441 5199 1784 5283 usurpavit
1824 5219 2027 5282 quum
2069 5200 2141 5265 in
2176 5201 2552 5283 speluncam
2594 5198 2795 5266 Odol-

2890 574 3018 640 fuit
3060 573 3263 639 donec
3306 575 3513 658 ipsius
3560 571 3821 638 tandem
3870 576 4052 641 Deus
4096 577 4405 643 misertus
4445 589 4550 644 est.

3063 661 3269 726 Porro
3312 682 3399 725 ex
3457 658 3879 743 sequentibus
3939 661 4146 726 videri
4206 675 4423 745 posset
4473 686 4585 729 non
4631 666 4747 732 nihil

2891 746 3274 812 sublevatus
3333 743 3624 810 adventu
3678 765 3986 823 suorum,
4045 757 4114 812 ct
4170 748 4387 830 aliquo
4438 749 4638 814 solatio
4679 774 4747 817 rs·

2891 843 3146 898 creatus
3185 852 3315 915 quo
3360 843 3582 897 tamen
3625 831 3842 914 potius
3886 843 4113 899 auctas
4159 835 4360 916 ipsius
4418 834 4747 904 difficultates

2892 917 3196 1001 deinceps
3242 916 3630 984 videbimus.
3694 916 3866 981 Nam
3892 917 4204 985 dicuntur
4226 919 4308 984 ad
4346 922 4543 1004 ipsum
4564 924 4751 988 venisse

2893 1015 3077 1087 pater
3118 1004 3324 1089 ipsius
3365 1024 3517 1069 cum
3564 1012 3791 1082 matre,
3836 1006 3946 1086 qui
3991 1006 4122 1070 iam
4165 1005 4249 1070 ad
4287 1015 4555 1072 aetatem
4593 1008 4750 1073 decre-

2892 1090 3099 1174 pitam
3162 1098 3637 1173 pervenerant:
3712 1099 3781 1153 et
3835 1108 3986 1154 cum
4043 1091 4202 1175 ipsis
4258 1092 4490 1158 fratres
4540 1093 4669 1172 eius,
4707 1103 4750 1157 et

2892 1176 3105 1242 omnis
3152 1176 3380 1241 domus
3425 1175 3650 1258 patris.
3742 1174 4010 1256 Quanto
4097 1197 4294 1242 uaeso
4353 1176 4460 1243 hic
4500 1177 4679 1244 luctus
4708 1191 4752 1243 ot

2892 1261 3303 1345 querelarum
3349 1281 3491 1327 sese
3534 1262 3782 1327 occasio
3825 1260 4059 1328 obtulit
4157 1262 4331 1328 Nam
4377 1262 4754 1328 admirandum

2890 1348 3020 1412 fuit
3060 1356 3129 1412 et
3181 1344 3595 1430 stupendum,
3653 1368 3771 1430 pro
3826 1347 4011 1431 regia
4066 1368 4320 1426 corona,
4380 1369 4536 1430 quae
4572 1346 4753 1413 Dividi

2892 1433 3223 1499 Samuelis
3267 1432 3628 1497 ministerio
3672 1432 3988 1515 promissa
4032 1434 4250 1498 fuerat
4291 1455 4332 1500 a
4374 1434 4655 1512 Domino,
4687 1449 4753 1497 to-

2893 1530 3028 1584 tam
3069 1518 3349 1583 Davidis
3393 1517 3708 1583 familiam
3758 1519 4137 1602 periclitari,
4197 1528 4263 1584 et
4320 1531 4615 1603 tanquam
4663 1521 4755 1602 pin·

2891 1605 3112 1669 culum
3156 1603 3398 1679 haberi,
3444 1611 3512 1667 et
3558 1603 3657 1668 illi
3701 1602 4013 1687 populum
4072 1605 4406 1670 intensum
4462 1615 4528 1669 et
4574 1605 4755 1671 factum

2894 1690 3148 1755 hostem
3201 1688 3770 1772 capitalissimum,
3829 1689 4001 1772 quod
4060 1689 4391 1756 Samuelis
4446 1690 4756 1774 ministerio,

2892 1796 3010 1841 rex
3049 1773 3427 1860 designatus
3452 1775 3759 1841 unctione
3803 1796 3992 1841 sacra
4033 1775 4249 1841 fuerat
4271 1787 4337 1840 et
4381 1777 4757 1859 inauguratus.

2891 1860 3196 1926 Profecto
3238 1869 3376 1926 tota
3419 1860 3624 1945 patris
3668 1859 3901 1926 domus
3944 1860 4141 1944 probe
4184 1871 4464 1927 noverat
4501 1860 4758 1927 Davidem

2891 1968 2932 2013 a
2974 1947 3119 2012 Deo
3163 1967 3384 2030 regem
3430 1945 3859 2030 designatum,
3903 1947 4031 2012 etsi
4070 1947 4202 2011 iam
4249 1946 4413 2014 Saul
4456 1947 4626 2011 illum
4660 1968 4759 2029 pet-

2891 2043 3304 2116 sequeretur:
3363 2030 3478 2098 sed
3538 2033 3735 2098 etiam
3791 2041 4020 2098 contra
4075 2032 4257 2099 videt
4298 2031 4629 2110 Davidem,
4668 2052 4759 2095 non

2892 2116 3086 2183 modo
3128 2118 3503 2201 profugum,
3541 2126 3610 2183 et
3652 2127 3967 2201 tanquam
4011 2118 4095 2183 ad
4130 2126 4411 2183 mortem
4452 2116 4764 2217 condemns·

2884 2213 3035 2269 tum
3078 2224 3238 2283 esse,
3280 2204 3584 2269 omnibus
3625 2223 3919 2284 exosum,
3973 2203 4091 2270 sed
4146 2204 4344 2270 etiam
4401 2224 4478 2269 eo
4531 2203 4763 2269 miseriae

2892 2288 3223 2355 redactum
3272 2299 3345 2354 ut
3388 2290 3458 2353 in
3481 2289 3815 2373 speluncis
3840 2299 4146 2373 tanquam
4193 2290 4259 2354 in
4285 2290 4579 2372 sepulcro
4614 2289 4763 2353 vitam

2894 2377 3066 2441 tueri
3109 2385 3485 2458 cogeretur:
3531 2395 3659 2458 quo
3681 2396 3833 2441 casu
3858 2373 4078 2440 David
4101 2375 4390 2440 vicissim
4413 2373 4764 2441 vehementer

2893 2461 3290 2527 commoveri
3314 2469 3588 2544 poterat,
3634 2469 3702 2525 et
3723 2469 4038 2544 tanquam
4083 2460 4311 2525 lethali
4336 2460 4599 2526 vulnere
4627 2458 4765 2534 affici,

2896 2567 3099 2630 quum
3143 2557 3398 2630 patrem
3418 2545 3677 2612 videret
3717 2546 3790 2610 in
3826 2545 3947 2611 has
3992 2546 4414 2612 difficultates
4457 2555 4693 2630 propter
4720 2564 4765 2607 se

2896 2634 3280 2713 coniectum,
3324 2639 3393 2697 et
3433 2631 3722 2715 reliquos
3757 2634 3950 2697 etiam
3989 2653 4134 2699 cum
4180 2632 4323 2715 ipso
4360 2643 4655 2716 cognatos
4689 2630 4765 2695 iis·

2898 2718 3046 2785 dem
3091 2715 3578 2784 difficultatibus
3621 2718 3859 2802 urgeri.
3921 2715 4242 2801 Superius
4283 2727 4508 2784 autem
4550 2715 4765 2782 vidimus

2896 2804 3155 2870 venisse
3197 2802 3524 2869 Davidem
3566 2804 3637 2869 in
3680 2803 3958 2868 fratrum
4000 2813 4452 2888 contemptum
4503 2814 4565 2868 et
4601 2801 4763 2866 odium

2896 2889 3447 2973 capitalissimum.
3533 2888 3679 2954 Iam
3724 2910 3878 2954 vero
3919 2899 4247 2973 eoguntur
4290 2889 4479 2954 illum
4522 2891 4766 2953 miserum

2898 2976 3189 3042 exsulem
3233 2985 3300 3041 et
3341 2975 3556 3057 patria
3599 2983 3933 3039 extorrem
3952 2996 4147 3058 quem
4189 2996 4419 3040 omnes
4440 2993 4766 3058 persequun-

2898 3073 3024 3139 tur,
3074 3074 3387 3144 tanquam
3431 3059 3852 3144 perfidiosum
3898 3070 3965 3125 et
4009 3061 4468 3137 facinorosum,
4511 3055 4763 3126 comitari.

2897 3148 3056 3212 'Pale
3098 3148 3302 3231 igitur
3347 3146 3470 3211 fuit
3511 3145 3686 3211 istud
3746 3145 4048 3210 solatium
4095 3145 4265 3229 quod
4329 3168 4415 3211 ex
4473 3155 4642 3229 parte
4673 3142 4766 3207 Ds-

2900 3233 3064 3300 vidis
3107 3232 3443 3298 tristitiam
3500 3241 3566 3295 et
3609 3231 3858 3296 dolores
3903 3233 4197 3315 graviter
4252 3242 4510 3315 poterat
4566 3248 4765 3313 augere,

2896 3341 2977 3385 ex
3023 3326 3208 3402 parte
3250 3327 3473 3382 autem
3506 3316 3733 3382 lenire.
3819 3317 4014 3383 Hanc
4056 3318 4384 3382 rationem
4427 3317 4494 3382 in
4536 3316 4657 3381 suis
4688 3333 4765 3377 er·

2894 3403 3227 3489 plorandis
3291 3403 3672 3487 plerumque
3736 3402 3921 3468 Deus
3980 3402 4307 3487 sequitur,
4384 3413 4463 3468 ut
4524 3398 4765 3487 gravibus

2892 3492 3066 3574 ipsos
3123 3486 3579 3554 afflictionibus
3651 3498 3716 3553 et
3780 3487 4317 3572 castigationibus
4377 3495 4684 3564 exerceat,
4721 3493 4767 3548 ct

2894 3576 3157 3641 interim
3203 3575 3461 3640 dolores
3503 3574 3794 3657 ipsorum
3837 3594 3914 3640 ac
3956 3575 4291 3640 tristitiam
4337 3574 4553 3657 aliquo
4592 3568 4765 3637 solatio

2894 3662 3085 3739 levet,
3131 3660 3244 3727 sed
3290 3681 3423 3725 non
3469 3669 3689 3724 tamen
3734 3658 3858 3723 hac
3900 3660 3968 3723 in
4013 3681 4087 3725 re
4131 3680 4546 3726 communem
4585 3677 4767 3740 sequu-

2894 3755 3005 3812 tus
3070 3747 3389 3812 rationem
3448 3765 3663 3828 neque
3721 3744 4126 3812 naturalibus
4179 3747 4484 3812 sensibus
4535 3743 4767 3810 obviam:

2894 3852 3023 3916 qua
3066 3854 3149 3897 ex
3195 3853 3266 3898 re
3310 3833 3516 3917 magis
3561 3851 3636 3895 ac
3659 3831 3869 3914 magis
3913 3831 4119 3898 virtus
4162 3831 4368 3915 ipsius
4400 3829 4767 3916 cognoscitur*

2895 3917 3068 4001 quod
3114 3918 3430 3982 nimirum
3478 3915 3756 3999 improbi
3800 3929 3865 3980 et
3908 3918 4163 4001 profani
4222 3917 4524 3982 homines
4574 3911 4763 3979 deliciis

2895 4014 2961 4068 et
3005 4002 3444 4086 voluptatibus
3487 4002 3622 4067 suis
3667 4001 3969 4067 inebriati
4011 4002 4251 4068 lethale
4292 4003 4367 4068 in
4410 4025 4483 4070 se
4519 3999 4763 4068 iudicium

2896 4089 3023 4155 Dei
3070 4100 3381 4172 tanquam
3427 4108 3750 4153 venenum
3787 4087 4108 4154 derivant.
4176 4089 4430 4154 Contra
4472 4108 4617 4154 vero
4652 4081 4764 4148 fide-

2897 4175 2992 4240 les
3050 4175 3277 4240 multis
3335 4172 3665 4239 doloribus
3721 4173 4040 4254 cibantur,
4109 4185 4177 4240 et
4232 4183 4309 4240 ut
4365 4175 4462 4240 ait
4514 4169 4765 4257 propheta

2897 4260 3160 4326 Psalmo
3204 4258 3682 4344 septuagesimo
3728 4261 3940 4340 tertio,
4003 4260 4229 4326 multis
4286 4257 4710 4326 afflictionibus
4737 4271 4765 4314 ι

2898 4348 3039 4412 Deo
3080 4355 3480 4412 saturantur.
3568 4343 3704 4410 Sed
3747 4344 3839 4408 ita
3882 4355 4100 4410 tamen
4147 4356 4219 4410 ut
4260 4345 4451 4412 malis
4494 4356 4763 4436 nunquttp

2895 4433 3273 4510 obruantur,
3319 4440 3385 4497 et
3427 4430 3597 4514 quod
3638 4429 3798 4512 ipsis
3832 4431 4308 4496 amarissimum
4352 4432 4424 4496 in
4466 4428 4763 4495 afflictioni·

2896 4519 3017 4582 bus
3075 4517 3216 4596 fuit,
3273 4517 3343 4581 in
3400 4516 3690 4599 ipsorum
3742 4515 4008 4581 tandem
4073 4517 4356 4582 salutem
4408 4521 4761 4582 convertatur

2895 4614 2960 4667 et
3003 4601 3263 4669 salubre
3304 4602 3465 4684 ipsis
3521 4603 3635 4666 fiat
3692 4600 4133 4683 pharmacum.
4221 4603 4409 4668 Haeo
4457 4601 4640 4686 igitur
4683 4615 4760 4659 ex·

2896 4686 3239 4771 pendenda
3313 4695 3469 4752 sunt
3546 4686 3734 4752 nobis
3812 4688 3878 4751 in
3954 4688 4036 4753 iis
4114 4686 4332 4756 verbis
4395 4688 4615 4772 quibus
4666 4691 4760 4745 tou

2899 4773 3176 4840 Davidis
3218 4773 3462 4837 familia
3485 4770 3720 4838 dicitur
3762 4774 3845 4837 ad
3864 4773 4082 4856 ipsum
4124 4774 4195 4839 in
4219 4773 4586 4856 speluncam
4623 4767 4756 4833 illam

2897 4861 3173 4925 venisse.
3263 4859 3360 4924 Ac
3415 4879 3571 4924 sane
3625 4867 3815 4923 extra
3885 4858 4152 4924 dubium
4218 4870 4320 4924 est
4377 4880 4509 4924 non
4562 4855 4758 4922 venisse

2898 4945 3043 5010 illos
3084 4943 3167 5009 ad
3211 4942 3536 5009 Davidem
3582 4943 3776 5008 officii
3819 4955 3888 5008 et
3930 4945 4258 5010 amicitiae
4298 4964 4511 5025 causa,
4546 4939 4647 5009 sed
4677 4955 4756 5001 ne·

2896 5032 3198 5096 cessitate
3253 5041 3526 5097 ooactos.
3614 5029 3783 5094 Nam
3840 5041 3993 5094 aute
4046 5030 4336 5096 vidimus
4391 5042 4459 5097 et
4518 5027 4755 5102 daneon·

2895 5115 3260 5182 videbimus
3313 5135 3442 5199 quo
3498 5117 3714 5180 furore
3767 5114 3929 5181 Saul
3984 5116 4055 5180 in
4111 5115 4434 5182 Davidem
4489 5109 4756 5186 exemerit,

2898 5212 2972 5266 ut
3012 5201 3362 5269 verisimile
3406 5202 3492 5267 sit
3532 5201 3745 5284 ipsum
3791 5202 3985 5267 etiam
4030 5200 4349 5266 familiam
4407 5202 4543 5266 eius
4592 5214 4753 5282 perse·
