5059 6059
284 305 392 374 153

278 518 797 580 commoveamur,
841 499 1108 582 eiusque
1147 499 1563 565 afflictionem
1623 498 1987 584 lugeamus.
2065 497 2199 563 Ve-

277 597 624 655 rumtamen
689 583 860 651 hanc
923 605 1042 668 per
1103 606 1177 652 se
1241 585 1477 651 bonam
1522 585 1932 651 affectionem
1975 582 2201 649 fraeno

314 671 533 740 nodam
597 669 1024 738 cohibendam
1087 671 1401 750 sciamus,
1483 693 1567 737 ne
1632 691 1902 737 excessu
1975 680 2202 734 nostro

443 757 750 823 reluctari
797 755 964 823 velle
1002 756 1359 822 videamur.
1404 757 1578 822 Nam
1620 757 1678 822 si
1702 758 1976 822 nimium
2013 757 2203 822 affec-

275 847 436 912 tibus
478 842 721 907 nostris
762 841 1245 916 indulserimus.
1311 853 1565 909 certum
1623 852 1727 910 est
1782 841 1954 925 quod
2013 842 2085 906 in
2131 861 2201 906 se

275 931 495 998 bonum
560 927 775 993 fuerat
839 928 1159 1011 paulatim
1215 940 1597 1012 corruptum
1654 928 1755 1006 iri,
1821 937 1889 994 et
1951 926 2201 993 malum

274 1017 436 1083 vires
489 1023 933 1098 accepturum,
990 1024 1058 1080 et
1111 1012 1442 1096 diabolum
1463 1066 1481 1094 ,
1545 1014 1731 1081 cuius
1787 1022 1983 1080 notae
2041 1013 2202 1080 satis

273 1103 335 1168 in
388 1099 575 1165 nobis
629 1100 912 1166 incautis
965 1121 1047 1183 op
1133 1102 1146 1113 '
1221 1100 1408 1166 endis
1448 1100 1741 1181 fraudes,
1803 1098 2068 1166 tandem
2127 1119 2202 1164 eo

272 1208 381 1253 nes
419 1184 873 1268 impulsurum,
933 1196 1005 1250 ut
1118 1206 1196 1251 eo
1239 1186 1365 1269 ipsi
1407 1185 1714 1253 reluctari
1759 1197 1826 1252 et
1867 1195 2197 1253 contuma-

270 1274 417 1340 citer
473 1271 787 1337 adversus
841 1272 1057 1354 ipsum
1115 1272 1362 1337 sentire
1419 1294 1554 1337 non
1609 1292 1974 1339 vereamur.
2060 1271 2203 1336 Nae

272 1359 399 1442 ipsa
440 1357 844 1440 experientia
897 1368 1306 1441 compertum
1364 1357 1429 1422 id
1475 1357 1649 1425 facit.
1735 1360 1980 1424 Annon
2025 1357 2201 1422 enim

269 1443 514 1512 crebras
560 1441 900 1509 hominum
942 1443 1236 1526 querelas
1278 1443 1644 1511 istiusmodi
1685 1442 2024 1510 videmus?
2069 1441 2203 1523 Qui

267 1532 591 1615 affligitur,
628 1531 922 1613 queritur
945 1530 1219 1594 nimium
1253 1529 1630 1596 diuturnam
1655 1532 2089 1608 afflictionem,
2135 1539 2204 1596 et

175 1679 182 1686 .
263 1618 328 1683 in
367 1613 736 1683 istiusmodi
784 1635 974 1682 voces
1015 1616 1430 1699 prorumpit:
1474 1617 1721 1700 Ecquis
1765 1618 1892 1683 erit
1934 1614 2199 1684 tandem

261 1703 406 1771 finis
445 1700 816 1767 malorum?
862 1700 1123 1784 quando
1165 1700 1426 1786 aliquod
1471 1702 1760 1767 solamen
1806 1703 2046 1769 doloris
2089 1700 2203 1769 da-

262 1790 473 1856 bitur?
559 1786 724 1853 Inde
766 1787 843 1852 fl:
887 1795 960 1851 ut
1003 1787 1140 1853 suis
1185 1787 1521 1853 affectibus
1564 1789 1904 1873 abreptus,
1965 1798 2031 1854 et
2073 1789 2199 1854 im·

337 1873 572 1941 tientia
629 1873 875 1951 victus,
932 1874 1131 1938 etiam
1191 1874 1259 1938 in
1318 1874 1532 1940 Deum
1592 1876 1805 1958 ipsum
1861 1883 2199 1942 contume-

258 1895 411 2027 ἕζεο
451 1969 645 2044 agat:
689 1958 1043 2042 Nunquam
1089 1979 1173 2023 ne
1203 1960 1384 2025 Deus
1426 1981 1691 2026 suorum
1739 1961 2196 2026 miserebitur?

258 2049 359 2113 Διι
404 2065 666 2128 semper
719 2044 801 2109 ad
860 2064 1127 2110 suorum
1174 2065 1394 2126 preces
1437 2044 1902 2112 obsurdescet‘?
1991 2045 2197 2111 Deni-

256 2152 377 2217 que
414 2151 660 2215 pravas
723 2130 1149 2213 cogitationes
1211 2130 1479 2196 tandem
1535 2131 1901 2216 indignatio
1961 2143 2028 2196 et
2080 2154 2197 2197 ex-

256 2216 577 2285 acerbatio
632 2217 999 2282 animorum
1059 2216 1375 2300 excipiet:
1436 2218 1627 2284 aienti
1672 2218 1968 2284 videmus
2010 2239 2200 2301 prae·

254 2304 733 2372 mtissimum
795 2303 1054 2379 vinum,
1114 2302 1168 2366 si
1226 2303 1515 2380 ebulliat,
1571 2304 1834 2368 tandem
1882 2323 2194 2370 acescere.

254 2388 502 2455 Eadem
558 2398 930 2455 nostrarum
989 2387 1404 2454 affectionum
1457 2390 1622 2454 ratio
1675 2399 1810 2457 est:
1877 2389 2196 2473 siquidem

252 2497 332 2541 ex
374 2476 586 2540 nimia
626 2494 783 2539 cura
817 2483 884 2540 et
916 2472 1421 2557 intemperantia
1467 2475 1757 2541 nascitur
1800 2476 2192 2561 arrogantia,

249 2571 311 2629 et
352 2560 509 2627 inde
565 2558 887 2626 adversus
928 2559 1148 2625 Deum
1204 2580 1503 2626 murmur
1555 2569 1622 2625 et
1665 2560 2063 2646 indignatio:
2123 2571 2198 2626 ut

248 2647 361 2713 vix
403 2646 859 2716 abstineamus
900 2644 1214 2729 querelis:
1282 2665 1449 2729 quae
1493 2647 1647 2713 licet
1688 2668 1820 2712 non
1868 2668 2070 2732 nsque
2111 2646 2192 2713 ad

249 2731 722 2816 blasphemiam
766 2730 1306 2815 progrediuntur,
1365 2741 1586 2798 tamen
1633 2733 1847 2798 Deum
1904 2735 2198 2818 graviter

245 2819 312 2884 iu
355 2841 482 2885 nos
527 2826 903 2902 provocant,
947 2826 1014 2883 et
1057 2817 1334 2883 multum
1380 2817 1463 2884 ab
1507 2840 1585 2886 ea
1629 2818 1995 2885 obedientia
2019 2839 2194 2884 rece-

242 2904 402 2971 dunt
461 2925 634 2989 quae
696 2904 836 2969 Deo
897 2902 1187 2969 debetur.
1286 2902 1511 2984 Quare
1571 2903 1895 2970 discamus
1952 2904 2194 2970 nostris

239 2990 585 3058 affectibus
643 2991 736 3054 ita
791 2988 1109 3053 moderari
1128 3040 1143 3066 ,
1207 2998 1282 3055 ut
1323 2989 1451 3055 Dei
1495 2991 1817 3055 voluntati
1860 3011 1978 3056 nos
2022 2990 2196 3056 ultro

245 3075 688 3150 subiiciamus,
731 3085 803 3140 et
844 3073 926 3139 ab
949 3076 1150 3158 ipsius
1173 3076 1588 3158 providentia
1612 3078 1731 3142 toti
1755 3076 2194 3159 pendeamus:

245 3164 394 3228 acsi
432 3164 552 3246 qui
597 3163 810 3227 minas
853 3160 1259 3236 intentarint,
1305 3172 1381 3226 ut
1424 3164 1584 3227 varii
1629 3183 1820 3229 casus
1861 3161 2194 3228 metuendi

246 3248 617 3326 videantur,
671 3246 890 3313 Deum
934 3248 1218 3312 sciamus
1261 3266 1450 3330 posse
1493 3248 1795 3314 omnibus
1837 3267 2193 3329 occurrere,

240 3345 302 3399 et
341 3337 416 3399 in
460 3334 679 3419 ipsius
722 3333 1259 3416 promissionibus
1301 3335 1821 3417 acquiescamus,
1879 3344 1947 3400 et
2004 3335 2193 3400 auxi-

243 3419 397 3486 lium
441 3419 894 3503 imploremus.
982 3417 1404 3502 Quapropter
1449 3419 1667 3485 Deum
1724 3420 1985 3503 quidem
2044 3441 2193 3503 pre-

242 3506 422 3572 cibus
462 3505 821 3571 sollicitare
863 3524 1239 3588 possumus:
1285 3506 1400 3571 sed
1445 3505 1666 3572 tamen
1710 3505 1985 3572 affectus
2023 3505 2196 3572 cohi-

242 3589 457 3672 bendi,
506 3612 596 3657 ne
637 3589 816 3655 ultra
858 3591 1173 3656 terminos
1216 3590 1595 3670 efferantur,
1639 3590 1755 3657 sed
1801 3592 2006 3658 veluti
2050 3612 2197 3674 cap-

241 3678 358 3742 tivi
401 3687 851 3744 coerceantur.
938 3675 1047 3742 Ad
1091 3676 1214 3742 hoc
1258 3697 1378 3744 nos
1422 3677 1723 3761 exempla
1767 3677 1870 3743 vel
1914 3678 2192 3744 sanctis-

239 3764 566 3829 simorum
611 3762 897 3828 virorum
942 3772 1196 3846 oportet
1239 3763 1500 3829 intueri.
1552 3761 1874 3829 Davidem
1899 3763 2192 3828 videmus

237 3847 308 3913 in
377 3849 675 3915 hostium
741 3867 1010 3913 suornm
1074 3856 1143 3913 et
1207 3849 1333 3914 Dei
1395 3857 1916 3932 contemptorum
1982 3848 2193 3914 medio

239 3947 642 4013 versantem,
702 3954 745 3998 a
807 3933 1041 4016 quibus
1106 3955 1262 3999 mox
1317 3934 1663 4020 videbatur
1716 3934 2067 4000 laniandus
2125 3941 2193 3999 et

239 4018 698 4097 devorandus,
775 4018 1250 4102 quodammodo
1327 4022 1664 4097 fluctuare,
1741 4029 1812 4085 et
1876 4029 2190 4103 tanquam

236 4104 612 4189 desperatis
697 4104 893 4170 rebus
977 4105 1244 4171 eiulare.
1340 4106 1581 4172 Nonne
1656 4115 1727 4170 et
1802 4105 2192 4189 prophetam

234 4193 680 4274 conspicimus
719 4190 900 4255 velut
933 4190 1250 4257 adversus
1271 4191 1488 4257 Deum
1527 4193 1902 4275 disceptare,
1938 4200 2006 4257 et
2038 4211 2193 4256 con·

235 4278 426 4360 queri
497 4275 692 4360 quasi
756 4277 1261 4359 promissionum
1327 4298 1595 4343 suarum
1677 4278 1917 4344 oblitus
1984 4288 2192 4353 esset;

239 4381 448 4444 quum
525 4362 779 4426 videret
843 4373 1092 4427 tantam
1155 4364 1225 4427 in
1289 4363 1525 4447 populo
1602 4383 1824 4429 rerum
1901 4363 2194 4428 omnium

238 4449 694 4516 confusionem
716 4445 750 4510 ⁴?
840 4446 1016 4515 Sane
1079 4449 1224 4514 istis
1287 4449 1601 4533 exemplis
1668 4471 1784 4515 nos
1849 4469 1924 4514 eo
1987 4449 2196 4531 magis

238 4536 647 4600 commoveri
692 4545 969 4619 oportet,
1036 4554 1162 4617 quo
1217 4536 1648 4601 sanctioribus
1705 4536 1864 4600 viris
1905 4535 2195 4617 contige-

237 4632 420 4699 runt,
485 4632 569 4686 ut
619 4620 691 4685 in
748 4620 1052 4685 omnibus
1109 4619 1306 4686 rebus
1348 4633 1482 4687 tam
1527 4621 1716 4687 laetis
1759 4630 1825 4686 et
1867 4619 2193 4703 prosperis

238 4728 436 4790 qnam
487 4704 791 4771 tristibus
847 4720 917 4770 et
974 4707 1263 4771 adversis
1321 4708 1445 4774 hoc
1503 4709 1729 4773 fraeno
1772 4708 2195 4785 retineamur,

238 4792 647 4877 cogitatione
701 4792 1010 4857 nimirum
1058 4791 1315 4860 divinae
1368 4791 1742 4871 voluntatis,
1800 4812 1995 4875 quam
2052 4791 2194 4857 fieri

238 4899 398 4960 prae
466 4876 776 4943 omuibus
840 4886 1226 4961 expetamus
1243 4927 1258 4953 ,
1324 4888 1392 4944 et
1456 4879 1528 4945 in
1593 4899 1669 4944 ea
1731 4875 1984 4962 placide
2046 4896 2197 4943 con·

237 4965 693 5048 quiescamus:
763 4983 839 5029 ae
903 4962 1176 5047 proinde
1235 4966 1290 5029 si
1335 4963 1465 5030 Dei
1508 4965 1816 5030 voluntas
1873 4962 2196 5046 patefacta

235 5051 430 5116 nobis
477 5050 733 5129 fuerat,
791 5069 936 5114 eam
979 5060 1055 5114 ut
1097 5050 1335 5118 bonam
1378 5062 1447 5117 et
1487 5051 1729 5117 iustam
1768 5069 2193 5132 agnoscamus

236 5145 305 5201 et
347 5145 617 5222 gratam
661 5133 1034 5202 habeamus.

409 5221 751 5305 Deinceps
828 5222 1153 5305 mquitur,
1233 5221 1450 5286 Deum
1528 5221 1751 5286 iubere
1819 5217 2189 5286 Samuelem

1570 307 1670 373 IN
1713 307 1768 374 1.
1814 307 1995 374 LIB.
2041 306 2444 376 SAMUEL.
2487 307 2689 376 oAP.
2732 308 2925 375 XVI.

4128 309 4256 376 154

2301 499 2575 583 implere
2633 520 2822 565 suum
2883 520 3088 566 cornu
3142 499 3287 565 oleo
3304 550 3320 581 ,
3379 507 3448 566 et
3504 499 3706 565 alium
3762 519 3806 565 a
3857 520 3930 565 se
3974 500 4253 566 electum

2302 606 2551 670 ungere
2593 586 2661 651 in
2707 605 2929 669 regem
2974 585 3115 651 loco
3139 584 3401 653 Saulis:
3444 586 3661 669 ipsum
3700 604 3860 651 vero
3896 586 4252 669 excepisse,

2301 672 2438 737 fore
2496 679 2572 736 ut
2613 672 2667 737 si
2726 673 2806 736 ad
2853 670 3075 737 Saulis
3132 692 3324 738 aures
3366 671 3540 737 istud
3583 672 3990 757 pervenerit,
4046 672 4254 738 inter-

2301 759 2560 824 ficiatur
2612 758 2694 822 ab
2750 779 2861 834 eo,
2921 758 3277 824 Dominum
3337 778 3492 823 vero
3547 757 3959 841 respondisse
4012 767 4090 822 ut
4146 775 4249 822 sa·

2302 842 2528 910 crificii
2574 841 2850 908 faciendi
2894 854 3237 927 praetextu
3285 844 3503 910 veniat
3545 844 3612 907 in
3659 843 3924 909 domum
3971 843 4104 909 lsai
4136 842 4255 909 ibi·

2303 949 2431 1013 que
2474 928 2542 993 in
2590 949 2812 1013 regem
2856 950 3005 995 eum
3052 950 3247 1012 quem
3294 929 3739 1013 designaverit
3781 938 4004 1013 ungat.
4048 928 4252 995 Nulla

2303 1036 2462 1082 sane
2521 1014 2631 1081 hic
2686 1015 3039 1099 simulatio,
3091 1016 3341 1081 nullum
3403 1016 3811 1081 mendacium
3875 1015 4032 1079 fuit:
4096 1015 4253 1080 licet

2306 1099 2488 1167 Deus
2559 1101 2943 1185 prophetam
3008 1122 3200 1166 suum
3266 1101 3477 1167 voluit
3539 1102 3837 1167 sacrificii
3902 1109 4250 1183 praetextu

2304 1197 2522 1254 tutum
2545 1207 2704 1252 esse.
2754 1186 3037 1253 Factum
3072 1187 3292 1271 itaque
3329 1208 3401 1253 re
3435 1188 3580 1272 ipsa
3616 1187 4021 1265 sacrificium,
4058 1187 4247 1253 cuius

2303 1274 2638 1340 occasione
2679 1282 2888 1338 tectus
2928 1272 3055 1337 fuit
3097 1272 3416 1357 propheta
3460 1294 3542 1338 ne
3585 1274 3844 1338 veniret
3884 1274 3949 1336 in
3996 1275 4249 1356 pericu-

2302 1360 2461 1434 lum,
2508 1359 2712 1424 donec
2749 1359 2983 1441 plenae
3027 1359 3444 1426 revelationis
3490 1369 3749 1442 tempus
3791 1358 4065 1424 adesset.
4111 1357 4246 1423 De·

2304 1446 2527 1527 inceps
2581 1465 2740 1510 vero
2796 1442 3072 1511 Davidis
3130 1446 3352 1510 unctio
3397 1444 3733 1529 sigillatim
3794 1443 4244 1524 declarabitur,

2303 1537 2370 1597 et
2412 1530 2731 1614 quomodo
2777 1550 2972 1612 quum
3018 1530 3297 1595 fratrum
3342 1541 3514 1596 esset
3556 1528 3823 1595 ultimus
3866 1539 4061 1612 caput
4080 1531 4252 1613 ipso·

2303 1638 2448 1683 rum
2496 1617 2707 1682 factus
2750 1617 2869 1693 sit,
2930 1627 2995 1681 et
3038 1616 3325 1682 abiectus
3370 1637 3445 1682 ac
3488 1616 3641 1681 vilis
3683 1614 3908 1699 opilio,
3968 1636 4007 1681 a
4050 1636 4246 1699 pecu-

2302 1702 2456 1769 dum
2503 1713 2786 1768 stercore
2831 1700 2911 1767 ad
2950 1703 3194 1785 regiam
3234 1702 3618 1785 dignitatem
3657 1712 3953 1767 evectus:
4000 1708 4067 1766 et
4088 1701 4245 1766 ulti-

2301 1810 2448 1855 mus
2491 1790 2561 1853 in
2604 1795 2745 1853 tota
2789 1786 2977 1852 domo
3021 1797 3312 1872 paterna,
3358 1796 3577 1852 tamen
3614 1787 3916 1852 omnibus
3959 1787 4243 1869 proceri-

2302 1878 2422 1943 bus
2476 1874 2667 1959 regni
2725 1883 2792 1937 et
2849 1873 3068 1957 populi
3135 1874 3466 1957 praelatus
3518 1875 3622 1939 sit.
3711 1871 3855 1938 Iam
3914 1870 4243 1941 Samuelis

2299 1963 2672 2027 missionem
2712 1959 3212 2040 consideremus,
3257 1959 3441 2025 cuius
3483 1959 3633 2025 finis
3678 1958 3822 2035 fuit,
3870 1970 3945 2024 ut
3967 1980 4241 2044 regnum

2298 2048 2461 2114 illud
2502 2068 2543 2112 a
2580 2045 2722 2112 Deo
2765 2046 2897 2110 iam
2941 2045 3096 2110 olim
3139 2044 3436 2128 patribus
3471 2045 3860 2128 promissum
3886 2045 3979 2110 eri
4063 2055 4249 2110 retur

2300 2147 2367 2201 et
2409 2134 2833 2199 stabiliretur.
2878 2131 3023 2197 Etsi
3067 2132 3242 2197 enim
3280 2130 3466 2196 Deus
3509 2131 3576 2196 in
3620 2130 3764 2213 lege
3806 2130 3995 2213 prohi
4043 2133 4244 2197 uisset

2343 2220 2610 2304 opulum
2679 2238 2885 2301 quum
2943 2219 3008 2281 in
3094 2237 3277 2283 essus
3336 2217 3563 2282 fuisset
3606 2226 3851 2281 terram
3897 2237 4092 2301 quam
4137 2218 4241 2283 Ie·

2345 2328 2470 2373 ova
2515 2306 2697 2371 Deus
2742 2323 2900 2369 suus
2944 2303 3026 2368 da
3072 2314 3143 2368 at
3200 2302 3345 2384 sibi,
3405 2313 3473 2367 et
3514 2301 3905 2385 possedisset
3950 2323 4114 2381 eam,
4182 2312 4249 2370 et

2298 2394 2644 2473 habitaret,
2704 2389 2950 2455 dicere:
3013 2387 3429 2454 Constituam
3475 2408 3674 2471 super
3714 2408 3821 2453 me
3864 2409 4083 2473 regem
4103 2439 4119 2469 ,
4177 2397 4253 2455 ut

2301 2500 2525 2550 omnes
2569 2485 2800 2563 gentes
2843 2496 3010 2559 quae
3051 2476 3122 2539 in
3167 2474 3546 2540 circuitibus
3571 2474 3770 2539 meis:
3815 2472 3999 2540 Deus
4029 2483 4248 2540 tamen

2301 2585 2579 2649 regnum
2627 2561 2786 2628 illud
2835 2577 3149 2645 tanquam
3192 2581 3521 2627 summum
3566 2560 3814 2626 bonum
3861 2573 3927 2626 et
3961 2560 4250 2646 singula-

2302 2672 2439 2717 rem
2482 2650 2937 2733 perfectionem
2984 2646 3226 2732 populo
3272 2666 3425 2728 suo,
3484 2667 3617 2711 non
3662 2653 3915 2712 tantum
3963 2645 4043 2710 ad
4088 2657 4250 2711 tem-

2300 2738 2626 2821 porariam
2672 2735 2953 2816 quietem
3011 2747 3076 2798 et
3121 2732 3682 2816 tranquillitatem,
3749 2731 3859 2797 sed
3902 2734 4098 2797 etiam
4141 2753 4250 2798 ae-

2300 2835 2555 2888 ternam
2622 2819 2900 2886 salutem
2970 2819 3373 2904 promiserat.
3461 2818 3693 2900 Neque
3758 2818 3935 2882 enim
4001 2818 4251 2884 frustra

2301 2908 2577 2974 Iacobus
2621 2905 2777 2970 olim
2824 2904 3256 2989 praedixerat,
3303 2923 3437 2968 non
3474 2902 3896 2968 auferendum
3921 2916 4248 2986 sceptrum

2301 2994 2381 3059 de
2426 2991 2609 3071 Iuda,
2666 3011 2877 3073 neque
2933 2989 3161 3056 ducem
3226 2988 3306 3055 de
3353 2990 3596 3054 femore
3640 2990 3817 3053 eius:
3883 2988 4088 3054 donec
4131 3010 4247 3053 ve-

2300 3080 2474 3144 niret
2518 3076 2724 3152 Siloh,
2779 3077 2846 3141 id
2893 3088 3010 3158 est,
3056 3077 3168 3159 qui
3213 3074 3574 3140 mittendus
3616 3082 3761 3140 erat
3806 3084 4001 3139 autor
4042 3073 4244 3140 felici·

2299 3166 2456 3231 tatis
2515 3175 2582 3228 et
2640 3161 3079 3229 abundantiae
3134 3160 3424 3227 omnium
3484 3181 3723 3225 rerum.
3810 3157 3989 3242 Quin
4046 3159 4245 3226 etiam

2298 3253 2419 3317 sub
2460 3250 2658 3315 huius
2714 3249 2865 3315 libri
2930 3248 3194 3313 initium
3238 3247 3522 3312 Haunae
3564 3245 3950 3312 vaticinium
3995 3243 4246 3311 audivi-

2297 3358 2462 3415 mus,
2507 3355 2673 3418 quae
2716 3335 2951 3418 spiritu
2996 3333 3370 3417 prophetico
3416 3332 3495 3397 de
3536 3331 3675 3397 filio
3718 3330 4066 3415 praedixit,
4109 3332 4246 3396 fore

2297 3431 2371 3488 ut
2414 3430 2650 3488 unctus
2695 3418 3067 3486 esset'ante
3091 3418 3450 3484 Dominum
3474 3417 3649 3483 filius
3672 3436 3851 3484 suus.
3898 3417 3989 3482 Et
4021 3425 4245 3482 tamen

2295 3509 2405 3574 ille
2450 3528 2583 3573 non
2629 3515 2729 3572 est
2785 3507 2855 3570 in
2910 3507 3160 3591 regiam
3202 3503 3583 3587 dignitatem
3627 3513 3930 3570 evectus:
3988 3502 4100 3569 sed
4160 3501 4243 3567 ad

2294 3596 2426 3660 iam
2505 3593 2659 3658 olim
2740 3592 2943 3658 factas
3019 3590 3480 3675 promissiones
3555 3589 3757 3656 Anna
3834 3588 4246 3673 respiciebat.

2295 3679 2476 3761 Quin
2542 3680 2676 3743 imo
2741 3698 3017 3762 regnum
3080 3675 3257 3743 istud
3324 3674 3896 3759 comprehenditur
3960 3675 4041 3740 iis
4083 3693 4248 3757 quae

2295 3766 2517 3832 Moses
2561 3765 2757 3831 etiam
2801 3763 2956 3829 olim
3004 3762 3083 3828 de
3126 3762 3367 3846 populo
3411 3760 3847 3845 praedicavit:
3908 3759 4031 3826 Vos
4067 3759 4248 3825 eritis

2293 3850 2451 3917 mihi
2491 3870 2753 3934 requam
2793 3848 3189 3928 sacerdotale,
3232 3848 3301 3912 id
3346 3857 3448 3913 est
3487 3847 3765 3931 populus
3801 3846 3947 3911 Deo
3991 3845 4243 3911 dicatus

2296 3949 2609 4021 tanquam
2654 3956 2909 4002 sacrum
2954 3933 3212 4019 aliquod
3258 3953 3555 4018 regnum.
3603 3930 3871 4000 Samuel
3915 3952 4071 4016 ergo
4108 3931 4239 3996 iam

2297 4023 2583 4088 mittitur
2644 4041 2684 4086 a
2726 4020 3014 4087 Domino
3071 4040 3348 4103 regnum
3406 4017 3571 4084 illud
3627 4027 3995 4097 erecturus,
4054 4017 4239 4083 cuius

2295 4109 2448 4173 olim
2494 4115 2636 4173 erat
2680 4106 2853 4172 facta
2894 4105 3238 4192 promissio
3281 4125 3398 4188 per
3440 4103 3769 4187 Iacobum,
3815 4118 3882 4167 et
3914 4100 4084 4186 quod
4106 4101 4238 4165 iam

2297 4194 2406 4260 diu
2452 4192 2967 4277 exspectabatur.
3054 4191 3262 4256 Porro
3316 4191 3578 4256 fut-urus
3621 4201 3765 4255 erat
3807 4190 3930 4254 iste
3973 4209 4092 4252 rex
4137 4197 4239 4265 ty·

2296 4299 2421 4364 pus
2486 4289 2555 4345 et
2617 4279 2831 4363 imago
2896 4277 3162 4343 venturi
3227 4275 3383 4341 olim
3453 4276 3717 4341 Domini
3798 4274 4005 4340 nostri
4084 4270 4238 4337 Iesu

2296 4363 2571 4432 Ohristi.
2655 4363 2948 4448 Populus
3011 4362 3231 4446 itaque
3294 4361 3574 4429 habebat
3635 4360 3894 4444 quidem
3961 4357 4237 4442 promis-

2296 4451 2514 4517 siones
2557 4449 2638 4516 de
2678 4467 2870 4534 rege:
2925 4447 3038 4515 sed
3102 4449 3375 4514 nimium
3421 4466 3725 4531 praeceps
3768 4446 3836 4510 in
3880 4440 4237 4528 flagitando

2297 4556 2451 4621 rege
2511 4538 2753 4601 fuerat:
2822 4556 2899 4602 ac
2963 4534 3236 4617 proinde
3300 4532 3743 4599 contumaciae
3808 4550 3960 4596 reus
4017 4548 4236 4596 coram

2299 4620 2583 4687 Domino
2608 4672 2623 4701 ,
2703 4620 2875 4705 quod
2941 4642 3071 4686 non
3141 4629 3577 4704 opportunum
3643 4625 3902 4701 tempus
3968 4634 4237 4698 exspec—

2298 4717 2532 4785 tasset,
2599 4707 2712 4773 sed
2767 4707 3140 4788 importune
3198 4726 3418 4805 regem
3464 4705 3585 4770 sibi
3631 4703 3773 4769 dari
3817 4703 4232 4786 postulasset,

2298 4792 2554 4877 Deique
2598 4793 2926 4858 decretum
2971 4800 3465 4876 praevertisset:
3531 4810 3661 4874 qua
3717 4788 4128 4855 festinatione
4170 4793 4237 4852 et

2297 4882 2663 4945 temeritate
2716 4877 2848 4942 Dei
2906 4877 3261 4943 vindictam
3321 4877 3388 4941 in
3430 4897 3500 4941 se
3541 4882 4014 4959 provocaverat
4107 4872 4232 4938 nisi

2297 4986 2378 5030 ex
2423 4985 2609 5030 mera
2649 4964 3106 5029 benevolentia
3144 4963 3347 5046 ipsius
3389 4963 3696 5027 misertus
3721 4960 3967 5025 fuisset.
4013 4921 4236 5028 Saulis

2297 5052 2519 5134 itaque
2561 5069 2837 5135 regnum
2883 5071 3015 5115 non
3058 5048 3184 5116 fuit
3226 5070 3306 5115 ex
3344 5046 3471 5114 Dei
3516 5047 3856 5112 instituto:
3900 5053 4091 5128 atque
4134 5042 4233 5108 id-

2297 5137 2469 5203 circo
2524 5135 2594 5201 in
2659 5134 2772 5201 illo
2829 5135 3112 5219 oportuit
3167 5134 3422 5218 impleri
3483 5129 3648 5217 quod
3694 5131 4017 5198 Dominus
4061 5127 4235 5215 apud

2298 5223 2540 5290 Matth.
2583 5241 2722 5305 cap.
2769 5221 2851 5288 15
2896 5220 3082 5289 dicit:
3127 5219 3366 5287 Omnis
3404 5219 3597 5285 arbor
3639 5239 3831 5303 quam
3857 5217 4056 5283 Pater
4096 5225 4247 5280 non‘
