5059 6059
275 375 388 440 705

271 566 420 631 fecto
462 565 690 646 iniqua
732 564 1056 628 sententia
1109 573 1301 641 esset,
1360 566 1519 647 quin
1580 562 1776 627 etiam
1822 563 1914 624 ita
1956 560 2198 624 eonsti-

272 663 473 717 tutum
516 662 620 716 est
660 650 731 713 in
780 649 979 727 bellis,
1041 662 1114 714 ut
1157 669 1359 731 quum
1405 648 1726 733 praelium
1773 645 2200 711 committitur

270 760 346 802 ne
400 758 527 820 qua
590 735 881 801 confusio
943 749 1009 800 et
1076 736 1482 816 perturbatio
1546 735 1916 817 contingat,
1981 744 2049 796 et
2116 752 2198 796 ne

270 824 476 889 hostes
509 824 581 886 in
604 821 1073 903 impedimenta
1099 821 1343 885 faciant
1386 823 1720 904 impetum,
1767 818 1930 885 cert-i
1957 817 2198 882 milites

272 909 345 975 ad
388 906 853 991 impedimenta
896 920 1280 972 remaneant
1322 920 1389 973 et
1434 928 1513 972 ea
1555 904 1946 973 custodiant.
1995 903 2197 968 Prae-

267 1010 434 1061 terea
474 995 584 1060 ubi
631 1005 838 1059 castra
887 1008 1066 1072 sunt,
1108 993 1179 1057 in
1216 991 1350 1059 illis
1376 995 1571 1058 etiam
1596 991 1836 1056 milites
1881 999 2197 1071 tanquam

265 1085 329 1147 in
373 1080 527 1145 urbe
551 1079 1013 1161 relinquuntur
1035 1077 1116 1143 ad
1162 1080 1455 1160 ipsorum
1491 1077 1953 1153 defensionem,
1996 1077 2110 1157 qui
2140 1075 2198 1140 si

264 1166 494 1251 praeda
563 1165 1045 1230 frustrarentur
1107 1184 1235 1245 quo
1299 1167 1440 1229 iure
1504 1162 1768 1228 tandem
1829 1161 1896 1226 id
1956 1159 2195 1225 fieret?

260 1254 424 1319 Nam
489 1252 546 1317 si
613 1251 857 1334 praelio
919 1250 1097 1333 ipsos
1155 1270 1288 1315 non
1346 1250 1720 1315 interfuisse
1773 1248 2194 1313 obiiceretur:

260 1337 721 1421 responderent
776 1358 848 1402 se
904 1338 1118 1402 iussos
1175 1356 1318 1402 esse
1342 1335 1455 1400 -ibi
1497 1334 1872 1400 subsistere.
1960 1332 2197 1415 Itaque

261 1427 414 1490 satis
469 1430 744 1507 apparet
807 1423 991 1487 nullo
1056 1423 1198 1486 iure
1267 1422 1575 1504 nullaque
1631 1420 1960 1502 aequitate
2027 1420 2196 1484 hanc

260 1511 571 1576 rationem
622 1510 764 1586 niti,
822 1521 899 1573 ut
959 1508 1109 1573 belli
1154 1508 1408 1575 fructus
1453 1508 1535 1571 iis
1579 1506 1736 1572 solis
1793 1505 1906 1588 qui
1951 1505 2197 1589 praelio

258 1600 573 1663 adversus
619 1595 842 1660 hostes
876 1596 1120 1677 egressi
1159 1604 1318 1660 sunt
1354 1604 1746 1671 reservetur,
1782 1604 1861 1656 ut
1904 1611 2035 1655 non
2074 1594 2193 1654 im-

256 1685 484 1748 merito
524 1702 713 1747 saera
756 1681 1081 1762 scriptura
1105 1679 1498 1746 condemnet
1534 1690 1849 1759 tanquam
1892 1677 2195 1742 homines

255 1789 529 1852 nequam
577 1784 643 1832 et
686 1767 1019 1850 improbos
1055 1786 1168 1830 eos
1191 1766 1305 1848 qui
1334 1765 1621 1831 avaritia
1664 1763 1839 1847 pulsi
1873 1763 1996 1828 sibi
2036 1763 2193 1827 solis

253 1869 455 1920 totam
521 1852 828 1936 praedam
908 1850 1191 1917 retinere
1271 1852 1636 1917 voluerunt.
1728 1849 1909 1915 Hine
1971 1851 2194 1931 itaque

253 1941 576 2007 discamus
619 1938 765 2002 Deo
812 1937 1197 2004 beneficium
1252 1937 1511 2021 aliquod
1565 1937 1635 2000 in
1682 1934 1934 2018 aliquos
1978 1935 2193 2000 eonfe-

251 2038 458 2105 rente,
501 2038 801 2107 oportere
844 2023 1137 2107 singulos
1181 2021 1435 2107 partem
1480 2042 1668 2087 suam
1711 2026 2025 2103 accipere,
2067 2021 2193 2085 nisi

246 2114 424 2178 forte
467 2123 603 2175 tam
660 2109 892 2193 ignavi
948 2110 1102 2186 sint,
1158 2122 1234 2174 ut
1277 2109 1514 2173 merito
1571 2121 1883 2189 tanquam
1932 2105 2193 2189 putrida

248 2198 544 2264 membra
580 2196 996 2261 reiiciantur:
1044 2206 1302 2261 tantum
1329 2198 1502 2259 enim
1527 2195 1709 2260 abest
1733 2204 1805 2257 ut
1830 2191 2190 2258 mercedem

243 2287 364 2349 isti
405 2297 802 2361 mereantur,
859 2293 933 2346 ut
990 2291 1220 2346 contra
1258 2298 1586 2362 tanquam
1646 2278 1874 2363 perfidi
1931 2289 1999 2343 et
2042 2299 2190 2360 pro-

245 2372 492 2435 ditores
549 2367 958 2452 gravissimis
1014 2367 1242 2450 poenis
1299 2364 1614 2449 puniendi
1658 2366 1810 2429 sint.
1899 2362 2033 2430 Sed
2078 2363 2190 2428 ubi

243 2456 432 2522 nulla
474 2454 749 2537 perfidia
792 2454 931 2527 fuit,
979 2453 1163 2519 nulla
1204 2453 1470 2534 ignavia
1506 2464 1842 2534 peccatum
1889 2460 2011 2533 est,
2054 2450 2188 2514 sin-

242 2543 423 2627 gulis
464 2540 750 2606 officium
802 2539 1217 2616 facientibus,
1270 2552 1338 2605 et
1397 2537 1781 2603 necessitate
1839 2547 1958 2601 aut
2015 2539 2190 2601 iusta

240 2647 448 2694 causa
488 2648 571 2690 ex
618 2624 858 2708 praelio
904 2624 1303 2699 absentibus,
1362 2638 1613 2689 eertum
1658 2633 1758 2687 est
1812 2623 2055 2689 factum
2102 2621 2188 2686 iri

237 2715 554 2779 iniuriam
602 2713 729 2775 nisi
776 2726 841 2775 et
885 2712 1010 2793 ipsi
1055 2713 1125 2774 in
1171 2722 1423 2793 partem
1473 2708 1939 2774 benedictionis
1983 2708 2187 2772 aDeo

237 2801 438 2865 datae
481 2798 804 2864 venirent.
885 2797 1023 2862 Nos
1065 2797 1290 2878 itaque
1349 2794 1579 2860 demus
1621 2814 1888 2877 operam
1934 2808 2009 2858 ut
2055 2793 2187 2858 nisi

236 2885 525 2968 improbi
592 2893 660 2948 et
724 2903 1001 2964 nequam
1071 2883 1368 2947 homines
1443 2881 1668 2946 haberi
1727 2879 2061 2958 volumus,
2121 2894 2187 2945 et

232 2973 426 3037 fures
469 2990 545 3036 ac
587 2969 875 3034 latrones
933 2987 1154 3033 eoram
1204 2967 1346 3032 Deo
1405 2977 1471 3031 et
1512 2966 1723 3049 ipsius
1780 2967 2050 3049 angelis,
2112 2977 2189 3030 ut

232 3078 325 3124 ea
372 3056 744 3139 integritate
794 3064 862 3119 et
905 3054 1279 3119 sinceritate
1322 3074 1472 3117 cum
1528 3052 1849 3135 proximis
1892 3071 2182 3135 agamus,

232 3164 335 3209 ne
373 3142 538 3208 bona
581 3140 843 3225 publiea
887 3141 1164 3221 privatis
1209 3153 1468 3203 tantum
1511 3137 1765 3211 cedant,
1824 3150 1893 3202 et
1927 3138 2039 3201 alii
2085 3137 2184 3201 di-

229 3239 497 3295 tescant
559 3227 837 3291 aliorum
902 3236 1323 3308 paupertate:
1402 3223 1516 3290 sed
1579 3222 1820 3307 singuli
1886 3222 2186 3306 portione

227 3316 362 3381 illa
413 3315 706 3380 contenti
763 3325 959 3378 sunto
1016 3331 1213 3394 quam
1256 3310 1444 3375 Deus
1505 3311 1801 3393 largitur.
1890 3309 1997 3373 Ex
2057 3309 2185 3374 Dei

229 3400 576 3468 sententia
608 3400 817 3482 igitur
856 3398 1226 3462 iudicantes
1262 3407 1564 3461 mutuam
1601 3396 2004 3477 aequitatem
2045 3414 2184 3460 ser-

230 3485 580 3552 vabimus:
626 3487 737 3550 sed
786 3485 845 3549 si
886 3482 1147 3567 praedis
1191 3494 1261 3547 et
1303 3483 1552 3564 rapinis
1598 3481 1799 3545 dediti
1844 3480 2184 3561 fuerimus,

288 3594 369 3636 ro
390 3571 517 3636 Dei
561 3573 762 3636 verbo
807 3589 1033 3636 caecos
1076 3570 1351 3634 affectus
1396 3580 1656 3633 nostros
1699 3587 2070 3650 sequemur,
2116 3578 2186 3631 et

222 3596 485 3725 genum
532 3678 572 3721 a
614 3656 787 3722 malo
843 3675 1180 3737 nunquam
1226 3653 1689 3719 discernemus.
1779 3659 1880 3718 Ac
1923 3672 2082 3719 sane
2126 3654 2184 3717 si

222 3745 329 3811 de
376 3742 568 3808 rebus
611 3742 865 3808 sineere
909 3740 1370 3818 indicaremus,
1414 3750 1481 3804 et
1517 3740 1803 3822 propriis
1823 3737 2183 3805 commodis

223 3847 365 3897 aut
408 3828 833 3894 incommodis
877 3848 1013 3892 non
1058 3846 1493 3901 moveremur,
1550 3845 1668 3889 nos
1729 3825 2180 3906 proximorum

216 3914 602 3984 commodis
671 3933 803 3977 non
868 3912 1092 3978 minus
1169 3932 1363 3993 quam
1442 3912 1684 3975 nostris
1749 3909 2180 3989 studeremus,

220 4002 548 4084 viamque
584 4000 886 4065 omnibus
922 3997 1391 4065 controversiis
1426 4005 1493 4061 et
1528 3994 1810 4061 dissidiis
1852 3994 2181 4078 praecide-

212 4108 482 4154 remus.
571 4084 851 4152 Summo
907 4084 1114 4167 igitur
1169 4084 1384 4148 studio
1443 4102 1565 4147 nos
1620 4082 1954 4164 inquirere
1998 4079 2183 4148 decet

216 4171 402 4258 quid
447 4195 531 4236 ex
575 4172 704 4237 Dei
746 4170 949 4235 verbo
992 4178 1288 4235 nestrum
1335 4168 1440 4244 sit,
1485 4181 1554 4232 et
1596 4168 1779 4232 nobis
1823 4168 2179 4251 proprium,

212 4280 326 4326 ne
367 4278 562 4341 quam
607 4257 1008 4323 occasionem
1051 4256 1135 4320 de
1179 4253 1362 4319 nobis
1411 4253 1848 4338 conquerendi
1883 4256 2180 4335 cuiquam

218 4345 688 4430 praebeamus,
745 4358 813 4407 et
870 4364 953 4406 ne
1010 4342 1249 4406 iniuste
1304 4360 1467 4423 quos
1525 4338 1709 4405 Deus
1767 4339 1992 4405 eodem
2050 4361 2180 4422 quo

214 4450 366 4498 nos
393 4429 706 4495 beneficio
732 4430 991 4494 afficere
1013 4428 1227 4492 voluit
1257 4425 1632 4511 spoliemus.
1677 4424 1931 4492 Idcirco
1971 4425 2181 4509 igitur

211 4514 667 4598 cupiditatem
713 4514 1066 4579 effraenem
1109 4514 1390 4578 istorum
1425 4511 1556 4577 Dei
1599 4512 1868 4594 spiritus
1906 4524 2038 4576 tam
2085 4534 2180 4578 se-

212 4603 424 4671 veris
470 4602 687 4665 verbis
732 4599 1170 4682 reprehendit,
1228 4598 1397 4680 quod
1459 4597 1699 4681 praeda
1744 4615 1933 4678 parta
1974 4600 2181 4664 socios

206 4690 510 4774 privare
557 4686 819 4761 vellent,
864 4694 940 4751 ut
985 4685 1334 4751 doceamur
1379 4704 1597 4749 coram
1634 4684 1776 4748 Deo
1821 4684 2022 4749 fuisse
2068 4684 2180 4747 de

210 4773 617 4840 testandam
660 4771 1147 4838 crudelitatem:
1204 4793 1280 4836 ac
1325 4769 1595 4853 proinde
1638 4770 1918 4835 sciamus
1963 4772 2179 4836 Deum

209 4868 414 4926 ferre
458 4879 598 4923 non
641 4879 831 4942 posse
872 4856 1067 4922 istam
1100 4857 1432 4933 iniuriam,
1486 4867 1565 4920 ut
1603 4855 1714 4919 alii
1757 4853 2035 4921 aliorum
2080 4858 2181 4922 in-

204 4943 605 5013 commodis
648 4943 989 5010 ditescant.

415 5030 773 5096 Caeterum
832 5048 1033 5111 quum
1091 5029 1162 5093 in
1221 5026 1504 5093 Davidis
1560 5025 1763 5109 copiis
1818 5047 1953 5090 non
2015 5048 2185 5094 nnus

204 5130 357 5184 aut
405 5115 577 5181 alter
617 5115 953 5198 improbus
995 5125 1065 5178 et
1104 5133 1405 5195 nequam,
1450 5112 1562 5179 sed
1607 5112 1799 5177 multi
1844 5113 2042 5178 fuisse
2087 5112 2185 5177 di-

198 5214 490 5271 cuntur
532 5200 835 5285 improbi,
890 5220 974 5264 ex
1017 5220 1095 5265 eo
1143 5218 1611 5282 cognoscamus
1653 5197 1872 5263 Deum
1918 5211 1991 5262 ut
2032 5219 2185 5264 suos

202 5297 550 5356 exerceat
592 5307 788 5369 saepe
831 5287 959 5351 imo
1000 5286 1136 5350 fere
1171 5303 1431 5368 semper
1471 5284 1869 5376 permittere,
1914 5294 1990 5349 ut
2033 5284 2187 5350 boni

450 5387 677 5445 omasi
702 5403 893 5456 opera.
968 5386 1089 5443 Vol.
1118 5385 1315 5443 XXX.

1545 372 1645 439 IN
1689 372 1745 439 1.
1794 372 1972 439 LIB.
2020 370 2422 438 SAMUEL.
2469 372 2665 440 CAP.
2711 372 2945 440 XXX.

4123 381 4250 446 106

2302 561 2516 659 malis
2536 562 2956 629 misceantur.
3017 564 3223 629 Multi
3265 566 3487 647 itaque
3529 587 3819 649 nequam
3863 570 3933 633 in
3972 567 4248 636 Davidis

2301 660 2596 713 exercitu
2656 646 2959 727 fuerunt,
3017 662 3085 714 et
3139 661 3360 715 tamen
3415 651 3635 717 David
3695 673 3881 718 sacra
3936 656 4246 721 unctione

2298 732 2510 797 fuerat
2555 754 2674 798 rex
2714 733 3119 817 designatus,
3163 744 3230 800 et
3250 736 3525 803 Domini
3572 741 3777 803 nostri
3817 740 3965 805 lesu
3991 740 4246 805 Christi

2297 818 2512 902 figura
2559 827 2719 897 erat,
2777 828 2847 885 et
2891 820 3313 886 iustissimam
3362 844 3626 889 causam
3671 826 3939 907 agebat:
3982 826 4096 891 sed
4145 840 4243 890 ta-

2297 924 2450 969 men
2492 906 2560 968 in
2609 903 3107 990 quadringentis
3150 907 3282 972 illis
3319 909 3636 974 militibus
3659 910 3895 993 quibus
3940 912 4245 994 stipatur,

2299 989 2493 1054 multi
2530 990 2813 1074 improbi
2853 1003 2922 1056 et
2947 1013 3229 1075 nequam
3266 995 3703 1077 reperiuntur.
3750 997 3858 1061 Ex
3893 1017 4020 1079 quo
4057 997 4245 1064 disci

2299 1096 2445 1141 mus
2488 1076 2824 1143 ecclesiam
2872 1079 3000 1143 Dei
3060 1099 3192 1144 non
3246 1080 3392 1145 ideo
3450 1082 4012 1148 condemnandam
4069 1082 4125 1148 si
4170 1085 4241 1148 in

2300 1161 2403 1226 his
2448 1163 2644 1227 terris
2690 1183 2819 1227 non
2866 1164 2959 1227 ita
3004 1174 3222 1246 potest
3264 1168 3607 1250 repurgari
3665 1170 3823 1250 quin
3872 1168 4056 1251 palea
4099 1168 4240 1233 fru-

2298 1260 2523 1311 mento
2567 1248 2651 1313 sit
2690 1249 3002 1315 admixta.
3049 1250 3230 1314 Vitia
3252 1250 3512 1333 quidem
3551 1254 3760 1319 fateor
3792 1274 4050 1337 semper
4086 1275 4240 1322 con

2298 1332 2667 1398 demnanda
2710 1347 2884 1413 sunt,
2943 1345 3010 1400 et
3055 1357 3371 1418 personae
3417 1340 3739 1404 vocationi
3800 1361 3932 1404 non
3978 1360 4240 1424 respon-

2298 1417 2561 1484 dentes:
2607 1418 2721 1484 sed
2747 1435 2966 1485 tamen
2991 1422 3048 1486 si
3069 1420 3311 1487 Davidi
3337 1425 3630 1506 pravitas
3656 1425 3936 1490 militum
3967 1446 4239 1492 snorum

2297 1505 2752 1587 imputaretur,
2810 1526 3009 1571 causa
3065 1507 3180 1570 illa
3237 1528 3430 1589 quam
3481 1510 3666 1574 Deus
3724 1512 4043 1594 approbat
4084 1534 4238 1578 con

2297 1590 2734 1657 demnaretur.
2817 1591 3144 1674 Equidem
3183 1593 3392 1659 fateor
3434 1595 3764 1661 Davidem
3811 1599 3869 1662 si
3914 1598 4236 1663 malitiam

2295 1677 2588 1759 ipsorum
2649 1678 2916 1743 fovisset
2974 1689 3041 1742 et
3097 1680 3408 1760 pravitati
3452 1682 3742 1763 ipsorum
3800 1686 4238 1750 consensisset

2296 1784 2426 1828 non
2474 1763 2694 1828 minus
2753 1784 2941 1828 reum
2999 1764 3136 1828 fore
3193 1786 3390 1846 quam
3448 1768 3645 1848 ipsos,
3706 1768 3819 1834 sed
3869 1789 4069 1852 quum
4118 1790 4239 1852 pro

2295 1870 2413 1913 sua
2458 1849 2633 1913 virili
2675 1848 2945 1933 corrigit
2987 1859 3055 1914 et
3096 1851 3398 1933 prohibet
3441 1852 3653 1919 facere
3697 1855 3868 1936 quod
3923 1854 4235 1920 volebant

2292 1954 2728 2011 agnoscamus
2803 1957 2932 1999 non
2993 1948 3293 2018 oportere
3348 1959 3490 2004 esse
3564 1959 3752 2004 reum
3819 1954 4235 2023 peccatorum

2294 2041 2457 2102 quae
2502 2042 2632 2085 non
2678 2020 3069 2103 approbavit
3111 2031 3178 2087 et
3231 2043 3401 2105 quae
3447 2045 3563 2107 pro
3607 2026 3859 2092 viribus
3906 2030 4234 2110 repressit.

2294 2106 2439 2171 Non
2486 2106 2678 2171 aliter
2722 2109 2805 2171 de
2848 2107 3119 2172 ecclesia
3160 2108 3522 2175 christiana
3559 2111 3980 2178 statuendum
4013 2116 4234 2197 inqua

2290 2193 2347 2256 si
2394 2192 2773 2276 hypocritas
2820 2193 2944 2257 Dei
2989 2193 3140 2259 filiis
3177 2196 3534 2278 permixtos
3578 2197 3895 2276 videmus,
3944 2209 4011 2263 et
4053 2201 4234 2266 viros

2290 2278 2623 2360 improbos
2682 2279 2844 2344 alios
2882 2281 3197 2345 avaritiae
3242 2281 3509 2359 deditos,
3567 2280 3728 2348 alios
3788 2285 4125 2350 fraudibus
4168 2298 4236 2353 et

2292 2363 2456 2428 dolis
2502 2364 2748 2446 plenos,
2792 2366 2957 2431 alios
2982 2366 3306 2432 vindictae
3327 2367 3611 2449 cupidos,
3660 2369 3821 2434 alios
3850 2386 4233 2455 arrogantes

2291 2463 2358 2514 et
2414 2449 2716 2515 crudeles
2773 2449 2903 2515 Dei
2962 2452 3227 2515 nomine
3285 2473 3474 2519 suam
3536 2454 3851 2519 malitiam
3913 2468 4231 2540 tegentes,

2291 2556 2376 2599 ne
2423 2557 2667 2602 novum
2714 2550 2782 2602 et
2827 2537 3112 2602 insolens
3167 2536 3234 2601 id
3294 2539 3482 2604 nobis
3524 2540 3857 2606 videatur:
3910 2543 4229 2625 siquidem

2291 2620 2593 2687 omnibus
2634 2622 2913 2688 saeculis
2957 2623 3265 2689 ecclesiae
3309 2624 3440 2689 fuit
3477 2626 3702 2691 eadem
3739 2629 3927 2694 ratio.
3974 2628 4234 2695 Nihilo-

2292 2709 2506 2771 minus
2566 2720 2782 2772 tamen
2846 2708 3062 2773 danda
3119 2710 3304 2775 nobis
3359 2713 3571 2776 omnis
3623 2732 3839 2795 opera,
3893 2724 3967 2778 ut
4007 2716 4230 2781 istius

2290 2792 2468 2857 modi
2534 2793 2927 2875 pollutiones
2990 2815 3071 2859 ex
3138 2794 3434 2860 fidelium
3498 2815 3684 2862 coetu
3743 2797 4089 2876 tollantur,
4164 2815 4234 2866 et

2290 2878 2565 2945 ecclesia
2607 2878 2734 2944 Dei
2796 2892 3213 2963 repurgetur,
3269 2902 3353 2946 ne
3413 2895 3638 2947 nostra
3699 2884 4103 2967 negligentia
4158 2888 4229 2952 in

2292 2966 2724 3048 reprimendis
2771 2967 2945 3030 vitiis
2988 2967 3104 3030 fiat
3163 2968 3379 3049 potius
3426 2967 3585 3032 hara
3644 2990 3982 3051 porcorum
4032 2992 4227 3054 quam

2289 3071 2404 3116 ara
2427 3049 2575 3129 Dei,
2618 3065 2685 3115 et
2728 3051 2980 3116 interea
3014 3052 3338 3134 patienter
3374 3056 3659 3119 feramus
3697 3055 3867 3136 quod
3905 3060 4230 3140 corrigere

2288 3158 2417 3202 non
2458 3156 2837 3220 possumus:
2885 3152 2986 3203 est
3019 3138 3193 3202 enim
3218 3139 3424 3204 veluti
3451 3140 3714 3206 morbus
3739 3142 4232 3212 immedicabilis

2288 3244 2490 3305 quum
2536 3224 2720 3304 pravi
2778 3222 3078 3288 homines
3135 3223 3264 3290 Dei
3317 3224 3469 3290 filiis
3515 3225 3888 3293 miscentur.
3971 3228 4225 3297 Nihilo-

2288 3309 2507 3374 minus
2553 3323 2775 3373 tamen
2819 3308 3248 3374 admonemur
3281 3309 3495 3374 Deum
3537 3312 3831 3393 precibus
3875 3313 4225 3381 sollicitan-

2288 3394 2445 3460 dum
2490 3415 2578 3459 ne
2623 3397 2815 3459 istam
2861 3399 3339 3476 corruptionem
3387 3396 3695 3461 ecelesiae
3730 3418 3890 3462 suae
3923 3400 4227 3483 imputet,

2286 3481 2447 3546 adeo
2493 3496 2567 3544 ut
2609 3479 2833 3545 eadem
2894 3501 3101 3562 poena
3158 3482 3516 3546 sinceritati
3573 3494 3638 3547 et
3682 3485 4042 3567 integritati
4086 3502 4226 3553 stu-

2286 3565 2516 3632 dentes
2550 3586 2702 3631 eum
2751 3567 3091 3649 flagitiosis
3134 3580 3201 3631 et
3247 3567 3561 3649 improbis
3598 3568 3975 3635 hominibus
4011 3573 4227 3639 invol-

2288 3665 2552 3718 vantur.
2656 3651 2880 3732 Quum
2949 3654 3124 3717 enim
3171 3673 3248 3717 ea
3306 3654 3614 3719 ecclesiae
3658 3657 3941 3720 conditio
3985 3657 4230 3725 dicitur

2284 3758 2426 3803 esse
2472 3754 2547 3803 ut
2583 3737 2819 3803 multos
2856 3758 3114 3821 semper
3146 3740 3521 3823 hypocritas
3551 3744 3720 3804 ferre
3755 3754 4046 3824 cogatur,
4091 3766 4223 3811 non

2286 3823 2438 3888 inde
2479 3835 2701 3889 tamen
2760 3826 3053 3906 sequitur
3096 3824 3412 3889 laxandas
3450 3825 3622 3889 malo
3662 3826 3969 3895 habenas.
4051 3830 4226 3897 Nota

2286 3911 2460 3975 enim
2519 3922 2622 3974 est
2690 3908 2966 3974 historia
3031 3909 3259 3993 plagae
3325 3911 3504 3975 illius
3568 3932 3735 3991 quae
3803 3915 3920 3978 toti
3987 3918 4227 3998 populo

2285 3996 2637 4062 israelitico
2683 4007 2948 4078 propter
3005 3996 3200 4060 unius
3261 3995 3491 4061 Achan
3549 3998 4033 4080 improbitatem
4078 4022 4229 4068 con

2287 4081 2455 4165 tigit.
2541 4081 2820 4163 Propter
2867 4082 3058 4146 unius
3103 4083 3279 4147 enim
3339 4081 3628 4147 hominis
3670 4086 4087 4168 sacrilegium
4130 4089 4232 4154 ira

2287 4168 2413 4233 Dei
2457 4168 2525 4232 in
2573 4182 2782 4231 totum
2830 4167 3141 4250 populum
3187 4168 3435 4234 exarsit
3477 4169 3558 4234 ad
3601 4170 3789 4235 cuius
3824 4190 3983 4235 sane
4028 4171 4230 4239 histo

2286 4255 2421 4318 riae
2462 4253 2911 4318 narrationem
2956 4256 3352 4319 commoveri
3384 4274 3502 4320 nos
3537 4264 3606 4319 et
3639 4267 3922 4320 tremere
3963 4256 4234 4324 iudicio-

2283 4361 2428 4404 rum
2455 4338 2828 4404 divinorum
2851 4340 3201 4404 severitate
3245 4352 3520 4423 oportet.
3565 4339 3954 4406 Remedium
4001 4355 4222 4410 autem

2283 4426 2551 4492 unicum
2595 4436 2895 4507 superest
2940 4422 3150 4489 divini
3198 4427 3483 4492 nominis
3525 4426 3886 4490 invocatio:
3933 4428 4221 4509 quando

2283 4511 2543 4593 quidem
2606 4509 2792 4575 nobis
2855 4509 3043 4575 bodie
3100 4522 3318 4593 potest
3390 4510 3559 4577 idem
3616 4513 3997 4595 contingere
4050 4516 4220 4595 quod

2282 4600 2480 4663 etiam
2503 4595 2849 4662 Danielem
2896 4596 3299 4679 praedixisse
3339 4596 3639 4662 videmus
3676 4595 3862 4662 Darii
3910 4612 4221 4682 tempore,

2282 4683 2622 4749 ecclesiam
2681 4681 3000 4746 nimirum
3050 4680 3180 4748 Dei
3244 4695 3586 4747 venturam
3647 4682 3717 4746 in
3776 4703 3924 4748 eam
3969 4683 4218 4753 desola-

2283 4770 2526 4835 tionem
2573 4777 2648 4832 ut
2691 4766 3112 4850 pessumdata
3155 4768 3474 4846 videatur,
3515 4767 3629 4833 sed
3665 4768 3808 4833 eius
3830 4767 4049 4835 Deum
4095 4774 4219 4838 mi

2281 4864 2612 4921 serturum
2654 4853 2777 4918 ait:
2837 4864 2906 4918 et
2963 4853 3116 4920 lieet
3167 4853 3479 4935 exiguum
3538 4854 3747 4938 ipsius
3803 4855 3893 4918 sit
3934 4855 4217 4937 initium,

2281 4941 2526 5006 multos
2569 4949 2792 5004 tamen
2835 4939 2904 5003 in
2952 4961 3031 5005 ea
3087 4940 3339 5004 futuros
3395 4940 3841 5005 fraudulentos
3898 4940 4219 5023 homines,

2280 5026 2397 5110 qui
2436 5025 2657 5089 fronte
2693 5027 3001 5106 pietatem
3023 5025 3353 5104 simulent,
3396 5026 3588 5092 corde
3611 5046 3770 5091 vero
3813 5027 4215 5110 impietatem

2284 5113 2567 5177 foveant.
2613 5107 2728 5177 Sic
2759 5110 2906 5176 istis
2937 5110 3359 5193 temporibus,
3403 5112 3636 5193 quibus
3669 5111 3854 5175 Deus
3875 5113 4215 5181 ecclesiam

2284 5218 2469 5264 suam
2513 5196 2858 5272 instaurat,
2902 5210 3154 5262 certum
3201 5204 3305 5261 est
3347 5196 3589 5261 multos
3629 5196 3701 5261 in
3745 5196 4083 5265 ecclesiam
4109 5220 4222 5267 ve-

2285 5282 2429 5349 nire
2485 5292 2555 5348 et
2609 5282 2904 5367 profiteri
2960 5303 3033 5348 se
3088 5281 3414 5367 evangelii
3472 5282 3877 5359 defensores,
3945 5304 4230 5367 quorum
