5059 6059
830 315 962 383 543

834 502 1337 571 multabuntur?
1424 523 1511 568 an
1589 502 1855 585 sanguis
1935 505 2246 569 innocens
2327 512 2461 567 tam
2538 500 2778 567 leviter

836 588 1252 657 effundetur?
1300 587 1520 671 Quare
1541 587 1822 654 Davidis
1867 587 2143 655 barbara
2187 586 2508 672 quaedam
2556 587 2782 653 crude-

837 675 990 743 litas
1071 675 1178 740 hie
1257 685 1572 759 apparet,
1656 685 1721 739 et
1785 674 1993 757 ipsius
2057 675 2126 738 in
2193 673 2587 740 assumendo
2652 673 2781 738 Dei

838 761 1102 828 nomine
1157 762 1508 827 temeritas.
1600 760 1742 826 Nae
1801 759 2149 827 crudelitas
2207 759 2413 844 ipsius
2472 758 2780 823 condem-

837 851 1101 914 natione
1141 845 1340 931 digna
1374 857 1550 914 erat:
1594 846 1708 913 sed
1745 845 1918 930 quod
1961 848 2151 922 iurat,
2198 846 2268 909 in
2316 866 2558 909 vanum
2605 844 2781 920 facit,

837 929 1096 1017 Deique
1156 954 1393 998 nomen
1452 943 1794 1017 propterea
1837 932 2082 1018 insigni
2126 931 2518 997 contumelia
2562 930 2784 1008 afficit,

841 1032 911 1085 et
975 1019 1187 1085 veluti
1252 1017 1660 1102 blasphemia
1719 1018 2038 1103 pollutum
2100 1015 2370 1101 pedibus
2428 1016 2783 1082 conculcat.

842 1105 1087 1171 Gravis
1144 1126 1302 1170 sane
1345 1103 1625 1170 Davidis
1682 1104 1924 1187 lapsus,
1985 1104 2107 1170 etsi
2152 1102 2466 1188 puniendi
2512 1100 2785 1167 Nabalis

844 1192 1020 1259 iusta
1077 1191 1204 1275 ipsi
1264 1190 1512 1257 occasio
1571 1189 1916 1255 videbatur
1961 1189 2210 1255 oblat-a:
2269 1196 2336 1254 et
2381 1199 2508 1253 tam
2557 1187 2785 1270 procul

841 1300 881 1342 a
916 1288 1096 1344 recta
1156 1276 1262 1342 via
1298 1275 1606 1342 recedens
1643 1277 1843 1341 animi
1879 1276 2094 1360 passio
2141 1297 2270 1340 non
2317 1275 2525 1357 potuit
2565 1294 2787 1339 coram

842 1363 1130 1430 Domino
1189 1361 1459 1429 absolvi.
1539 1361 1707 1427 Nam
1767 1362 1893 1427 etsi
1994 1361 2340 1427 ermissum
2386 1361 2510 1444 ipsi
2553 1359 2788 1424 fuisset

842 1448 1166 1516 Nabalem
1224 1449 1518 1516 severius
1578 1448 1822 1532 ulcisci,
1882 1448 2172 1531 reiquae
2233 1456 2450 1512 tamen
2497 1444 2787 1511 familiae

842 1534 1241 1619 parcendum
1276 1541 1420 1599 erat
1463 1534 1814 1600 innocenti.
1882 1531 2104 1615 Quare
2144 1531 2434 1597 dicamus
2453 1530 2785 1597 Davidem

843 1622 945 1687 ira
1001 1621 1321 1705 percitum
1379 1618 1726 1686 indulsisse
1788 1620 2063 1684 nimium
2123 1616 2461 1684 affectibus
2505 1616 2662 1696 suis,
2722 1623 2788 1681 et

846 1707 1042 1774 officii
1099 1707 1204 1772 sui
1260 1705 1569 1770 oblitum:
1632 1707 1846 1771 Deum
1905 1717 2126 1770 autem
2171 1704 2355 1768 illum
2404 1704 2591 1774 nobis
2636 1721 2780 1787 pro·

845 1814 1085 1876 ponere
1144 1812 1333 1857 exem
1381 1790 1519 1857 lum
1577 1812 1657 1856 ex
1717 1812 1843 1875 quo
1900 1791 2227 1856 discamus
2272 1788 2611 1856 affectibus
2660 1809 2789 1853 non

844 1878 1210 1964 indulgere,
1263 1814 1379 1944 seg
1437 1876 1507 1941 in
1567 1878 1775 1961 ipsius
1837 1877 2068 1942 timore
2128 1898 2246 1942 nos
2290 1877 2661 1942 continere:
2722 1881 2791 1938 et

844 1986 1078 2032 cavere
1137 1985 1219 2029 ne
1272 1984 1563 2046 unquam
1618 1963 2011 2041 deficiamus,
2069 1960 2591 2046 quandoquidem
2650 1980 2790 2024 mo-

845 2059 1067 2117 mento
1125 2049 1237 2133 qui
1295 2057 1500 2115 totum
1560 2047 1734 2114 vitae
1787 2047 2181 2115 curriculum
2241 2047 2382 2113 sine
2435 2046 2621 2129 lapsu
2682 2043 2793 2110 de·

845 2145 1208 2213 currerunt,
1267 2134 1632 2219 impingere
1689 2144 1758 2200 et
1814 2134 1944 2200 labi
2006 2142 2291 2217 possunt,
2348 2143 2416 2197 et
2471 2133 2793 2197 iacturam

853 2223 1084 2289 facere.
1193 2220 1547 2287 Discamus
1628 2231 1968 2304 praeterea
2045 2221 2136 2285 sic
2217 2239 2450 2284 causae
2528 2229 2791 2283 nostrae

850 2308 1203 2376 bonitatem
1264 2308 1452 2384 tueri,
1515 2328 1597 2372 ne
1649 2306 1845 2372 officii
1905 2307 2114 2370 nostri
2174 2303 2658 2384 obliviscamur,
2720 2312 2794 2367 ut

849 2394 959 2460 hic
1001 2392 1232 2459 fecisse
1275 2391 1601 2458 Davidem
1647 2393 2101 2476 conspicimus.
2193 2390 2361 2455 Nam
2403 2389 2622 2456 inanis
2666 2388 2793 2453 erit

848 2479 1020 2563 apud
1066 2477 1287 2544 Deum
1347 2478 1698 2556 excusatio,
1759 2478 1812 2542 si
1872 2476 2122 2542 malum
2166 2476 2333 2559 quod
2381 2497 2513 2541 non
2558 2474 2794 2540 licebat

848 2565 1462 2649 perpetraverimus.
1530 2562 1749 2629 David
1786 2563 1962 2627 enim
2007 2571 2260 2646 poterat
2303 2561 2384 2628 de
2428 2583 2498 2627 se
2541 2569 2611 2627 et
2651 2559 2793 2627 suis

851 2651 1179 2735 profiteri,
1258 2648 1799 2732 quemadmodum
1879 2659 1948 2714 et
2012 2648 2283 2714 Nabalis
2358 2648 2496 2730 ipse
2561 2667 2793 2711 servus

851 2736 1301 2802 testiinonium
1324 2735 1448 2818 ipsi
1472 2734 1789 2820 perhibet,
1826 2734 2080 2799 nullum
2118 2733 2442 2818 accepisse
2478 2730 2791 2797 damnum

849 2820 1167 2888 Nabalem
1226 2842 1345 2888 nec
1403 2819 1886 2887 incommodum
1932 2841 1972 2886 a
2014 2818 2273 2885 Davide
2316 2828 2431 2885 aut
2472 2818 2792 2884 militibus

851 2908 1090 2991 ipsius:
1135 2928 1333 2990 quum
1379 2916 1598 2972 tamen
1641 2927 1860 2972 rerum
1904 2907 2197 2972 omnium
2242 2905 2431 2990 egeni
2476 2914 2545 2968 et
2588 2904 2790 2969 fame-

849 2994 958 3060 lici
1007 2992 1384 3058 viderentur
1428 3014 1560 3057 non
1607 3013 1796 3077 posse
1840 2992 1921 3057 ab
1965 2992 2212 3057 iniuria
2255 2987 2600 3056 inferenda
2643 2988 2788 3055 abs·

853 3082 1096 3144 tinere:
1159 3076 1272 3143 sed
1328 3090 1554 3144 contra
1616 3089 1907 3162 pastores
1950 3077 2221 3144 Nabalis
2279 3075 2362 3141 ab
2418 3076 2581 3159 ipsis
2641 3095 2794 3141 con-

851 3174 1167 3245 servatos,
1226 3174 1294 3228 et
1349 3162 1651 3230 defensos
1697 3164 1897 3230 fuisse
1942 3163 2120 3229 servi
2163 3163 2373 3247 ipsius
2416 3160 2792 3252 testimonio

849 3251 1101 3318 clarum
1168 3258 1289 3314 est.
1387 3250 1627 3315 Merito
1691 3250 1913 3334 itaque
1972 3249 2188 3316 David
2253 3248 2433 3315 illius
2496 3247 2790 3312 animum

849 3339 1185 3423 ingratum
1246 3355 1511 3420 carpere
1570 3349 1636 3401 et
1691 3334 1772 3400 de
1815 3336 1958 3420 ipso
2002 3335 2308 3419 conqueri
2356 3341 2629 3417 poterat,
2676 3329 2792 3397 sed

851 3443 986 3488 non
1065 3430 1288 3490 tamen
1354 3430 1492 3486 tam
1557 3431 1890 3487 cruentam
1961 3420 2313 3488 vindictam
2383 3418 2464 3485 de
2527 3417 2791 3502 ingrato

851 3528 1128 3575 sumere.
1207 3508 1344 3573 Nos
1402 3508 1621 3590 itaque
1680 3507 1736 3574 si
1794 3527 1952 3591 erga
2005 3505 2310 3592 indignos
2353 3505 2531 3570 omni
2578 3504 2792 3570 officio

849 3594 1053 3660 functi
1095 3594 1426 3671 fuerimus,
1473 3592 1734 3658 illorum
1780 3592 2044 3677 quidem
2088 3590 2630 3676 ingratitudinem
2676 3611 2790 3654 ex-

898 3679 1164 3745 robrare
1228 3680 1603 3763 poterimus,
1668 3679 1740 3743 in
1807 3680 2097 3762 ipsorum
2161 3676 2644 3752 confusionem,
2725 3684 2794 3739 et

850 3702 1073 3830 Deum
1151 3764 1531 3832 invocantes
1599 3775 1889 3830 nostram
1955 3764 2391 3829 innocentiam
2457 3761 2789 3846 proferre:

851 3848 968 3916 sed
1026 3870 1154 3914 non
1203 3848 1346 3915 ideo
1390 3859 1614 3916 tamen
1657 3849 1880 3917 licebit
1923 3850 2217 3934 privatas
2251 3848 2525 3914 iniurias
2571 3866 2789 3929 perse-

853 3937 988 4020 qui,
1049 3944 1115 3999 et
1172 3934 1252 4000 de
1308 3935 1591 4002 inimicis
1648 3957 1891 4020 poenas
1934 3955 2213 4001 sumere.
2303 3931 2520 3998 David
2566 3933 2789 4015 itaque

853 4043 987 4087 non
1043 4021 1278 4086 leviter
1348 4020 1639 4103 peccavit
1682 4023 1808 4088 hac
1851 4022 1920 4086 in
1959 4032 2142 4105 parte
2187 4031 2320 4085 tam
2368 4018 2509 4083 dira
2554 4016 2787 4083 Nabali

850 4108 1101 4191 totique
1158 4106 1441 4171 familiae
1497 4108 1828 4173 innocenti
1886 4109 2207 4173 minatus:
2254 4105 2438 4172 cuius
2486 4103 2789 4187 exemplo

854 4214 1082 4276 sapere
1139 4213 1259 4257 nos
1317 4200 1602 4275 oportet:
1675 4214 1759 4258 ne
1807 4194 2216 4277 passionibus
2276 4191 2517 4256 nostris
2575 4190 2787 4255 locum

856 4279 1118 4356 dantes,
1199 4286 1390 4343 extra
1461 4278 1732 4344 rationis
1794 4279 2108 4345 terminos
2163 4297 2488 4356 erremus,
2551 4274 2791 4340 Danda

856 4367 1077 4448 itaque
1135 4384 1333 4448 opera
1388 4373 1464 4428 ut
1519 4364 1588 4427 in
1648 4364 1858 4429 officio
1916 4365 2399 4429 contineamur:
2460 4362 2634 4445 quod
2680 4361 2795 4426 fiet

856 4451 914 4516 si
973 4448 1139 4514 nihil
1199 4448 1324 4514 nisi
1381 4448 1527 4515 Deo
1585 4447 1748 4514 duce
1800 4450 2305 4532 susceperimus:
2366 4468 2520 4512 nam
2576 4448 2630 4512 si
2688 4444 2791 4514 vel

855 4535 1188 4601 tantillum
1246 4557 1286 4600 a
1328 4544 1506 4601 recta
1551 4535 1659 4598 via
1704 4534 2176 4613 deflexerimus‚
2237 4535 2530 4600 futurum
2575 4540 2675 4599 est
2719 4542 2796 4598 ut

854 4621 1365 4706 praecipitemur
1397 4622 1466 4686 in
1503 4623 1652 4686 avia
1693 4621 1849 4700 loca,
1896 4643 1977 4687 ex
2018 4621 2256 4705 quibus
2301 4622 2412 4688 vix
2458 4639 2793 4704 emergere

858 4728 1188 4791 queamus.
1266 4705 1521 4773 Malum
1576 4708 1794 4791 itaque
1852 4705 2393 4789 praeveniendam
2440 4713 2572 4784 est;
2629 4715 2698 4770 et
2739 4706 2793 4772 si

859 4812 982 4858 nos
1038 4793 1167 4859 labi
1227 4792 1592 4879 contigerit,
1645 4792 1964 4857 auxilium
2024 4794 2103 4857 ab
2159 4813 2236 4858 eo
2282 4790 2636 4877 petendum
2683 4791 2793 4874 qui

858 4879 1074 4963 lapsos
1111 4878 1456 4962 sublevare
1491 4887 1731 4962 potest:
1776 4889 1845 4942 et
1878 4878 1935 4945 si
1970 4877 2333 4962 periculum
2371 4877 2795 4955 evaserimus,

860 4985 980 5048 pro
1039 4964 1211 5028 virili
1269 4974 1493 5029 nostra
1544 4985 1892 5030 caveamus
1947 4987 2030 5030 ne
2075 4965 2144 5028 in
2189 4963 2366 5029 aliud
2411 4961 2796 5042 incidamus,

862 5048 1188 5115 diabolum
1268 5051 1546 5117 scientes
1610 5060 1925 5134 perpetuo
1992 5049 2322 5114 excubare
2388 5049 2458 5113 in
2513 5047 2797 5131 insidiis,

861 5137 1231 5220 multasque
1266 5137 1554 5202 rationes
1591 5135 1829 5202 habere
1864 5158 1984 5203 nos
2021 5135 2371 5203 seducendi
2419 5142 2486 5198 et
2529 5155 2796 5218 prorsus

863 5223 1271 5305 excaecandi,
1322 5232 1394 5289 ut
1453 5242 1491 5287 a
1540 5222 1802 5287 Domini
1866 5223 2097 5287 timore
2163 5230 2437 5288 avertat.
2541 5220 2683 5286 Nae
2739 5221 2796 5286 si

2540 311 2948 378 HOMILIA
2996 312 3146 380 XO.
4637 322 4723 389 544

2883 500 3101 566 David
3167 523 3358 585 quam
3427 516 3852 569 consueverat
3909 503 4288 586 patientiam
4349 506 4417 568 in
4471 509 4729 578 consilium

2882 585 3324 662 adhibuisset,
3417 610 3546 654 non
3627 601 3759 652 tam
3841 599 4085 655 temere
4166 592 4595 675 processisset,
4654 597 4731 662 ssd

2882 671 3196 738 Nabalem
3259 672 3486 738 adiens
3541 675 3621 740 de
3677 676 3889 757 ipsius
3948 676 4316 742 temeritate
4359 689 4424 740 et
4466 676 4533 741 de
4567 693 4731 747 nontu-

2884 758 3096 825 meliis
3130 773 3521 843 conquestus
3556 761 3728 844 apud
3770 761 3985 843 ipsum
4024 761 4275 842 fuisset,
4319 782 4395 828 ac
4436 764 4731 831 satisfactio·

2886 866 3035 910 nem
3095 847 3518 928 postulasset:
3576 844 3691 911 sed
3739 867 3941 928 quum
4001 868 4073 912 se
4126 846 4210 912 ab
4266 848 4579 913 iracundie
4615 853 4737 918 vinei

2885 952 3113 1014 passus
3172 944 3363 1012 esset,
3423 931 3503 995 de
3562 943 3770 997 morte
3829 952 3962 997 non
4025 945 4281 998 tantum
4342 933 4614 1012 Nabalis,
4661 937 4738 1004 aad

2885 1016 3164 1081 aliorum
3212 1016 3660 1098 innocentium
3705 1018 4044 1103 cogitavit.
4110 1019 4579 1102 Prophetamne
4614 1043 4737 1100 vero,

2887 1113 3151 1186 tamque
3187 1102 3613 1168 excellentem
3638 1102 3766 1169 Dei
3800 1124 4085 1181 servum,
4123 1114 4190 1169 et
4223 1104 4485 1187 quidem
4516 1106 4743 1188 electum,

2887 1198 2962 1253 ut
3005 1197 3174 1254 esset
3195 1187 3465 1254 Domini
3510 1189 3715 1255 nostri
3740 1189 3890 1254 Iesu
3934 1187 4184 1256 Christi
4230 1192 4463 1274 figura,
4502 1212 4569 1256 eo
4604 1193 4742 1258 deve·

2888 1275 3061 1340 nisse
3095 1273 3501 1340 crudelitatis
3535 1284 3605 1340 et
3646 1273 3932 1340 furoris?
4001 1278 4094 1342 At
4134 1276 4195 1343 si
4237 1285 4423 1342 tanto
4461 1278 4591 1343 viro
4624 1278 4749 1346 istud

2887 1359 3139 1441 accidit,
3181 1359 3335 1443 quid
3381 1361 3566 1426 nobis
3608 1360 3906 1426 futurum
4000 1373 4277 1441 utamus,
4322 1362 4434 1446 qui
4471 1364 4663 1446 procul
4694 1365 4748 1430 ab

2887 1446 3093 1528 ipsius
3186 1444 3536 1511 virtutibus
3630 1382 3996 1512 absumus?
4111 1445 4547 1529 Quamobrem
4620 1461 4751 1516 tsnto

2888 1531 3095 1596 maior
3139 1530 3510 1599 adhibenda
3555 1531 3739 1596 nobis
3782 1532 3999 1598 cautio
4042 1545 4161 1611 est,
4219 1555 4303 1599 ne
4344 1555 4385 1599 a
4430 1534 4653 1600 diabolo
4682 1556 4751 1600 se-

2889 1616 3223 1696 ducamur,
3268 1626 3335 1683 et
3367 1630 3555 1684 extra
3606 1617 3779 1681 viam
3824 1618 4181 1701 rapiamur,
4228 1620 4468 1686 nostris
4506 1620 4752 1704 passioni·

2890 1702 3011 1769 bus
3055 1703 3387 1769 cedentes:
3433 1703 3548 1770 sed
3593 1702 3892 1769 fraenum
3938 1704 4072 1769 illis
4115 1704 4533 1771 inficiendum
4576 1716 4674 1784 est,
4713 1713 4757 1772 et

2890 1787 3100 1854 divini
3144 1788 3428 1855 nominis
3472 1799 3654 1855 metu
3697 1789 4117 1858 cohibendae.

3065 1874 3359 1941 Accessit
3435 1874 3518 1939 ad
3585 1873 3715 1940 duo
3780 1875 3895 1941 illa
3962 1874 4240 1942 Davidis
4302 1887 4563 1960 peccata
4615 1878 4759 1943 etim

2892 1961 3183 2039 tertium,
3230 1960 3449 2026 inanis
3493 1961 3807 2026 nimirum
3843 1959 3972 2025 Dei
4018 1961 4303 2028 nominis
4345 1962 4687 2046 assumptio,
4718 1969 4763 2028 et

2892 2045 3126 2111 inutile
3184 2043 3666 2113 iusiurandum.
3756 2046 4002 2113 Notum
4060 2047 4237 2112 enim
4296 2057 4402 2114 est
4449 2069 4629 2132 quam
4661 2069 4764 2132 pre-

2892 2131 3134 2197 tiosum
3180 2131 3363 2197 Deus
3422 2153 3660 2199 nomen
3712 2153 3903 2198 suum
3945 2130 4205 2210 habeat,
4267 2145 4340 2199 ut
4391 2134 4550 2200 nolit
4586 2134 4770 2200 assumi

2891 2238 2931 2282 a
2991 2216 3176 2283 nobis
3234 2216 3360 2283 nisi
3419 2239 3567 2285 cum
3628 2239 3887 2284 summa
3944 2218 4293 2284 sobrietate
4337 2227 4409 2285 et
4451 2220 4769 2286 reverentis.

2893 2301 3112 2367 David
3169 2315 3390 2369 autem
3446 2314 3693 2369 temere
3736 2305 3808 2369 in
3851 2303 4191 2370 iracundia
4232 2305 4407 2370 istud
4456 2307 4767 2389 assumpsit:

2893 2409 3104 2473 neque
3164 2410 3319 2456 vero
3375 2399 3592 2455 tamen
3653 2399 3727 2455 ut
3770 2388 4041 2456 haberet
4082 2389 4244 2455 illud
4291 2390 4589 2474 ludibrio,
4628 2390 4771 2457 sicuti

2900 2475 3158 2559 profani
3217 2475 3410 2540 multi
3468 2475 3768 2542 homines
3826 2475 4040 2541 solent
4113 2476 4185 2541 in
4260 2477 4596 2544 iracundia
4648 2477 4771 2543 deie-

2894 2582 3061 2638 rare,
3120 2572 3187 2626 et
3231 2561 3448 2626 Deum
3506 2561 3907 2646 blasphemis
3968 2561 4232 2638 vocibus
4276 2562 4585 2641 lacerare,
4637 2571 4698 2628 ut
4725 2583 4773 2627 se

2895 2646 3195 2714 homines
3267 2668 3408 2713 esse
3478 2670 3613 2712 non
3678 2647 4122 2714 meminerint.
4221 2649 4329 2714 Ex
4385 2671 4515 2734 quo
4564 2657 4777 2734 apparet

2892 2741 3139 2817 quanta
3172 2733 3261 2798 sit
3296 2734 3669 2817 passionum
3706 2743 4083 2799 nostrarum
4120 2732 4222 2801 vis
4263 2733 4339 2799 in
4383 2734 4568 2801 nobis
4605 2755 4772 2800 παιο-

2893 2817 3139 2901 candis‚
3191 2828 3264 2883 ut
3288 2819 3440 2883 licet
3476 2819 3898 2902 integerrime
3933 2820 4319 2900 vixerimus,
4358 2830 4579 2887 tamen
4610 2820 4777 2887 istius-

2897 2903 3067 2969 modi
3136 2903 3552 2970 affectionum
3621 2905 4038 2970 vehementia
4100 2906 4503 2989 praeteritae
4557 2908 4776 2971 virtutes
4898 2971 4899 2974 ,

2894 3009 3120 3055 omnes
3177 3000 3680 3074 corrumpantur
3739 3004 3805 3055 et
3862 2989 4309 3057 destruantur.
4400 2991 4779 3074 Quamobrem

2895 3075 3170 3142 affectus
3214 3076 3423 3142 nostri
3467 3085 3621 3142 sunt
3665 3077 3759 3140 ita
3800 3074 4165 3154 fraenandi,
4209 3099 4295 3142 ne
4336 3079 4605 3144 modum
4640 3096 4779 3143 exee-

2895 3159 3098 3226 dant:
3153 3168 3220 3227 et
3272 3162 3344 3228 in
3407 3162 3637 3246 primis
3691 3171 3830 3226 tam
3889 3172 4381 3230 sacrosanctum
4427 3163 4555 3230 Dei
4594 3182 4779 3229 nomeu

2893 3246 3271 3327 habeamus,
3309 3268 3393 3312 ne
3414 3246 3579 3312 illud
3607 3267 3920 3331 umquam
3939 3258 4182 3315 temere
4196 3269 4626 3316 assumamus.
4663 3248 4780 3315 cao-

2895 3343 3107 3399 terum
3152 3331 3437 3399 formula
3478 3331 3901 3399 iurisiurandi
3945 3355 4077 3417 qua
4097 3334 4321 3400 David
4375 3337 4596 3410 utitur,
4635 3331 4782 3400 male-

2895 3416 3197 3485 dictionis
3265 3418 3797 3503 imprecationem
3854 3421 4166 3485 continet.
4271 3419 4503 3502 Quum
4554 3417 4785 3486 Hebraei

2894 3504 3111 3587 aliqua
3171 3505 3637 3587 imprecatione
3680 3526 3823 3570 sese
3866 3505 4214 3584 devovent,
4259 3506 4490 3572 aiunt:
4533 3506 4630 3572 Ita
4664 3500 4783 3570 mihi

2895 3590 3078 3655 Deus
3140 3590 3335 3655 faciat
3357 3639 3375 3671 ,
3441 3602 3540 3658 et:
3624 3590 3806 3657 Haec
3864 3590 4029 3656 mihi
4097 3591 4277 3658 Deus
4342 3593 4584 3670 addat,
4640 3588 4781 3676 qussi

2892 3673 3144 3742 dicant:
3200 3675 3307 3741 Ita
3361 3697 3467 3741 me
3527 3677 3708 3743 Deus
3767 3676 4152 3756 ulciscatur,
4206 3676 4262 3744 si
4317 3699 4553 3761 pecco,
4604 3687 4703 3743 aut
4742 3673 4782 3738 si

2892 3760 3210 3826 mentior:
3268 3760 3543 3828 Davidis
3612 3782 3772 3827 vero
3833 3763 4274 3828 iuramentum
4332 3763 4581 3848 aliquid
4631 3761 4783 3828 habet

2892 3846 3244 3931 peculiare:
3288 3845 3621 3912 Dominus
3664 3848 3759 3914 sic
3802 3848 3997 3914 faciat
4041 3848 4329 3914 inimicis
4360 3849 4651 3917 Davidis.
4707 3845 4785 3912 Sic

2893 3931 3138 3997 multos
3205 3933 3507 3999 videmus
3573 3933 3852 4016 obliquis
3911 3932 4340 4000 iurisiurandi
4403 3933 4685 4001 formulis
4726 3927 4781 3997 ad

2892 4018 3215 4083 malitiam
3269 4039 3456 4084 suam
3512 4027 3575 4084 te
3622 4019 3857 4084 endam
3919 4019 4050 4084 uti:
4108 4041 4276 4104 quae
4336 4031 4565 4087 tamen
4616 4018 4783 4085 imni:

2892 4113 3048 4170 sunt
3069 4103 3202 4169 effu
3254 4104 3332 4182 ’a,
3366 4111 3437 4170 'et
3471 4104 3587 4170 nul
3616 4106 3718 4170 ius
3754 4105 4071 4171 momenti
4107 4108 4588 4173 excusationes.
4627 4101 4780 4187 Quid·

2892 4188 3049 4272 quid
3092 4191 3179 4254 sit
3290 4189 3544 4256 avidem
3592 4199 3867 4275 apparet
3906 4191 4171 4257 nomine
4216 4190 4350 4257 Dei
4396 4193 4610 4259 abuti:
4658 4184 4779 4273 quod

2893 4296 3051 4341 sane
3124 4286 3259 4340 tam
3318 4277 3387 4340 in
3444 4276 3664 4341 animo
3723 4297 3917 4359 quam
3978 4277 4044 4343 in
4100 4298 4212 4343 ore
4270 4277 4507 4344 debuit
4559 4277 4781 4344 habere:

2896 4358 3011 4426 sed
3054 4361 3251 4445 longe
3293 4361 3424 4426 alia
3466 4362 3738 4428 ratione.
3806 4361 3975 4428 Nam
4021 4383 4223 4447 quum
4266 4385 4341 4430 se
4390 4361 4782 4430 vehementius

2894 4444 3236 4514 iracundia
3292 4449 3690 4514 commoveri
3744 4449 4040 4527 sentiret,
4099 4458 4170 4515 ct
4210 4450 4279 4514 in
4324 4451 4656 4534 graviores
4688 4448 4779 4510 ins

2896 4532 3211 4598 adversus
3230 4531 3550 4598 Nabalem
3585 4555 3999 4618 consurgere,
4047 4535 4263 4600 Deum
4300 4536 4561 4621 precari
4596 4531 4783 4608 debuit,

2895 4628 2970 4683 ut
3041 4618 3246 4685 animi
3313 4629 3531 4685 motus
3602 4619 3752 4685 illos
3805 4633 4275 4704 compesceret,
4335 4631 4410 4686 et
4467 4629 4783 4704 surgentoen

2894 4704 3113 4788 ignem
3173 4705 3641 4791 exstingueret.
3732 4704 3848 4771 Sic
3892 4704 4018 4771 Dei
4077 4727 4314 4772 nomen
4379 4701 4780 4775 invocandum.

2897 4789 3030 4857 Sed
3091 4809 3224 4855 non
3281 4812 3361 4856 ea
3401 4791 3657 4857 ratione
3700 4790 3921 4857 David
3966 4791 4132 4857 illud
4177 4792 4469 4870 invocat,
4512 4793 4617 4876 qui
4651 4799 4777 4855 tems

2896 4877 2995 4940 ira
3051 4885 3459 4957 exaestuans,
3521 4877 3733 4962 ipsum
3797 4877 4008 4960 potius
4053 4878 4314 4943 videtur
4360 4899 4521 4946 suae
4562 4873 4778 4944 erudeli·

2897 4963 3053 5028 tatis
3095 4963 3344 5028 socium
3390 4964 3600 5029 facere
3644 4963 3832 5030 velle.
3920 4963 4095 5029 Nam
4136 4964 4193 5029 si
4237 4964 4472 5048 pravis
4507 4959 4777 5030 affeofibus

2898 5048 3164 5132 impulsi
3220 5048 3347 5115 Dei
3391 5070 3624 5115 nomen
3671 5050 4069 5130 invocamus,
4128 5059 4194 5115 et
4238 5049 4431 5116 illum
4478 5049 4777 5117 adiutorem

2899 5132 3321 5213 advocamus,
3384 5155 3602 5200 nonne
3662 5147 4075 5200 sacrosancta
4130 5136 4343 5218 ipsius
4407 5138 4689 5202 maiestas
4725 5149 4779 5192 a

2899 5220 3154 5285 ratione
3212 5219 3544 5304 polluitur,
3601 5228 3667 5287 et
3725 5222 3792 5286 in
3851 5223 4270 5306 opprobrium
4333 5220 4562 5289 venit?
4649 5210 4774 5300 Quid

4898 5185 4901 5266 l
