5059 6059
804 338 931 403 219

807 524 1240 611 confugerint,
1284 527 1419 590 fore
1464 525 1779 591 nimirum
1822 534 1898 591 ut
1938 545 2136 612 super
2178 526 2492 594 dracones
2526 535 2596 590 et
2637 546 2743 590 ra·

809 614 1178 681 bidissimas
1222 631 1513 695 quasque
1556 613 1727 677 feras
1784 612 2106 693 incedant,
2166 621 2231 677 et
2287 611 2563 696 pedibus
2609 612 2746 676 suis

806 699 1069 767 easdem
1137 697 1535 763 conculcent.
1648 698 1996 764 Caeterum
2065 698 2547 764 observandum
2615 718 2745 762 non

809 796 1064 852 tantum
1111 802 1150 846 a
1191 784 1351 848 feris
1394 782 1525 849 illis
1570 790 1638 848 et
1679 784 2074 851 immanibus
2122 783 2354 849 belluis
2400 784 2747 849 imminere

808 870 998 937 nobis
1041 869 1360 951 pericula:
1428 869 1542 936 sed
1602 870 1682 935 ab
1726 870 1888 951 ipsis
1930 869 2324 948 hominibus,
2381 871 2493 954 qui
2554 888 2747 952 saepe

805 959 876 1024 in
933 963 1241 1021 naturam
1301 955 1587 1020 ferarum
1648 953 2067 1039 degenerant,
2115 970 2188 1022 ut
2229 957 2347 1021 fiat
2388 957 2582 1021 bomo
2630 955 2745 1019 ho·

806 1043 970 1108 mini
1014 1042 1231 1124 lupus,
1270 1060 1310 1105 a
1344 1040 1580 1123 quibus
1615 1042 1826 1108 maius
1862 1042 2219 1124 periculum
2254 1044 2335 1109 ab
2375 1038 2748 1108 hominibus

806 1149 1000 1214 quam
1064 1126 1145 1192 ab
1206 1127 1364 1210 ipsis
1418 1128 1573 1193 feris
1632 1127 1993 1195 immineat.
2089 1128 2191 1195 Ac
2248 1148 2408 1195 sane
2465 1123 2748 1209 improbi

808 1214 1107 1281 homines
1145 1212 1318 1293 ipsos
1351 1212 1573 1279 leones
1607 1222 1674 1279 et
1714 1235 1899 1280 ursos
1933 1215 2338 1280 immanitate
2374 1224 2440 1279 et
2473 1211 2748 1278 saevitia

806 1304 1002 1385 longe
1046 1307 1391 1380 superant:
1436 1320 1512 1365 ac
1556 1299 1824 1382 proinde
1868 1299 1997 1365 nisi
2030 1300 2215 1366 Deus
2257 1298 2634 1384 prohiberet
2679 1306 2747 1362 et

808 1388 1098 1453 furorem
1134 1394 1569 1466 compesceret
1612 1384 1990 1450 viderentur
2032 1387 2193 1452 satis
2230 1386 2471 1451 virium
2507 1383 2590 1449 ad
2628 1403 2746 1449 nos

806 1470 1152 1540 laniandos
1198 1469 1453 1547 babere,
1498 1481 1563 1535 et
1606 1469 1689 1535 ad
1734 1491 1805 1535 se
1850 1481 2072 1536 nostro
2115 1472 2436 1555 sanguine
2481 1471 2746 1553 explen-

812 1559 946 1625 dos.
1036 1553 1211 1637 Quid
1271 1576 1428 1638 ergo
1487 1555 1762 1640 impedit
1804 1559 2154 1640 quominus
2198 1556 2280 1623 ab
2323 1557 2636 1640 improbis
2679 1562 2748 1620 et

810 1641 1182 1712 crudelibus
1239 1640 1609 1707 hominibus
1669 1664 1800 1707 non
1859 1642 2159 1725 pluribus
2218 1642 2586 1710 afficiamur
2643 1643 2744 1705 in-

810 1727 1167 1798 commodis
1211 1733 1280 1790 et
1322 1725 1622 1793 damnis?
1689 1727 1830 1792 Nae
1877 1728 2089 1793 Deum
2133 1729 2352 1813 ipsum
2396 1749 2513 1812 pro
2558 1727 2747 1793 nobis

808 1835 1107 1902 pugnare
1151 1821 1403 1879 certum
1448 1823 1579 1878 est:
1623 1813 1797 1897 quod
1842 1815 1965 1879 etsi
2005 1816 2328 1897 corporeis
2362 1814 2568 1882 oculis
2611 1832 2744 1878 non

804 1906 1162 1978 intuemur,
1209 1909 1431 1964 tamen
1477 1919 1564 1963 ex
1608 1900 1858 1966 effectis
1902 1899 1982 1965 de
2024 1901 2232 1984 ipsius
2275 1921 2435 1985 erga
2477 1920 2599 1964 nos
2642 1900 2749 1964 bo-

808 1990 1017 2055 nitate
1075 1983 1367 2050 iudicare
1428 1984 1768 2064 debemus,
1832 2007 1998 2069 quae
2058 1987 2186 2052 nisi
2245 2008 2360 2053 nos
2424 1993 2749 2051 tutaretur

806 2072 1117 2160 quotidie,
1163 2069 1446 2154 singulis
1492 2072 1837 2137 momentis
1870 2073 1941 2136 in
1978 2071 2156 2137 mille
2193 2073 2424 2137 mortis
2460 2070 2751 2155 pericula

809 2161 1315 2226 incurreremus.
1385 2159 1603 2239 Atque
1646 2156 1962 2223 hactenus
2007 2158 2086 2224 de
2109 2157 2387 2224 Davidis
2431 2157 2602 2224 facto
2636 2157 2751 2221 illo

810 2245 1079 2330 insigni,
1140 2241 1313 2326 quod
1371 2262 1407 2307 e
1467 2241 1762 2309 faucibus
1816 2242 2044 2320 leonis,
2105 2254 2173 2308 et
2234 2243 2560 2328 unguibus
2617 2242 2750 2308 ursi

809 2331 1121 2417 praedam
1169 2349 1300 2394 non
1347 2336 1606 2393 tantum
1651 2329 1910 2412 eripuit,
1954 2328 2068 2395 sed
2099 2330 2269 2395 feras
2312 2330 2752 2413 apprehensas

813 2417 1157 2491 interfecit,
1216 2413 1600 2479 fortitudine
1665 2435 1822 2479 sane
1866 2435 2133 2499 prorsus
2179 2414 2403 2481 divina
2451 2436 2582 2480 non
2626 2414 2752 2480 hu-

812 2525 1031 2581 mana,
1076 2501 1322 2566 dictum
1368 2508 1527 2577 esto,
1573 2511 1981 2567 transeamus
2016 2502 2099 2566 ad
2135 2500 2330 2566 aliam
2367 2500 2750 2580 doctrinam,

818 2600 886 2658 et
931 2590 1037 2654 hic
1080 2584 1492 2652 attendamus
1537 2585 2032 2652 similitudinem
2098 2587 2270 2653 inter
2312 2585 2639 2653 Davidem
2685 2595 2754 2651 et

815 2674 1178 2740 Dominum
1216 2681 1515 2736 nostrum
1538 2671 1758 2736 Iesum
1793 2671 2152 2739 Christum.
2222 2671 2399 2739 Sane
2444 2673 2752 2739 docemur

815 2761 1025 2827 filium
1049 2758 1177 2824 Dei
1213 2778 1356 2823 sese
1393 2765 1721 2840 pastorem
1757 2766 2049 2824 nostrum
2090 2758 2321 2838 dicere,
2363 2777 2439 2824 ac
2482 2758 2753 2841 proinde

816 2867 940 2913 nos
984 2846 1235 2911 hortari
1283 2853 1356 2907 ut
1399 2842 1921 2926 quandoquidem
1967 2853 2227 2911 nostrae
2263 2844 2492 2911 salutis
2526 2865 2753 2910 curam

815 2933 989 3019 gerit
1051 2930 1230 2996 omni
1296 2937 1474 2993 metu
1539 2928 1909 2996 liberemur.
2022 2929 2199 3011 Quid
2263 2929 2397 2995 ita?
2503 2930 2755 3014 Nempe

818 3018 1127 3104 quoniam
1182 3031 1373 3098 pater
1436 3035 1554 3080 nos
1612 3015 1819 3097 ipsius
1883 3015 2126 3082 tutelae
2183 3015 2525 3094 commisit,
2571 3016 2757 3082 cuius

816 3102 1131 3172 fortitudo
1187 3101 1381 3183 longe
1441 3102 1738 3166 omnium
1798 3122 2018 3167 rerum
2084 3113 2448 3168 creatarum
2505 3100 2759 3168 viribus

817 3193 1026 3257 maior
1090 3195 1207 3255 est.
1297 3186 1443 3254 Hoc
1511 3206 1668 3271 ergo
1735 3185 2162 3254 fundamento
2229 3188 2468 3255 fiducia
2534 3196 2759 3254 nostra

818 3278 1086 3353 nititur,
1152 3274 1293 3341 fore
1363 3282 1435 3337 ut
1492 3272 2018 3356 quandoquidem
2080 3274 2151 3338 in
2212 3273 2484 3340 Domini
2550 3276 2758 3340 nostri

816 3364 970 3430 Iesu
1015 3360 1266 3427 Christi
1333 3357 1604 3425 tutelam
1660 3369 1726 3424 et
1778 3358 2171 3442 praesidium
2216 3380 2256 3423 a
2298 3370 2485 3444 patre
2529 3381 2760 3426 sumus

817 3447 1063 3527 traditi,
1130 3447 1407 3530 pastoris
1470 3445 1758 3510 officium
1822 3444 2049 3524 faciat,
2119 3466 2363 3530 nosque
2428 3446 2498 3511 in
2565 3467 2758 3511 suum

815 3555 1086 3619 gregem
1166 3540 1459 3614 receptos
1534 3528 1615 3594 ab
1680 3531 1858 3596 omni
1923 3531 2094 3597 malo
2161 3542 2440 3597 tueatur.
2550 3532 2760 3597 Porro

822 3639 955 3685 non
1004 3617 1269 3684 dubium
1307 3627 1407 3682 est
1441 3615 1598 3699 quin
1636 3636 1864 3682 omnes
1900 3630 2156 3685 nostros
2189 3618 2412 3683 hostes
2435 3617 2756 3702 profliget,

823 3701 1349 3790 quandoquidem
1408 3724 1448 3767 a
1504 3709 1687 3785 patre
1745 3711 2131 3785 potestatem
2191 3713 2256 3769 et
2308 3703 2756 3769 fortitudinem

821 3791 1002 3860 illam
1062 3788 1327 3871 accepit,
1384 3809 1549 3871 quae
1609 3787 1688 3853 de
1746 3788 2025 3855 victoria
2081 3788 2380 3855 dubitare
2439 3810 2562 3854 nos
2625 3810 2757 3854 non

822 3877 1017 3956 sinat,
1062 3887 1126 3940 et.
1169 3894 1427 3939 omnem
1474 3883 1721 3940 metum
1766 3875 2012 3941 adimat
2057 3895 2264 3941 noxae
2306 3873 2387 3943 ab
2423 3875 2574 3941 ullis
2610 3875 2757 3941 hos-

826 3961 1021 4043 tibus,
1074 3959 1596 4043 quandoquidem
1641 3959 1786 4024 Deo
1845 3982 1966 4028 nos
2027 3962 2094 4027 in
2153 3981 2342 4027 suam
2387 3960 2758 4027 clientelam

826 4047 1115 4131 recipere
1193 4045 1408 4111 visum
1473 4055 1587 4111 est.
1699 4045 1844 4111 Hoc
1909 4048 1980 4112 in
2045 4046 2303 4113 Davide
2381 4048 2758 4130 figuratum,

824 4154 1028 4217 quum
1074 4152 1188 4216 gre
1236 4152 1307 4195 cs
1349 4150 1502 4195 suos
1544 4130 1909 4212 custodivit,
1969 4143 2034 4198 et
2077 4155 2116 4198 a
2160 4132 2419 4199 leonum
2466 4143 2532 4198 et
2575 4151 2759 4198 urso·

824 4241 974 4285 rum
1019 4217 1192 4284 fauci
1243 4237 1317 4281 us
1361 4214 1665 4293 defendit,
1715 4226 1786 4282 ut
1829 4218 1980 4285 licet
2024 4218 2278 4285 iuvenis
2321 4227 2388 4285 et
2421 4219 2761 4303 pecuarius

825 4329 868 4373 a
926 4305 1209 4371 Domino
1279 4314 1499 4366 tamen
1569 4302 1937 4369 admirabili
2007 4306 2248 4370 virtute
2313 4304 2595 4370 donatus
2653 4306 2756 4371 sit.

828 4390 1003 4474 Quid
1059 4409 1218 4474 ergo
1277 4386 1463 4452 nobis
1521 4388 1918 4469 sperandum
1974 4401 2093 4469 est,
2139 4412 2341 4474 quum
2402 4389 2484 4454 ad
2545 4389 2759 4472 ipsum

827 4476 955 4543 Dei
981 4475 1263 4542 viventis
1286 4474 1496 4539 filium
1521 4473 1883 4539 Dominum
1921 4488 2213 4542 nostrum
2250 4474 2758 4542 accesserimus?

825 4564 1054 4646 Neque
1098 4562 1272 4626 enim
1321 4571 1579 4624 tantum
1623 4558 1888 4644 Davidi,
1932 4563 2044 4645 qui
2091 4563 2229 4629 eius
2273 4564 2488 4645 figura
2529 4562 2654 4626 fuit
2697 4571 2762 4627 et

825 4650 1062 4733 imago,
1108 4646 1341 4713 similis
1385 4659 1517 4711 est:
1561 4645 1675 4711 sed
1719 4667 1978 4712 omnem
2024 4649 2334 4714 virtutem
2377 4660 2443 4714 et
2486 4647 2759 4729 gloriam

827 4737 1036 4821 patris
1098 4733 1292 4798 babet
1346 4734 1416 4796 in
1474 4755 1561 4808 se,
1630 4753 1823 4814 quarn
1892 4734 2022 4797 iam
2090 4743 2242 4799 ante
2307 4733 2535 4798 mundi
2591 4734 2763 4799 iacta

827 4821 1253 4887 fundamenta
1310 4817 1697 4900 possidebat.
1786 4818 2333 4901 Quandoquidem
2391 4821 2593 4902 igitur
2650 4819 2762 4884 ille

827 4929 897 4972 se
941 4917 1265 4990 pastorem
1312 4918 1606 4969 nostrum
1654 4904 1826 4986 dicit,
1875 4925 2119 4988 nosque
2153 4908 2220 4969 in
2267 4924 2453 4970 suam
2492 4903 2763 4970 tutelam

830 5003 896 5058 et
940 4991 1333 5074 praesidium
1380 4990 1628 5072 recipit,
1689 5011 1772 5054 ne
1832 5002 2199 5057 metuamus
2242 4990 2402 5073 quin
2448 4991 2589 5054 eius
2631 4990 2761 5055 for·

831 5078 1042 5143 titudo
1101 5088 1168 5142 et
1226 5076 1512 5158 potentia
1569 5075 1656 5139 sit
1699 5075 1894 5161 longe
1937 5078 2231 5160 superior
2275 5077 2431 5159 ipsis
2476 5074 2762 5140 diabolo·

831 5184 981 5228 rum
1040 5163 1303 5245 viribus,
1362 5184 1559 5244 quum
1623 5160 1938 5228 adversus
1987 5183 2106 5228 nos
2149 5162 2649 5235 insurrexerint.
2696 5171 2762 5226 et

829 5251 1019 5316 varia
1062 5249 1333 5315 consilia
1377 5249 1720 5332 agitarint:
1781 5261 1846 5314 et
1890 5249 2047 5332 quin
2093 5270 2212 5315 nos
2257 5248 2576 5314 adversus
2621 5267 2758 5312 om-

2440 334 2853 404 HOMILIA
2896 334 3160 403 LXIII.

4624 339 4717 407 220

2848 545 2966 591 nes
3005 524 3303 589 inimicos
3345 529 3665 606 protegat,
3718 544 3921 606 quum
3965 523 4214 589 rabiem
4256 544 4438 589 suam
4479 531 4541 589 et
4579 527 4716 592 virus

2848 610 3294 688 evomuerint,
3356 616 3423 674 et
3480 608 3622 673 dira
3680 629 3976 692 quaeque
4055 617 4124 674 et
4203 609 4523 675 horrenda
4581 611 4722 679 nobis

2848 696 3311 762 minabuntur:
3358 693 3880 777 quandoquidem
3915 693 4039 760 hoc
4071 697 4420 779 privilegio
4443 695 4724 778 donamur,

2849 792 2926 847 ut
2966 783 3035 847 in
3083 781 3257 847 unici
3302 780 3416 845 filii
3460 778 3590 844 Dei
3650 780 3969 863 praesidio
4029 782 4254 860 simus,
4315 794 4379 846 ot
4436 782 4568 865 ipse
4612 803 4727 865 pro-

2849 869 3030 933 misit
3073 889 3142 933 se
3185 886 3305 932 nos
3348 867 3417 931 in
3462 866 3663 930 finem
3708 887 3912 949 usque
3957 879 4513 945 conservaturum,
4545 877 4603 932 et
4628 889 4729 934 cm·

2850 954 3044 1020 nibus
3087 963 3344 1035 ereptos
3386 951 3709 1035 periculis,
3767 974 3881 1035 per
3936 952 4132 1018 huius
4197 953 4426 1019 mundi
4470 954 4652 1019 maria
4681 963 4731 1020 et

2850 1041 3086 1106 fluctus
3138 1037 3413 1104 feliciter
3467 1036 3549 1102 ad
3604 1048 3865 1121 portum
3921 1037 4377 1117 deducturum,
4444 1038 4627 1106 donec
4668 1039 4730 1105 ad

2850 1136 3149 1277 fptatum
3193 1133 3499 1190 aeternae
3542 1123 3776 1206 quietis
3813 1134 3879 1189 et
3922 1124 4249 1192 felicitatis
4286 1133 4544 1209 portum
4574 1146 4733 1210 appu-

2875 1232 3138 1278 erimus.

3019 1298 3165 1364 Iam
3211 1315 3367 1364 vero
3415 1295 3592 1381 agite
3634 1298 3738 1361 etc.

3382 1638 3885 1722 HOMILIA
3930 1638 4239 1722 LXIII.

3018 1811 3122 1877 38.
3170 1809 3258 1876 Et
3322 1808 3533 1875 induit
3595 1808 3753 1875 Saul
3814 1808 4029 1876 David
4085 1811 4466 1876 vestimentis
4512 1810 4654 1893 suiS,
4700 1819 4741 1876 ά

2847 1898 3145 1981 imposuit
3182 1898 3431 1981 yaleam
3472 1915 3721 1961 aeream
3762 1916 3952 1976 super
3991 1902 4177 1979 caput
4229 1899 4391 1975 eius,
4450 1902 4508 1962 et
4545 1898 4739 1962 vest-‘vit

2848 2005 2992 2051 eum
3048 1984 3261 2049 lorica.
3350 1981 3453 2046 39.
3512 1982 3846 2047 Accinctus
3903 2001 4044 2065 erqo
4105 1981 4323 2049 David
4377 1982 4591 2067 ‚eladio
4639 1983 4743 2048 eius

2848 2090 3045 2156 super
3086 2073 3310 2134 vestem
3350 2087 3556 2146 suam,
3613 2069 3806 2147 coepit
3848 2071 4082 2133 tentare
4130 2069 4193 2133 si
4239 2074 4537 2135 armatus
4576 2073 4748 2150 posset

2852 2157 3146 2234 incedere,
3211 2174 3333 2219 non
3396 2153 3563 2217 enim
3625 2152 3881 2219 habebat
3934 2155 4464 2236 consuetudinem,
4519 2154 4748 2236 dicitque

2853 2240 3077 2307 David
3118 2242 3204 2306 ad
3249 2238 3440 2305 Saul.-
3485 2238 3635 2304 Non
3668 2258 3931 2321 possum
3970 2241 4064 2305 sic
4106 2241 4407 2318 incedere,
4471 2241 4619 2322 quia
4652 2259 4747 2304 non

2853 2347 3039 2394 usum
3058 2325 3265 2407 habeo,
3300 2330 3356 2391 et
3387 2325 3668 2408 deposuit
3689 2345 3780 2389 ea.
3844 2324 3949 2391 40.
3988 2325 4078 2391 Et
4097 2326 4240 2391 tulit
4275 2326 4752 2408 baculumsum,

2858 2434 3036 2495 quem
3076 2432 3316 2495 semper
3357 2411 3612 2476 habebat
3652 2411 3725 2475 in
3766 2410 4073 2489 manibus,
4127 2417 4184 2477 et
4224 2412 4407 2496 eleqit
4448 2412 4575 2476 sibi
4612 2412 4753 2493 quin-

2856 2521 2973 2583 que
3015 2498 3493 2580 limpidissimos
3537 2497 3780 2578 lapides
3821 2497 3897 2563 de
3938 2502 4222 2577 torrente,
4269 2504 4331 2563 et
4374 2499 4553 2564 misit
4588 2516 4674 2563 eos
4705 2497 4755 2561 in

2843 2606 3070 2668 peram
3112 2584 3497 2667 pastoralem
3552 2602 3742 2664 quam
3797 2581 4049 2647 habebat
4101 2603 4312 2649 seeum
4329 2633 4347 2664 ,
4416 2589 4476 2650 et
4534 2583 4755 2664 funden

2854 2693 3049 2737 manu
3068 2671 3246 2736 tulit:
3279 2674 3334 2735 et
3354 2669 3658 2750 processit
3679 2668 4010 2734 adversum
4032 2667 4482 2735 Phili-stacam.
4524 2671 4623 2735 41.
4644 2667 4756 2733 stat

2856 2763 3065 2823 autem
3085 2756 3475 2822 Philistaeus
3501 2755 3793 2820 incedens
3836 2758 3894 2818 et
3935 2756 4465 2838 appropinquans
4504 2756 4755 2820 adversus

2856 2843 3100 2928 David,
3145 2847 3200 2907 et
3258 2842 3533 2924 armiyer
3574 2841 3710 2905 eius
3754 2844 3894 2905 ante
3936 2861 4090 2905 eum
4180 2840 4286 2906 42.
4338 2842 4654 2923 Quumque
4687 2840 4757 2904 in-

2856 2930 3160 3009 spexisset
3192 2926 3602 3005 Phili-scaeua
3647 2930 3706 2990 et
3737 2926 3993 2992 vidisset
4025 2924 4264 3003 David.
4311 2927 4602 3009 despexit
4634 2944 4755 2992 aaa.

2862 3015 3029 3081 Erat
3088 3019 3295 3080 autem
3359 3012 3711 3077 adolescens
3764 3011 3988 3095 rufus,
4054 3016 4116 3077 et
4158 3012 4432 3093 pulcher
4496 3013 4753 3095 adspm.

2860 3101 2962 3167 43.
3022 3100 3109 3165 Et
3163 3099 3330 3165 dixit
3384 3097 3777 3165 Philistaeus
3832 3098 3918 3163 ad
3969 3097 4223 3164 David.-
4292 3099 4626 3182 Numquid
4674 3115 4757 3178 φο

2860 3187 3036 3252 canis
3078 3205 3239 3264 sum,
3298 3185 3461 3265 quod
3517 3189 3584 3248 tu
3638 3184 3815 3249 venis
3868 3185 3954 3249 ad
4010 3204 4106 3249 me
4163 3204 4306 3250 cum
4349 3184 4625 3251 baculo?
4692 3181 4757 3246 B

2860 3271 3188 3338 maledioeit
3229 3269 3616 3336 Philistaeus
3648 3268 3866 3335 David
3900 3271 3968 3334 in
4003 3270 4134 3335 diis
4175 3272 4339 3337 suis.
4434 3271 4542 3336 44.
4584 3269 4756 3335 Dixit·

2860 3379 2975 3440 que
3017 3357 3102 3422 ad
3145 3355 3396 3422 David.-
3469 3355 3623 3421 Veni
3666 3356 3750 3421 ad
3795 3375 3905 3435 me,
3952 3362 4010 3422 et
4049 3355 4209 3421 dabo
4249 3377 4483 3422 carnes
4523 3363 4758 3422 wasce-

2862 3444 3146 3511 latilibus
3187 3442 3336 3508 coeli
3376 3445 3431 3507 et
3472 3440 3684 3507 bestiis
3722 3447 3944 3507 terrae.
4019 3441 4122 3508 45.
4169 3441 4369 3508 Dixit
4414 3448 4618 3510 autem
4652 3440 4758 3508 Da-

2859 3531 2969 3596 vid
3011 3530 3098 3595 ad
3141 3527 3591 3593 Philistaeum:
3660 3527 3760 3591 Tu
3814 3528 3989 3592 venis
4031 3529 4118 3593 ad
4159 3549 4258 3594 me
4300 3550 4451 3596 cum
4490 3528 4684 3613 qladio
4715 3530 4757 3589 et

2857 3615 3043 3682 hasta
3098 3620 3156 3679 et
3205 3613 3439 3696 clypeo.-
3513 3632 3620 3698 eqo
3679 3618 3883 3678 autem
3940 3615 4118 3680 venio
4172 3616 4258 3680 ad
4319 3621 4377 3681 te
4435 3617 4510 3680 in
4561 3614 4755 3680 mae

2859 3701 3125 3852 Βοῖιξηί
3166 3701 3563 3780 exercituum,
3607 3698 3737 3765 Dei
3778 3700 4099 3784 ayminum
4144 3700 4383 3785 Israel,
4429 3702 4646 3784 quibus
4678 3719 4757 3764 ex·

2851 3809 2973 3871 pro
3050 3787 3196 3854 asti.

3030 3957 3364 4024 Hesterna
3426 3957 3735 4023 concione
3790 3958 4122 4042 coepimus
4181 3957 4418 4026 docere
4485 3955 4755 4043 quomodo

2862 4043 3084 4111 David
3130 4044 3298 4109 nihil
3341 4065 3548 4127 neque
3591 4041 3734 4124 sibi,
3780 4065 3990 4127 neque
4033 4044 4172 4111 suis
4214 4046 4477 4113 viribus
4520 4055 4627 4111 aut
4663 4043 4759 4108 vir·

2864 4130 2993 4196 tuti
3036 4128 3351 4210 tribuens,
3407 4131 3479 4194 in
3523 4130 3716 4195 unius
3760 4129 3892 4194 Dei
3937 4130 4227 4196 bonitate
4283 4131 4670 4215 conquievit,
4710 4131 4758 4189 et

2862 4217 3069 4300 ipsius
3132 4215 3461 4300 praesidio
3526 4225 3708 4282 tutus
3765 4217 3914 4281 fuit.
4003 4217 4094 4282 Et
4155 4217 4248 4282 ita
4306 4239 4432 4283 nos
4493 4216 4665 4283 docet
4697 4211 4757 4277 D.

2860 4303 3114 4369 Paulus
3171 4323 3292 4367 suo
3352 4303 3650 4385 exemplo
3699 4302 4025 4368 confidere
4071 4323 4198 4367 non
4246 4304 4495 4369 nostris
4538 4300 4756 4372 viribus.

2863 4390 2978 4457 sed
3021 4389 3159 4454 eius
3202 4388 3533 4469 potentiae
3578 4387 3691 4470 qui
3746 4389 3967 4453 omnia
4010 4398 4257 4472 potest:
4317 4390 4515 4466 Nam,
4570 4384 4757 4470 inquit,

2862 4475 3074 4543 omnia
3123 4473 3297 4539 valeo
3339 4495 3463 4556 per
3527 4472 3844 4540 Christum
3894 4476 4006 4558 qui
4061 4496 4157 4541 me
4218 4476 4596 4541 corroborat.
4676 4471 4756 4535 lu

2862 4560 3086 4627 David
3130 4581 3351 4625 rerum
3396 4562 3899 4643 praeteritarum
3955 4562 4366 4645 experientia
4423 4560 4642 4627 doctus
4675 4576 4756 4639 po·

2864 4656 3036 4712 terat
3077 4646 3202 4712 sibi
3247 4645 3541 4711 divinum
3587 4646 3904 4711 auxilium
3948 4658 4127 4713 certo
4170 4647 4467 4730 polliceri
4512 4660 4753 4727 tempore

2864 4741 3226 4816 opportuno
3291 4730 3706 4796 adfuturum:
3787 4753 3941 4797 nam
4008 4732 4536 4816 quandoquidem
4598 4745 4753 4810 expo·

2862 4819 3101 4884 rientia
3157 4816 3512 4882 multorum
3577 4817 3827 4883 dierum
3889 4817 4413 4884 benevolentiam
4463 4817 4582 4883 Dei
4632 4829 4751 4895 erg*

2863 4925 2933 4970 se
2994 4905 3205 4969 fuerat
3259 4911 3586 4987 expertus,
3646 4904 3920 4969 eandem
3981 4925 4111 4969 non
4159 4905 4275 4971 abs
4318 4926 4391 4970 re
4436 4905 4505 4970 in
4548 4923 4615 4967 re
4650 4913 4749 4962 tam

2863 5000 3089 5057 sancta
3132 4990 3451 5071 sperabat.
3542 4991 3762 5072 Atque
3807 4989 4032 5072 procul
4092 4990 4288 5057 dnbio
4337 5008 4591 5057 summa
4628 4985 4750 5050 haee

2863 5088 2961 5142 est
3010 5091 3233 5140 nostra
3275 5075 3611 5158 sapientia,
3651 5096 3852 5158 quum
3888 5076 3959 5140 in
3996 5079 4292 5157 angustis
4327 5085 4395 5142 et
4430 5072 4750 5166 difficilibus

2862 5162 3076 5241 rebus,
3113 5175 3176 5225 et
3222 5164 3461 5227 nostris
3497 5161 3971 5242 afflictionibus,
4005 5161 4134 5228 Dei
4172 5163 4455 5246 pristina
4488 5158 4749 5228 benefic·

2864 5269 3208 5332 possumus
3278 5249 3348 5314 in
3416 5247 3795 5315 memoriam
3864 5268 4186 5316 revocare.
4290 5249 4483 5329 Nam,
4539 5259 4745 5330 quaem.
