5059 6059
309 340 425 407 249

1580 336 1680 402 IN
1722 336 1774 403 Ι.
1821 335 2002 403 LIB.
2048 333 2449 402 SAMUEI..
2495 335 2695 400 OAP.
2742 334 2970 400 XVII.

4132 332 4271 400 250

311 528 426 594 Dei
482 524 746 590 consilio
805 524 1049 588 factum
1106 531 1184 589 ut
1242 546 1317 589 eo
1377 536 1771 609 portaretur.
1865 524 2012 591 Nisi
2058 526 2225 589 forte
2329 523 2754 589 nihilominus
2817 544 3010 588 snum
3077 544 3241 606 opus
3297 521 3602 607 perfecit,
3667 521 4123 605 Davidemque
4166 523 4262 588 sic

385 635 417 677 r
469 610 990 692 anticipationem
1055 610 1175 676 hoc
1235 609 1481 676 dictum
1530 612 1823 685 velimus,
1891 623 1966 675 ut
2008 610 2224 692 aliquo

307 633 436 763 ἔξω
489 698 575 761 sit
618 695 914 762 Goliathi
970 706 1168 778 caput
1211 697 1513 778 positum,
1570 696 1745 762 unde
1794 698 1881 762 sit
1923 695 2226 778 deinceps

305 781 821 864 Hierosolymam
882 778 1194 846 delatum.
1240 779 1368 848 Sed
1402 802 1569 864 quae
1613 782 1694 845 de
1738 781 1956 867 gladio
2000 784 2223 848 dicun-

307 878 424 942 tur,
459 869 720 932 interae
754 867 1068 931 videntur
1104 888 1236 932 non
1278 869 1646 946 convenire,
1683 868 1965 951 positum
1993 888 2226 950 nempe

303 955 369 1019 in
409 954 609 1035 ipsius
655 952 1093 1036 tabernaculo,
1152 972 1341 1036 quem
1404 954 1702 1036 deinceps
1752 953 2113 1019 videbimus
2158 954 2222 1016 in

304 1039 666 1105 sanctuario
689 1039 1073 1120 repositum,
1118 1059 1320 1122 prope
1355 1059 1539 1104 sacra
1574 1041 1961 1105 vestimenta
1990 1038 2225 1121 quibus

302 1144 585 1190 summus
696 1125 944 1187 ontifex
1007 1122 1150 1189 Deo
1212 1125 1511 1190 victimas
1576 1124 1914 1190 oblaturus
1978 1124 2227 1190 solebat

299 1210 540 1276 vestiri.
700 1231 736 1273 e
781 1209 1078 1275 Goliathi
1120 1213 1331 1293 capite
1375 1211 1716 1276 virisimile
1766 1221 1866 1276 est
1908 1232 1949 1276 a
1973 1210 2225 1276 Davide

297 1294 490 1360 fuisse
548 1305 902 1377 portatum,
964 1315 1094 1360 non
1158 1306 1410 1360 tantum
1470 1306 1545 1361 ut
1597 1300 1709 1379 qui
1752 1299 1819 1361 in
1868 1300 2077 1380 patria
2119 1316 2225 1360 re·

296 1391 671 1445 manserant
714 1381 794 1445 ad
855 1379 1099 1445 bellum
1162 1403 1291 1446 non
1337 1382 1605 1463 profecti
1645 1384 2221 1447 confirmarentur:

295 1466 401 1532 sed
449 1477 520 1529 ut
560 1464 808 1549 singuli
857 1466 939 1529 ad
983 1468 1118 1531 Deo
1162 1467 1405 1549 gratias
1451 1468 1739 1549 agendas
1781 1473 2225 1533 excitarentur

295 1549 371 1616 de
411 1562 592 1615 tanto
640 1563 901 1633 accepto
947 1553 1275 1631 beneficio,
1320 1568 1453 1617 tam
1489 1565 1680 1636 turpe
1701 1565 1900 1637 caput
1935 1552 2225 1637 gigantis

292 1639 640 1714 intuentes,
688 1639 799 1719 qui
842 1657 1038 1719 quam
1084 1639 1387 1703 immanis
1431 1649 1500 1703 et
1534 1640 1771 1704 efferus
1806 1641 1999 1704 fuerit
2035 1640 2226 1705 vivus

290 1723 392 1788 vel
436 1742 519 1786 ex
567 1724 709 1805 ipso
755 1724 969 1806 capite
1013 1735 1349 1807 amputato
1382 1734 1713 1807 appareat,
1758 1725 1924 1807 quod
1964 1727 2224 1790 intuen-

287 1808 457 1873 tibus
501 1806 841 1873 horrorem
887 1807 1102 1874 adhuc
1145 1811 1487 1876 incuteret.
1575 1811 1787 1875 'Panto
1838 1812 2044 1894 igitur
2088 1831 2224 1875 ma-

286 1893 387 1978 gis
429 1893 745 1976 populum
790 1894 870 1958 ad
917 1896 1162 1978 gratias
1202 1894 1347 1960 Deo
1391 1894 1677 1979 agendas
1719 1898 2057 1980 oportebat
2113 1916 2224 1960 ex·

289 1980 493 2057 citari,
537 2000 669 2062 quo
712 1979 835 2044 fuit
876 1980 1018 2045 eius
1057 1979 1438 2047 beneficium
1474 1981 1817 2056 illustrius,
1864 1981 2061 2048 nullis
2099 1980 2226 2046 hu·

288 2065 497 2130 manis
557 2065 811 2130 viribus
867 2081 1259 2147 promotum,
1325 2065 1439 2131 sed
1494 2068 1636 2133 sola
1688 2068 1894 2149 ipsius
1961 2069 2225 2133 virtute.

285 2148 387 2215 De
441 2150 670 2233 gladio
728 2171 887 2217 vero
941 2171 1133 2232 quem
1191 2151 1296 2217 hic
1353 2152 1648 2237 posuisse
1690 2155 1759 2218 in
1805 2151 2227 2219 tabernaculo

287 2255 406 2301 suo
472 2234 737 2315 dicitur,
802 2249 869 2300 et
932 2238 1084 2302 alibi
1144 2239 1212 2302 in
1272 2242 1662 2317 sanctuario,
1729 2239 2085 2306 verisimile
2127 2247 2227 2303 est

287 2318 560 2386 Saulem
631 2322 942 2387 adhibitis
987 2325 1052 2387 in
1133 2324 1472 2388 consilium
1553 2324 1823 2391 ducibus
1895 2326 2225 2390 censuisse

281 2402 426 2471 Deo
469 2427 621 2472 esse
666 2405 1014 2473 dicandum
1062 2419 1128 2473 et
1169 2409 1700 2475 consecrandum.
1789 2411 1882 2476 Et.
1933 2412 2056 2476 fuit
2112 2409 2226 2474 ille

280 2511 423 2556 mos
468 2493 806 2576 antiquus,
866 2507 936 2557 ut
994 2492 1274 2560 hostium
1333 2495 1639 2579 insignia,
1700 2495 1960 2572 vexilla,
2024 2494 2226 2581 gladii

281 2587 348 2641 et
386 2578 640 2643 similia
681 2579 752 2643 in
799 2578 1060 2662 templis
1102 2579 1661 2663 suspenderentur
1703 2594 1768 2647 et
1811 2581 1955 2656 Deo
2000 2601 2225 2647 conse·

276 2676 651 2742 orarentur,
695 2665 915 2746 itaque
958 2674 1361 2731 testarentur
1404 2667 1742 2733 victoriam
1782 2688 1822 2732 a
1840 2668 1971 2733 Dei
2014 2668 2229 2752 gratia

277 2767 608 2827 manasse,
667 2770 784 2833 pro
834 2770 961 2833 qua
1005 2749 1100 2816 illi
1144 2752 1388 2836 gratias
1431 2763 1721 2837 agerent.
1811 2753 2030 2836 Quam
2079 2774 2227 2819 con·

273 2836 705 2900 suetudinem
751 2835 960 2900 fateor
1002 2837 1522 2920 superstitiosam
1568 2839 1783 2919 fuisse,
1827 2850 1894 2904 et
1936 2839 2223 2923 plerum-

274 2939 400 3001 que
455 2923 822 2986 maximam
879 2934 1129 3004 partem
1190 2943 1416 2988 eornm
1472 2925 1583 3006 qui
1650 2924 1959 3009 trophaea
2000 2924 2224 2990 istius-

272 3005 456 3070 modi
504 3017 885 3084 erexerunt,
932 3005 1012 3072 de
1055 3007 1200 3073 Deo
1243 3030 1377 3072 non
1420 3010 1756 3094 cogitasse.
1827 3009 1960 3078 Sed
2004 3023 2223 3075 tamen

272 3090 424 3156 illos
445 3090 645 3157 Deus
692 3092 814 3157 hac
856 3094 1110 3159 ratione
1153 3093 1632 3161 inexcusabiles
1677 3094 1976 3161 reddidit.
2052 3096 2222 3161 Nam

275 3176 450 3260 quod
525 3179 765 3243 erectis
828 3179 1160 3262 trophaeis
1222 3199 1366 3245 sese
1429 3180 1974 3265 magnifecerunt,
2046 3183 2224 3247 Deus

271 3262 500 3347 palam
548 3263 704 3328 fecit
746 3264 924 3346 ipsos
967 3266 1135 3347 quod
1174 3263 1299 3330 Dei
1336 3268 1668 3350 proprium
1706 3281 1807 3332 est
1841 3288 2223 3351 usurpasse:

273 3369 495 3431 neque
541 3348 694 3415 aliis
738 3348 1018 3415 testibus
1053 3350 1354 3416 convinci
1389 3350 1534 3417 illos
1567 3354 1876 3436 oportuit.
1924 3352 2224 3435 Denique

270 3434 454 3500 istud
504 3455 771 3518 semper
813 3435 941 3499 fuit
984 3437 1221 3502 animis
1278 3436 1616 3503 hominum
1673 3439 2094 3522 insculptum,
2153 3450 2227 3503 ut

272 3520 340 3585 in
413 3521 693 3603 templis
757 3521 1073 3603 trophaea
1131 3521 1623 3606 suspenderent.
1732 3524 2004 3591 Saulem
2071 3544 2226 3590 vero

267 3606 401 3671 alia
447 3618 683 3671 mente
724 3606 956 3672 fecisse
1001 3608 1311 3690 possibile
1354 3619 1482 3674 est:
1528 3631 1682 3676 nam
1728 3621 1801 3675 ut
1844 3612 2037 3694 paulo
2080 3619 2226 3695 post

263 3693 668 3771 videbimus,
711 3693 824 3757 ubi
869 3694 1152 3776 primum
1175 3693 1454 3761 Davidis
1495 3695 1721 3762 laudes
1756 3697 2008 3761 audivit
2041 3717 2224 3780 prae-

264 3776 481 3844 dicari
507 3777 936 3844 vehementer
958 3780 1227 3844 affectus
1250 3788 1349 3844 est
1370 3788 1436 3844 et
1456 3802 1652 3865 aegre
1679 3781 2026 3848 admodum
2051 3782 2222 3848 tulit.

262 3863 506 3945 Quare
557 3864 910 3929 verisimile
945 3876 1045 3931 est
1082 3864 1490 3950 indignatum
1519 3866 1786 3935 Saulem
1821 3869 1878 3933 si
1919 3870 2223 3947 rusticus,

263 3951 321 4015 si
390 3949 610 4034 opilio
662 3951 977 4016 retineret
1032 3951 1207 4017 domi
1264 3951 1557 4035 gladium
1612 3954 1740 4020 viri
1797 3955 1985 4020 fortis
2029 3974 2221 4037 quem

259 4037 640 4115 cecidisset,
707 4045 774 4101 et
838 4035 1232 4119 gloriaretur
1289 4058 1358 4102 se
1417 4039 1653 4122 populo
1712 4038 1907 4106 rebus
1965 4039 2224 4107 afflictis

258 4141 593 4207 magnam
657 4121 934 4187 salutem
1002 4123 1329 4189 attulisse:
1397 4126 1818 4207 quamobrem
1884 4146 2015 4191 non
2083 4147 2223 4191 esse

256 4207 364 4273 illi
414 4208 722 4293 gladium
764 4208 963 4273 istum
1008 4208 1534 4291 relinquendum.
1626 4210 1758 4277 Sed
1806 4213 1861 4277 si
1905 4213 2045 4296 ipse
2090 4211 2225 4295 gla-

259 4291 455 4359 dium
507 4294 884 4376 accepisset,
930 4293 1102 4359 domi
1147 4295 1562 4373 servandum,
1608 4317 1679 4362 se
1717 4297 2056 4364 ridendum
2091 4318 2225 4363 om-

255 4377 468 4445 nibus
520 4378 948 4456 exhibuisset,
993 4391 1059 4445 et
1099 4379 1181 4446 de
1225 4402 1346 4446 sua
1381 4382 1401 4446 i
1451 4383 1588 4448 sius
1624 4383 1831 4467 gloria
1867 4383 2220 4467 plurimum

255 4464 696 4530 detraxisset.
785 4465 954 4531 Nam
1032 4466 1228 4531 etiam
1302 4487 1383 4532 au
1437 4467 1605 4533 ’ebat
1661 4470 1940 4536 Davidis
1996 4469 2223 4534 laudes

253 4569 295 4616 a
319 4549 727 4617 mulieribus
751 4561 819 4615 et
842 4551 1206 4635 virginibus
1228 4552 1446 4635 palam
1471 4552 1861 4635 deccantari,
1896 4555 2220 4620 Davidem

253 4636 504 4703 decem
551 4636 761 4703 millia
802 4637 1226 4714 interfecisse,
1273 4636 1538 4704 Saulem
1563 4662 1717 4706 vero
1740 4640 1938 4707 mille.
1999 4640 2223 4706 Pudor

251 4721 489 4872 &itur
559 4722 748 4787 illum
811 4723 1088 4788 retinuit
1152 4726 1497 4807 quominus
1562 4746 1744 4792 arma
1788 4726 2085 4793 Goliathi
2151 4727 2219 4790 in

299 4827 550 4873 omum
596 4827 780 4873 suam
826 4809 1134 4874 inferret:
1179 4809 1293 4875 sed
1330 4812 1619 4892 specioso
1653 4823 1997 4897 praetextu
2034 4812 2224 4876 iussit

251 4892 325 4957 in
401 4895 794 4960 sanctuario
850 4896 1097 4976 reponi,
1167 4894 1249 4961 ad
1312 4895 1522 4962 divini
1582 4898 1866 4964 nominis
1924 4896 2222 4982 gloriam.

249 4976 412 5045 Nae
483 4980 825 5064 religionis
875 4979 943 5045 in
994 4979 1193 5046 Saule
1244 4981 1561 5063 quaedam
1617 4992 1885 5068 apparet
1944 4984 2221 5067 species:

251 5066 380 5130 sed
449 5064 638 5131 intus
694 5067 843 5131 odio
896 5075 963 5131 et
1017 5066 1266 5131 invidia
1311 5065 1566 5133 davidis
1631 5071 1979 5136 urebatur:
2038 5070 2224 5135 cuius

248 5151 312 5217 si
362 5163 603 5234 posset
646 5152 923 5236 gloriam
968 5153 1269 5235 tantique
1303 5154 1606 5220 facinoris
1639 5158 2040 5235 memoriam,
2085 5175 2226 5238 per·

247 5247 481 5320 petua
526 5236 849 5304 oblivione
894 5237 1110 5303 delere
1155 5249 1442 5323 cuperet.
1533 5240 2004 5308 Verumtamen
2042 5241 2226 5306 Deus

2326 630 2445 676 sua
2487 610 2902 693 providentia
2943 608 3124 690 fovit,
3181 617 3257 674 ut
3310 609 3464 673 licet
3523 610 3824 691 adempto
3868 609 4083 693 gladio
4126 629 4259 674 non

2328 697 2547 761 minus
2591 704 2810 761 tamen
2856 695 2925 759 in
2971 693 3101 759 Dei
3143 693 3352 759 tutela
3394 695 3610 771 fuerit,
3656 705 3723 759 et
3764 695 3973 759 maior
4014 694 4113 759 illi
4158 715 4261 760 re-

2328 792 2587 848 servata
2640 781 2725 846 sit
2784 780 3032 846 occasio
3089 779 3203 845 illo
3256 780 3486 846 utendi
3544 801 3736 863 quam
3783 780 3839 846 si
3881 780 4055 846 domi
4100 800 4260 845 suae

2329 867 2720 933 retinuisset.
2787 866 2958 931 Nam
3003 875 3078 931 ut
3113 866 3415 948 deinceps
3449 865 3830 942 videbimus,
3874 886 4080 949 quum
4119 865 4261 933 sine

2328 955 2527 1017 armis
2564 972 2601 1016 e
2626 951 2846 1019 Saulis
2889 962 3240 1035 conspectu
3284 951 3578 1036 fugisset,
3621 963 3687 1015 et
3730 950 3812 1016 ad
3857 950 4258 1018 sacerdotem

2329 1040 2632 1116 venisset,
2687 1058 3005 1121 quaerens
3060 1058 3217 1102 num
3276 1037 3559 1119 aliquem
3611 1036 3902 1122 gladium
3967 1036 4259 1116 haberet,

2325 1125 2586 1189 oblatus
2630 1133 2731 1189 est
2775 1124 2897 1206 ipsi
2944 1122 3236 1189 Goliathi
3281 1143 3472 1206 quem
3518 1123 3938 1188 interfecerat
3980 1122 4258 1206 gladius.

2325 1211 2611 1276 Paratus
2666 1210 2885 1293 itaque
2941 1220 3008 1274 et
3064 1213 3436 1275 reservatus
3491 1209 3562 1273 in
3617 1229 3765 1273 eum
3827 1230 4015 1274 usum
4062 1210 4263 1276 fuisse

2325 1296 2600 1372 videtur,
2660 1291 3202 1377 quemadmodum
3258 1315 3415 1359 sane
3468 1312 3598 1359 non
3645 1305 3744 1359 est
3789 1294 4058 1359 dubium
4100 1298 4258 1378 quin

2326 1379 2552 1446 divina
2609 1381 3017 1464 providentia
3075 1380 3233 1446 haec
3291 1381 3508 1444 omnia
3563 1381 3655 1445 ita
3712 1394 3895 1464 gesta
3952 1381 4119 1445 sint:
4185 1388 4264 1445 ιιι

2326 1466 2545 1532 David
2590 1467 2922 1550 profugus,
2965 1477 3030 1530 et
3072 1466 3142 1529 in
3186 1465 3399 1531 aliena
3442 1466 3707 1549 regione
3743 1487 3897 1549 pere
3946 1468 4150 1544 rinus,
4193 1480 4261 1530 et

2327 1551 2519 1618 rebus
2561 1553 2865 1618 omnibus
2920 1552 3288 1635 destitutus,
3345 1551 3575 1617 saltem
3636 1552 3723 1617 ibi
3781 1551 3889 1637 gla
3935 1553 4069 1617 ium
4130 1571 4261 1635 quo

2327 1659 2398 1703 se
2442 1649 2741 1703 tueretur
2784 1639 3128 1703 inveniret.
3196 1637 3303 1702 Ex
3346 1657 3475 1719 quo
3512 1646 3784 1719 apparet
3817 1638 4261 1720 improborum

2329 1725 2666 1790 hominum
2715 1724 2983 1789 consilia
3027 1744 3160 1786 non
3194 1721 3276 1787 ad
3313 1742 3459 1787 enm
3506 1723 3701 1787 finem
3746 1721 3827 1789 ad
3874 1744 4062 1806 quem
4110 1722 4261 1788 diri-

2327 1810 2672 1896 gebantur,
2728 1807 2842 1876 sed
2901 1829 3091 1892 saepe
3150 1828 3416 1892 prorsus
3459 1810 3852 1874 contrarium
3897 1811 4260 1892 pervenire,

2328 1908 2396 1962 et
2451 1906 2679 1962 contra
2736 1894 3023 1977 ipsorum
3084 1893 3457 1977 opinionem
3502 1893 3863 1960 succedere.
3950 1894 4260 1977 Exempli

2328 1982 2571 2068 gratia:
2631 1981 2684 2044 si
2746 1981 2909 2046 Saul
2970 1982 3290 2062 potuisset
3339 1980 3556 2045 animo
3600 1981 3917 2046 coniicere
3961 1979 4258 2045 Goliathi

2325 2067 2617 2152 gladium
2661 2065 2905 2131 Davidi
2950 2066 3365 2140 serviturum,
3423 2077 3488 2130 et
3544 2085 3692 2129 eum
3748 2086 3831 2130 ex
3889 2066 4260 2131 sanctuario

2326 2162 2691 2237 capturum,
2746 2153 2916 2216 domi
2974 2151 3157 2215 illum
3217 2150 3455 2216 habere
3513 2171 3704 2233 quam
3761 2150 3830 2216 in
3885 2151 4259 2217 sanctuario

2326 2259 2640 2323 reponere
2684 2236 3036 2304 maluisset.
3105 2235 3237 2303 Sed
3265 2237 3444 2301 Deus
3478 2243 3733 2302 mature
3772 2236 3907 2302 suis
3943 2238 4260 2322 providet,

2327 2335 2394 2391 et
2435 2345 2514 2389 ea
2557 2322 2877 2406 praesidia
2920 2323 3151 2405 quibus
3193 2331 3390 2403 egent
3430 2322 3499 2386 in
3546 2321 3668 2386 hac
3711 2323 3848 2388 vita
3890 2329 4261 2406 praeparat.

2328 2410 2552 2493 Quare
2593 2429 2794 2492 quum
2836 2407 2998 2473 Saul
3046 2406 3320 2474 Davidis
3364 2408 3738 2473 memoriam
3784 2407 4012 2475 tollere
4064 2409 4262 2492 cupit,

2329 2517 2406 2563 eo
2471 2494 2685 2579 magis
2751 2493 3080 2560 exaltatur
3130 2513 3169 2557 a
3226 2493 3530 2568 Domino,
3596 2502 3665 2558 et
3722 2492 4001 2576 ipsomet
4057 2492 4265 2561 Saule

2329 2601 2704 2666 quanquam
2751 2579 2970 2657 inscio,
3017 2579 3096 2643 ad
3143 2579 3207 2644 id
3254 2580 3466 2662 ipsum
3513 2578 3978 2661 perficiendum
4024 2581 4250 2645 utitur.

2497 2666 2639 2731 Iam
2682 2665 2763 2731 ad
2803 2666 3055 2748 reliqua
3090 2685 3433 2748 pergamus
3472 2664 3581 2729 ubi
3618 2663 3853 2729 dicitur
3876 2664 4038 2731 Saul
4074 2686 4265 2749 quae·

2328 2754 2561 2820 sivisse
2603 2773 2688 2817 ex
2731 2751 2997 2818 Abnero
3043 2752 3333 2834 principe
3375 2749 3664 2827 militiae,
3722 2750 3868 2834 quis
3924 2751 4036 2817 ille
4094 2758 4268 2818 esset

2329 2840 2604 2918 iuvenis,
2666 2849 2736 2902 et
2793 2837 2969 2902 unde
3030 2856 3236 2920 genus
3288 2832 3570 2901 duceret.
3657 2833 3999 2902 Abnerum
4046 2847 4270 2902 autem

2328 2945 2399 2991 se
2432 2943 2704 3007 prorsus
2736 2923 3040 3008 ignorare
3085 2920 3513 3003 respondisse.
3575 2919 3715 2985 Iam
3752 2931 3905 2988 ante
3943 2923 4119 2988 hunc
4155 2943 4269 2987 no-

2330 3008 2484 3075 dum
2541 3007 2877 3085 solvimus,
2935 3006 3254 3091 quomodo
3292 3007 3435 3072 fleri
3481 3006 3764 3090 potuerit
3807 3019 3883 3071 ut
3926 3005 4090 3074 Saul
4130 3006 4269 3072 Da-

2331 3094 2544 3163 videm
2592 3116 2717 3159 non
2760 3105 3160 3178 agnosceret,
3207 3093 3320 3176 qui
3365 3091 3756 3158 domesticus
3792 3092 3998 3176 ipsius
4033 3095 4266 3169 fuerat,

2329 3191 2398 3247 et
2459 3181 2570 3264 qui
2634 3200 2849 3245 coram
2916 3179 3058 3263 ipso
3115 3179 3436 3245 citharam
3493 3176 3756 3262 pulsare
3814 3186 4267 3257 consueverat,

2326 3285 2648 3351 quemque
2693 3267 2855 3330 armi
2903 3285 3086 3330 erum
3132 3284 3325 3331 suum
3368 3284 3509 3330 esse
3551 3261 3862 3330 voluerat.
3904 3263 4079 3329 Nam
4121 3263 4268 3330 red·

2327 3354 2490 3418 ierat
2539 3349 2801 3434 quidem
2949 3350 3062 3415 vid
3104 3349 3174 3416 in
3218 3350 3412 3415 aedes
3455 3361 3762 3433 paternas
3805 3360 3870 3414 et
3914 3348 3995 3414 ad
4039 3350 4264 3417 ovium

2327 3456 2594 3522 pascua:
2645 3435 2758 3501 sed
2802 3456 2935 3501 non
2978 3435 3379 3519 impediebat
3420 3435 3534 3500 illa
3577 3434 3870 3500 absentia
3913 3435 4264 3518 quominus

2325 3532 2806 3608 agnosceretur.
2899 3520 3030 3589 Sed
3072 3521 3235 3587 illud
3281 3520 3488 3603 magis
3529 3522 3595 3585 in
3639 3520 3906 3585 Abnero
3966 3520 4265 3587 mirabile

2326 3609 2604 3678 videtur.
2693 3607 2861 3674 Nam
2920 3608 2977 3673 si
3035 3604 3291 3674 dicatur
3338 3606 3500 3674 Saul
3557 3627 3597 3671 a
3655 3606 3941 3672 Domino
3998 3607 4091 3675 sic
4147 3628 4263 3672 ex·

2324 3707 2620 3762 caecatus
2665 3703 2739 3759 ut
2774 3693 3026 3759 nullam
3063 3692 3401 3758 hominum
3438 3690 3707 3757 haberet
3741 3693 4059 3772 notitiam,
4104 3693 4261 3776 quid

2323 3782 2404 3847 de
2445 3781 2712 3846 Abnero
2755 3776 3178 3846 iudicandum
3221 3777 3630 3855 arbitramur,
3677 3797 3872 3860 quem
3918 3776 4089 3844 nihil
4130 3778 4263 3844 tale

2324 3888 2586 3951 passum
2610 3887 2751 3931 esse
2775 3875 3027 3931 certum
3065 3873 3195 3930 est:
3240 3883 3315 3930 ac
3360 3863 3633 3947 proinde
3678 3864 3784 3928 cui
3827 3863 3990 3930 bene
4032 3875 4260 3930 notum

2323 3974 2467 4020 esse
2490 3951 2815 4018 Davidem
2861 3949 3194 4035 oportuit?
3263 3947 3395 4016 Sed
3442 3971 3783 4033 possumus
3826 3971 3911 4016 ex
3952 3950 4075 4017 hoc
4121 3952 4259 4017 loco

2323 4039 2661 4117 coniicere,
2705 4037 2884 4102 illam
2930 4035 3368 4122 ignorantiam
3415 4035 3625 4120 magis
3667 4036 3748 4101 ab
3783 4037 4154 4120 arrogantia
4194 4044 4261 4102 et

2323 4134 2696 4207 contemptu
2760 4142 2957 4207 quam
3014 4122 3095 4187 ab
3154 4121 3287 4186 ulla
3334 4122 3463 4186 alia
3506 4142 3575 4186 re
3620 4121 3990 4205 profectam.
4077 4122 4258 4204 Ergo

2321 4211 2472 4277 licet
2514 4207 2681 4277 Saul
2748 4219 2814 4275 et
2866 4208 3090 4274 Abner
3155 4206 3484 4273 Davidem
3549 4215 3815 4290 possent
3881 4226 4257 4290 agnoscere,

2325 4308 2545 4362 tamen
2605 4294 2758 4378 quia
2816 4315 3065 4380 pauper
3106 4303 3175 4357 et
3216 4293 3369 4359 vilis
3412 4294 3826 4376 abiectaeque
3869 4291 4258 4359 conditionis

2322 4392 2481 4459 erat,
2549 4389 3098 4463 contempserunt.
3208 4379 3319 4444 Ex
3395 4378 3518 4445 hoc
3595 4378 3814 4461 itaque
3877 4385 4258 4461 contemptu

2321 4468 2617 4544 caecitas,
2683 4477 2759 4531 nt
2799 4486 2948 4532 eum
2986 4486 3178 4549 quem
3215 4463 3451 4530 millies
3485 4463 3789 4529 viderant
3834 4461 4018 4530 Sauli
4056 4465 4261 4528 inser·

2322 4553 2631 4633 vientem,
2674 4551 2926 4618 cithara
2970 4551 3124 4616 mali
3167 4550 3437 4635 spiritus
3467 4550 3885 4616 afflictionem
3910 4550 4258 4629 levantem,

2321 4640 2632 4723 quoniam
2687 4638 2875 4721 parvi
2934 4637 3202 4713 faciunt,
3267 4644 3335 4701 et
3398 4636 3749 4718 inglorium
3805 4655 3946 4700 esse
4004 4633 4255 4714 volunt,

2320 4745 2452 4789 non
2498 4733 2871 4808 agnoscant.
2958 4723 3038 4788 In
3084 4743 3210 4806 quo
3256 4740 3602 4805 possumus
3645 4729 3960 4802 tanquam
4003 4721 4074 4785 in
4116 4740 4260 4804 spe-

2320 4811 2464 4878 culo
2522 4809 2952 4893 contemplari
3006 4809 3175 4892 quod
3234 4807 3398 4874 solet
3455 4808 3522 4871 in
3579 4806 3825 4870 mundo
3872 4804 4259 4888 plerumque

2322 4895 2643 4963 accidere:
2706 4903 2780 4959 ut
2836 4896 3150 4960 nimirum
3209 4903 3550 4977 magnates
3607 4901 3674 4956 et
3731 4890 4054 4974 principes
4110 4892 4256 4973 viri,

2320 5001 2520 5065 opera
2562 4981 2890 5046 minorum
2935 4991 3234 5046 utantur:
3279 4976 3392 5043 sed
3428 4998 3514 5043 ne
3548 4977 3708 5061 ipsis
3741 4975 3985 5060 aliquid
4022 4976 4257 5043 debere

2322 5076 2390 5133 et
2432 5067 2721 5132 devincti
2763 5087 2906 5133 esse
2949 5065 3312 5143 videantur,
3354 5065 3575 5130 statim
3618 5083 3843 5129 eorum
3878 5064 4259 5128 memoriam

2324 5152 2492 5219 elabi
2535 5153 2777 5218 sinant.
2865 5152 3216 5218 Caeterum
3260 5151 3402 5222 fieri
3446 5151 3641 5216 etiam
3686 5157 3899 5233 potest
3956 5158 4033 5214 ut
4078 5148 4258 5215 Deus

2327 5238 2664 5305 Abnerum
2710 5246 2779 5304 et
2820 5235 3087 5304 Saulem
3128 5236 3220 5301 sic
3264 5238 3645 5317 excaecarit,
3702 5246 3778 5299 ut
3821 5254 4015 5319 quem
4061 5256 4259 5302 nove·
