5059 6059
831 271 961 340 383

2497 264 2910 334 HOMILIA
2952 273 3144 342 xlv.

4639 272 4744 340 ³34

840 485 1016 543 vero,
1056 466 1309 528 stantes
1349 458 1491 526 sive
1533 457 1854 536 sedentes,
1907 476 2295 542 quocunque
2336 454 2563 525 oculos
2604 477 2755 523 con·
2860 460 2987 529 Dei
3045 459 3273 529 schola
3326 461 3608 528 multum
3663 459 4102 545 proficiamus,
4159 478 4394 543 nempe
4448 456 4506 524 si
4545 456 4732 525 Deum

841 548 1174 625 verterint,
1219 544 1409 611 modo
1451 544 1580 612 huc
1623 542 1813 610 modo
1846 542 2003 608 illuc
2041 543 2369 624 seruatum
2412 564 2488 610 ac
2530 542 2759 609 multis

838 635 995 702 hinc
1047 629 1200 698 inde
1256 629 1779 697 distractionibus
1831 642 2205 696 avocantur.
2296 628 2542 698 Somno
2598 649 2758 696 vero

840 718 1069 804 sopitis
1144 715 1557 793 mortalibus,
1624 725 1692 782 et
1754 715 2053 782 sensibus
2120 714 2325 783 veluti
2402 714 2757 798 dissipatis,

837 823 1200 887 somnoque*
1244 802 1475 868 mortis
1527 800 1881 885 imaginem
1936 800 2282 880 referente,
2346 799 2491 867 Deo
2560 820 2759 886 appa-

839 901 1045 972 rente,
1099 896 1165 953 et
1223 886 1427 953 veluti
1482 898 1772 952 mortuos
1830 907 1871 953 a
1920 885 2101 953 letho
2157 887 2502 964 excitante,
2566 897 2634 951 et
2677 884 2761 951 ad

840 998 914 1043 se
957 973 1162 1040 veluti
1200 973 1511 1057 rapiente,
1567 992 1883 1055 suamque
1939 971 2072 1037 illis
2125 972 2532 1039 voluntatem
2575 980 2761 1058 pate-

845 1060 1139 1137 faciente,
1184 1068 1249 1125 et
1294 1057 1467 1142 apud
1510 1057 1658 1123 illos
1711 1057 2128 1124 autoritatem
2170 1058 2294 1124 sibi
2351 1057 2760 1135 conciliante,

845 1158 987 1214 tum
1031 1145 1226 1230 longe
1265 1142 1587 1227 insignius
1630 1142 1834 1226 ipsius
1875 1143 2126 1227 gratiae
2170 1143 2637 1221 testimonium,
2696 1152 2764 1207 et

840 1232 1163 1318 insignior
1217 1229 1522 1313 splendor
1578 1239 1695 1294 est.
1784 1227 2053 1294 Accedit
2109 1229 2283 1313 quod
2341 1229 2413 1294 in
2473 1227 2761 1294 tenebris

843 1329 1029 1385 tanta
1069 1315 1213 1382 luce
1257 1335 1399 1380 sese
1442 1313 1887 1398 patefaciente,
1934 1313 2128 1400 longe
2172 1314 2406 1380 melius
2450 1315 2576 1380 Dei
2619 1334 2760 1380 ma·

841 1405 1044 1471 ieetas
1075 1400 1471 1484 conspicitur
1505 1398 1800 1465 divinam
1834 1398 2014 1465 illam
2050 1420 2235 1466 suam
2262 1401 2390 1466 vim
2416 1416 2761 1466 exserens:

842 1491 989 1557 ideo
1046 1485 1420 1570 frequenter
1464 1497 1662 1552 noctu
1722 1484 1859 1551 suis
1900 1484 2235 1569 prophetis
2280 1485 2608 1552 Dominus
2649 1506 2762 1569 ap-

842 1574 1079 1661 paruit,
1122 1584 1190 1638 et
1231 1570 1595 1637 istiusmodi
1640 1570 1920 1637 visiones
1965 1570 2126 1655 ipsis
2169 1571 2484 1638 exhibuit.

1015 1656 1207 1740 Quod
1252 1678 1409 1725 vero
1451 1656 1686 1723 dicitur
1729 1655 1886 1722 Heli
1927 1677 2008 1721 ex
2066 1662 2258 1722 tertio
2319 1657 2599 1742 repetita
2640 1653 2765 1723 Sa·

842 1744 1127 1813 muelem
1167 1743 1566 1810 inclamante
1632 1761 1787 1807 voce
1841 1741 2164 1826 amovisse
2211 1742 2420 1811 Deum
2483 1762 2616 1809 esse
2655 1742 2767 1825 qui

841 1832 1228 1916 loqueretur,
1288 1850 1374 1895 ex
1430 1848 1508 1894 eo
1565 1826 1932 1910 colligimus
1984 1827 2200 1911 ipsum
2258 1828 2383 1895 etei
2436 1828 2768 1895 remissior

843 1917 1057 1993 fuerit,
1117 1925 1184 1980 et
1222 1915 1291 1979 in
1334 1910 1731 1997 castigandis
1775 1912 1996 1979 liberis
2040 1912 2314 1994 mollior,
2371 1922 2449 1978 ut
2488 1933 2610 1980 sua
2651 1934 2766 1979 ne·

845 2002 1163 2088 gligentia
1204 2000 1649 2067 sanctuarium
1695 1996 1897 2082 pollui
1938 1999 2327 2082 permiserit,
2373 2008 2594 2064 tamen
2642 1998 2766 2064 Dei

847 2088 1150 2154 timorem
1208 2083 1381 2168 apud
1440 2104 1510 2150 se
1567 2082 1947 2150 retinuisse:
2006 2092 2074 2149 et
2130 2084 2287 2150 licet
2338 2085 2473 2150 iam
2515 2082 2767 2150 viribus

845 2173 1176 2252 effoetum,
1235 2181 1301 2236 et
1360 2168 1538 2237 velut
1580 2169 1857 2235 aiterum
1903 2169 1973 2235 in
2027 2169 2205 2237 fossa
2244 2170 2479 2253 pedem
2522 2168 2769 2235 haben-

846 2269 1002 2339 tem,
1044 2256 1306 2340 suisque
1341 2257 1539 2322 etiam
1578 2254 1752 2321 vitiis
1789 2276 1921 2321 non
1956 2266 2311 2337 carentem,
2344 2254 2769 2321 nihilominus

845 2343 1071 2412 multis
1126 2341 1494 2419 virtutibus,
1559 2348 1626 2405 et
1690 2340 1951 2423 quidem
2016 2340 2378 2441 praecipuis
2441 2342 2767 2425 insignem

844 2430 1070 2496 fuisse.
1156 2428 1383 2493 Timor
1436 2427 1612 2492 enim
1655 2426 1784 2492 Dei
1841 2426 1963 2491 fuit
2018 2448 2087 2491 in
2146 2425 2290 2510 ipso
2355 2427 2766 2512 conspicuus,

846 2523 916 2582 et
956 2521 1137 2582 certa
1177 2511 1529 2596 persuasio,
1583 2512 1798 2578 Deum
1856 2520 1932 2577 ut
1984 2510 2140 2579 olim
2191 2512 2527 2596 prophetis
2582 2511 2769 2577 initio

848 2622 991 2667 sese
1029 2597 1556 2676 communicarat,
1600 2598 1694 2663 sic
1729 2596 2003 2664 eandem
2025 2596 2097 2662 in
2132 2606 2464 2681 posterum
2486 2599 2767 2683 gratiam

846 2687 918 2752 in
964 2683 1277 2771 populum
1333 2682 1743 2761 collaturum,
1808 2693 1875 2749 et
1936 2703 2271 2767 nunquam
2313 2704 2456 2750 esse
2500 2683 2768 2767 privan-

848 2770 1006 2837 dum
1034 2770 1158 2835 Dei
1193 2769 1438 2847 favore,
1482 2768 2103 2853 promissionemque
2124 2768 2392 2836 Domini
2429 2788 2769 2853 nunquam

848 2856 1009 2925 adeo
1052 2853 1586 2934 labefactandam,
1629 2863 1703 2921 ut
1735 2854 1999 2938 penitus
2032 2853 2115 2921 ab
2150 2875 2228 2921 ea
2265 2853 2545 2939 populus
2567 2854 2769 2921 semel

846 2941 1192 3026 adoptatus
1235 2939 1568 3009 excideret
1608 2949 1676 3006 et
1733 2960 1997 3023 prorsus
2023 2985 2031 2994 -
2062 2940 2538 3023 repudiaretur.
2622 2939 2770 3006 Hoc

847 3029 925 3095 fit
982 3028 1145 3094 satis
1199 3027 1619 3109 conspicuum
1677 3046 1758 3092 ex
1819 3025 2031 3092 verbis
2087 3025 2110 3090 i
2156 3026 2308 3105 sius,
2367 3024 2603 3111 quibus
2647 3023 2767 3092 Sa-

846 3113 1135 3181 muelem
1177 3112 1260 3177 ad
1304 3112 1431 3182 Dei
1474 3111 1750 3177 verbum
1793 3110 2093 3194 excipien
2140 3132 2250 3177 um
2297 3111 2606 3195 disponit,
2663 3112 2767 3176 in·

889 3200 1112 3265 niens:
1178 3196 1323 3263 Non
1375 3198 1590 3265 vocavi
1644 3201 1733 3263 te.-
1789 3197 1897 3264 sed
1939 3196 2065 3277 abi,
2118 3200 2174 3262 d
2228 3197 2461 3279 domui,
2514 3202 2572 3262 et
2612 3197 2673 3263 si
2715 3200 2772 3261 te

921 3285 1172 3351 ominus
1211 3283 1538 3349 vocaverit
1625 3281 1859 3365 Itaque
1900 3281 2052 3349 licet
2093 3283 2603 3368 corruptissimis
2635 3281 2774 3348 fue-

848 3380 1005 3438 runt
1048 3367 1334 3435 moribus
1375 3367 1533 3434 Heli
1574 3367 1713 3443 filii,
1758 3389 1889 3435 non
1930 3367 2076 3434 ideo
2121 3379 2339 3434 tamen
2380 3367 2521 3452 ipse
2565 3365 2770 3437 divini

842 3455 1130 3523 numinis
1162 3461 1596 3537 contemptor:
1630 3472 1716 3534 ,ae
1757 3452 1907 3520 lieet
1937 3474 2073 3520 uon
2104 3453 2363 3538 qualem
2397 3454 2420 3518 i
2501 3474 2616 3520 um
2659 3454 2769 3520 de-

840 3542 977 3608 cuit
1039 3541 1461 3607 autoritatem
1526 3538 1817 3620 retinuit,
1883 3546 1951 3605 et
2014 3538 2095 3605 de
2152 3539 2278 3606 Dei
2342 3558 2379 3605 c
2451 3547 2525 3606 tu
2590 3547 2768 3605 sarto

842 3635 1015 3692 tecto
1057 3623 1400 3692 retinendo
1444 3645 1669 3691 curam
1711 3644 1909 3708 quam
1954 3623 2229 3692 debebat
2272 3645 2402 3691 non
2444 3624 2766 3706 adhibuit,

844 3711 971 3777 hoe
1012 3719 1232 3776 tamen
1273 3709 1774 3776 fundamentum
1817 3718 1884 3777 et
1924 3711 2188 3778 firmum
2229 3710 2627 3795 principium
2669 3731 2768 3778 re-

849 3795 1067 3879 tinuit,
1126 3794 1254 3861 Dei
1298 3795 1496 3861 verbo
1537 3817 1725 3862 suam
1766 3796 2175 3863 maiestatem
2218 3804 2285 3863 et
2325 3796 2765 3864 reverentiam

849 3880 1091 3963 deberi,
1129 3880 1212 3947 ad
1255 3901 1455 3964 quam
1495 3881 1695 3947 etiam
1742 3878 2118 3949 Samuelem
2161 3880 2419 3947 erudiit.
2508 3881 2763 3948 Nihilo-

848 3967 1070 4033 minus
1128 3975 1346 4032 tamen
1405 3985 1645 4052 graves
1701 3986 1852 4034 eum
1916 3988 2159 4051 poenas
2208 3967 2416 4035 luisse
2459 3966 2764 4051 deinceps

847 4050 1230 4129 videbimus,
1275 4063 1468 4136 prout
1499 4053 1639 4136 ipse
1664 4053 1986 4120 Dominus
2018 4052 2413 4120 sententiam
2446 4051 2766 4120 adversus

846 4138 1066 4222 ipsum
1107 4136 1369 4203 tulerat.
1435 4135 1981 4222 Quandoquidem
2022 4138 2228 4225 igitur
2270 4139 2451 4205 Deus
2494 4158 2763 4206 suorum

845 4222 1235 4290 iudiciorum
1291 4226 1706 4289 severitatem
1760 4223 2078 4291 adversus
2141 4222 2347 4304 illum,
2412 4223 2568 4292 licet
2632 4246 2762 4290 non

848 4309 1124 4393 impium
1168 4314 1282 4375 aut
1323 4318 1849 4393 contemptorem,
1892 4308 2008 4376 sed
2046 4309 2187 4377 sola
2217 4310 2288 4376 in
2412 4310 2662 4388 ‘tantia,
2698 4319 2764 4378 et

846 4394 1207 4462 senectutis
1249 4393 1414 4460 vitio
1456 4404 1834 4479 peccantem
1879 4395 2189 4473 exseruit,
2248 4395 2359 4479 qui
2459 4395 2762 4461 futurum

844 4480 930 4547 iis
973 4488 1297 4562 putamus,
1345 4481 1459 4564 qui
1499 4480 1676 4546 ultro
1716 4481 1993 4548 scientes
2034 4499 2111 4547 ao
2167 4480 2459 4548 volentes
2499 4501 2760 4547 omnem

849 4564 1208 4632 doctrinam
1279 4565 1614 4644 reiiciunt,
1679 4565 1950 4648 pedibus
2014 4566 2297 4633 eandem
2353 4566 2756 4646 conculcant,

849 4652 1118 4735 Deoque
1163 4649 1369 4717 veluti
1409 4649 1537 4734 ipsi
1579 4650 1821 4718 bellum
1861 4651 2203 4733 inducunt,
2248 4659 2315 4718 et
2354 4673 2432 4719 eo
2475 4651 2757 4736 profani·

846 4736 1001 4802 tatis
1043 4735 1471 4817 devenerunt,
1525 4743 1602 4803 ut
1645 4737 1770 4804 Dei
1829 4738 2103 4805 verbum
2159 4739 2368 4804 iacere
2425 4739 2757 4821 sepultum

845 4830 1094 4905 optent,
1151 4829 1219 4887 et
1259 4822 1330 4887 in
1373 4823 1637 4907 flagitiis
1677 4822 1971 4890 immersi
2057 4823 2477 4892 erseverent?
2537 4844 2755 4890 annon

847 4906 1240 4973 horrendam
1314 4907 1491 4992 ipsos
1554 4929 1822 4976 manere
1887 4909 2003 4975 vin
2048 4908 2243 4977 iotam
2306 4928 2574 4976 necesse
2637 4915 2755 4989 est,

845 5012 1047 5075 quum
1090 4992 1412 5060 Dominus
1454 4995 1579 5077 ipsi
1634 4992 1952 5062 sacerdoti
1993 4994 2151 5061 Heli
2193 5002 2327 5062 tam
2370 4995 2616 5062 bonum
2657 5015 2758 5061 re-

846 5074 1108 5161 ligionis
1149 5078 1647 5147 fundamentum
1705 5081 1777 5147 in
1833 5080 2053 5147 animo
2109 5079 2422 5148 retinenti
2487 5080 2758 5149 minime

841 5163 1247 5247 pepercerit?
1337 5164 1511 5233 Hinc
1567 5186 1729 5235 vero
1788 5165 2163 5235 discendum
2224 5186 2352 5251 qua
2392 5167 2645 5235 ratione
2685 5167 2757 5236 in

2859 548 3237 633 loquentem
3277 547 3636 625 audiamus,
3692 554 3762 613 et
3819 555 4077 611 tantum
4129 543 4302 629 apud
4343 565 4458 611 nos
4499 543 4737 610 verbum

2863 635 3067 718 ipsius
3130 633 3386 718 pondus
3444 633 3713 713 habeat,
3779 652 3863 698 ne
3923 632 3996 697 in
4051 640 4293 697 terram
4356 629 4426 696 id
4485 628 4744 697 excidere

2861 723 3209 804 patiamur,
3262 719 3378 785 sed
3437 729 3621 818 tanto
3678 738 3827 785 cum
3886 718 4139 795 timore,
4206 724 4404 816 tanta·
4441 736 4584 782 cum
4632 736 4744 816 mo-

2864 804 3194 957 desttgalset
3250 813 3637 884 reverentia,
3696 811 3946 887 quanta
4002 822 4121 887 par
4177 809 4285 868 est
4300 850 4318 881 ,
4385 800 4547 867 1nud
4603 821 4746 867 exct-

2865 913 2976 976 1212
3126 939 3144 956 ·
3739 973 3754 989 .
4025 973 4039 988 .
4288 971 4305 988 .
4730 972 4742 986 .

2865 1062 3024 1129 neu
3034 972 3994 1145 Sssffsssffioepff‘ssussdssffi
4020 973 4432 1140 umet?
4449 970 4749 1141 3ζὲζῖὼέ

2866 1168 3194 1215 summum
3238 1147 3616 1231 pontificem
3659 1145 3910 1212 colebat
3951 1153 4020 1211 et
4063 1144 4502 1223 reverebatur,
4556 1141 4632 1209 ab
4668 1163 4748 1208 eo-

2866 1232 3014 1299 dem
3057 1233 3394 1299 admoneri
3438 1239 3515 1297 ut
3553 1251 3698 1298 sese
3742 1230 3825 1298 ad
3869 1231 3998 1297 Dei
4055 1229 4329 1297 verbum
4384 1231 4620 1295 maiore
4656 1227 4750 1294 ad·

2865 1319 2997 1387 huc
3018 1339 3168 1386 oum
3206 1318 3523 1385 modestia
3557 1325 3626 1383 et
3658 1317 3896 1384 timore
3932 1315 4391 1401 excipiendum
4425 1322 4750 1398 componat,

2867 1404 3072 1471 donec
3114 1426 3154 1471 a
3197 1404 3483 1471 Domino
3543 1402 3709 1470 visio
3767 1402 3857 1468 sit
3908 1401 4011 1467 illi
4067 1401 4414 1487 patefacta.
4501 1397 4672 1481 Quae
4706 1398 4752 1464 si

2867 1491 3135 1558 attentis
3192 1489 3429 1555 animis
3568 1486 4052 1572 rpenderimus,
4113 1487 4340 1553 mirari
4398 1485 4751 1561 desinemus,

2866 1584 3008 1642 tam
3064 1596 3303 1660 paucos
3354 1573 3481 1641 fide
3506 1594 3577 1640 es
3629 1573 3700 1638 in
3757 1572 4006 1639 mundo
4050 1571 4345 1656 reperiri,
4408 1570 4524 1638 sed
4563 1579 4757 1637 contra

2867 1662 3227 1728 maximam
3270 1661 3610 1726 hominum
3653 1668 3910 1743 partem
3967 1658 4181 1725 instar
4224 1659 4513 1724 ferarum
4554 1654 4753 1756 adver-

2870 1767 2987 1814 sus
3030 1744 3387 1812 Dominum
3430 1744 3794 1811 calcitrare.
3879 1742 4049 1825 Quis
4091 1742 4270 1808 enim
4314 1742 4400 1809 ad
4444 1743 4650 1809 Deum
4685 1761 4760 1805 si·

2867 1831 3072 1899 lentio
3092 1833 3265 1899 facto
3288 1829 3682 1897 audiendum
3718 1850 3860 1897 sese
3892 1827 4271 1916 comparat?
4314 1829 4468 1913 quis
4490 1825 4760 1912 loquendi

2868 1918 3123 2003 copiam
3165 1917 3292 2018 ipsi
3333 1916 3531 1983 facit?
3600 1914 3817 1997 Quam
3856 1914 4052 2017 multi
4096 1923 4323 2015 contra
4366 1912 4760 2014 obganniunt,

2868 2023 3115 2156 ἳέἒὲ..
3129 2001 3821 2187 dzssssssoefflffzz‘i‘ssff„
3851 1995 4761 2187 ’ξῗᾷἳωῗέἷωῖἓΐὲἓέἒιῖ

2868 2182 3055 2325 goat,
3094 2180 3256 2259 puta
3283 2173 3597 2339 aedilis,
3642 2173 3978 2326 ωοέὶίὲειίὶῗ,
4025 2170 4378 2324 11ΐέιὲιέἰό
4402 2171 4677 2322 egineAtas
4711 2175 4764 2234 et

2868 2282 2940 2328 in
3010 2281 3076 2326 m
3159 2279 3281 2326 ran
3528 2279 3609 2325 us
3673 2278 3748 2324 sa
3946 2279 4024 2326 oc
4383 2278 4418 2321 r
4613 2275 4763 2320 nuon

2870 2345 3049 2412 enim
3079 2280 3210 2430 ‘gui
3267 2365 3425 2410 axae
3517 2343 3759 2412 abenas
3814 2342 3898 2409 ad
3940 2343 4102 2409 haec
4142 2343 4311 2409 vitia
4353 2341 4484 2409 sibi
4527 2339 4765 2425 permit-

2873 2439 3044 2508 tunt,
3089 2431 3233 2497 Deo
3290 2430 3626 2496 silentium
3681 2428 4004 2506 indicunt,
4058 2437 4125 2494 et
4178 2449 4251 2495 se
4309 2427 4395 2495 ab
4454 2428 4595 2494 eius
4644 2425 4769 2491 obe·

2870 2517 3115 2583 dientia
3177 2513 3596 2583 subducunt?
3686 2513 3904 2596 Quam
3966 2512 4161 2580 multi
4225 2532 4387 2581 vero
4466 2521 4771 2597 praeterea

2872 2610 3105 2686 sponte
3164 2613 3230 2668 et
3266 2594 3505 2669 'studio
3547 2599 3680 2666 Dei
3736 2600 4007 2666 verbum
4062 2599 4401 2683 abiiciunt,
4460 2608 4529 2664 et
4590 2595 4769 2662 eidem

2872 2688 3082 2755 veluti
3124 2687 3299 2754 fores
3339 2683 3739 2753 occludunt?
3827 2685 4105 2752 Minime
4157 2683 4539 2751 mirandum
4577 2682 4768 2768 igitur,

2870 2774 2929 2841 si
2970 2772 3163 2858 pauci
3205 2771 3289 2839 ad
3333 2773 3458 2839 Dei
3500 2770 3939 2857 cognitionem
3998 2771 4297 2852 veniunt,
4358 2790 4566 2854 quum
4609 2785 4770 2833 nemo

2870 2880 2942 2960 se
2984 2857 3261 3008 adt-eum
3304 2856 3699 3009 audietigdutm
3743 2867 4120 3008 cotmponatt:
4165 2855 4281 3007 sled
4324 2853 4771 3005 οωοοεὲἕοιὲἓέ

2871 2966 2944 3097 :¹2
2986 2964 3502 3096 {tauma
3544 2963 4055 3096 {uffiffizess
4108 2961 4771 3112 Z‘Zsssspfflssmw

2871 3051 3238 3183 videantur.
3344 3112 3759 3199 Quapropter
3822 3133 3952 3197 quo
4016 3113 4223 3182 maior
4288 3122 4392 3179 est
4459 3111 4771 3179 hominum

2872 3202 2998 3268 hac
3039 3202 3110 3267 in
3152 3207 3336 3286 parte
3371 3199 3726 3285 protervia,
3763 3220 3842 3265 eo
3876 3198 4190 3266 maiorem
4222 3197 4651 3264 attentionem
4684 3192 4772 3291 hiq

2871 3286 3057 3354 locus
3098 3306 3139 3352 a
3195 3286 3385 3353 nobis
3435 3286 3745 3369 requirit,
3802 3304 4007 3376 quum
4067 3283 4451 3384 Samuelem
4512 3283 4611 3381 ab·
4643 3275 4774 3377 1101}

2872 3371 3205 3472 sacerdote
3257 3369 3341 3437 ad
3384 3372 3600 3438 Deum
3660 3369 4057 3471 audiendum
4101 3369 4207 3437 his
4264 3368 4492 3437 verbis
4550 3366 4775 3450 dispom

2873 3456 3276 3612 ggddcnilaumus
3317 3564 3450 3642 non
3511 3455 3938 3608 :iifl-mm
3993 3562 4119 3641 uos
4156 3460 4410 3640 erum
4454 3547 4526 3641 et
4564 3534 4773 3605 instrui

2872 3650 3454 3782 ffl’nssfflmssss
3469 3627 4267 3779 ·¹'‹‘12¹1'3<13⁰?.¹{?m¹35¹01¹32
4282 3635 4540 3779 '²5:32¹‘
4561 3627 4778 3776 12⁹1?ss

2872 3820 3040 3882 mus,
3083 3810 3161 3867 ut
3204 3821 3276 3866 re
3317 3801 3463 3883 ipsa
3505 3806 3842 3879 testemur,
3884 3817 4008 3864 nos
4048 3796 4174 3864 hoc
4211 3796 4285 3862 in
4324 3796 4502 3864 votis
4546 3795 4778 3861 unicum

2868 3885 3131 3966 habere,
3186 3893 3262 3952 ut
3317 3886 3458 3970 ipse
3511 3884 3667 3968 quid
3710 3904 3753 3949 a
3811 3883 3999 3950 nobis
4061 3882 4379 3968 requirat,
4441 3880 4779 3966 eloquatur,

2868 3992 2995 4055 quo
3038 3993 3159 4123 111oe
3202 3969 3285 4038 ad
3329 3971 3536 4055 ipsius
3579 3968 3958 4122 01»ῧηίιὲῗέ
4005 3977 4177 4035 totos
4219 3987 4705 4053 componamus.

3077 4076 3184 4123 am
3229 4075 3390 4123 vero
3431 4075 3651 4124 coram
3763 4074 3828 4122 ei
3959 4104 3974 4121 .

3454 4396 3953 4483 HOMILIA
3994 4396 4224 4482 XIV.

3038 4568 3138 4635 11.
3209 4567 3299 4635 Et
3352 4569 3447 4635 ait
3494 4567 3823 4637 Dominus
3888 4567 3977 4632 ad
4035 4564 4418 4632 Samuelem.-
4487 4562 4645 4663 Εαξε
4691 4575 4780 4659 090

2859 4655 3028 4738 facio
3069 4655 3325 4721 verbum
3366 4655 3436 4719 in
3479 4652 3707 4734 Israel,
3750 4652 3915 4736 quod
3957 4652 4303 4735 quicunque
4342 4649 4645 4730 audient,
4683 4650 4784 4712 un-

2861 4742 3034 4807 m’ent
3071 4760 3261 4807 aures
3302 4740 3459 4806 eius.
3526 4738 3636 4805 12.
3683 4738 3770 4804 In
3810 4737 3916 4805 die
3956 4737 4073 4804 {aa
4112 4736 4420 4804 susem
4464 4735 4782 4804 adversm

2863 4826 3020 4893 Heli
3066 4827 3280 4892 omnia
3327 4845 3494 4907 quae
3532 4824 3824 4907 loquutus
3876 4843 4024 4891 sum
4072 4842 4265 4905 super
4325 4822 4582 4889 domum
4641 4818 4780 4892 eius,

2860 4912 3164 4994 accipiam
3225 4916 3284 4977 et
3337 4909 3660 4992 complebo.
3766 4908 3868 4977 13.
3928 4907 4239 4976 Praedixi
4291 4909 4461 4974 enim
4523 4906 4585 4972 ei
4643 4898 4785 4987 quod

2862 4998 3263 5065 iudicaturus
3305 5015 3502 5063 essem
3556 4996 3809 5063 domum
3863 4996 4000 5062 eius
4045 4994 4116 5060 iu
4170 4990 4785 5092 aeteruum-propte·

2860 5084 3274 5167 ὑιίφιὲέαίοηι,
3317 5102 3386 5149 eo
3427 5081 3591 5165 quod
3629 5085 3886 5149 noverat
3924 5081 4180 5164 indique
4213 5099 4398 5166 agere
4436 5076 4610 5161 filios
4637 5089 4784 5166 suo-³3

2861 5168 3722 5251 dnouoorripueriteos.
3836 5161 4783 5234 1416&oeme
