5059 6059
278 364 380 435 681

272 553 486 633 Nempe
538 546 592 610 si
636 566 708 611 se
751 545 972 628 ipsum
1016 544 1290 629 quilibet
1333 545 1693 628 explorarit
1739 551 1806 611 et
1846 544 2173 612 iudicarit.

269 638 413 704 Nam
489 632 595 715 qui
676 630 884 697 solam
963 631 1230 696 laudem
1304 631 1384 697 ab
1453 629 1831 697 hominibus
1896 631 2175 715 quaerit,

270 738 491 804 semper
552 717 986 783 nihilominus
1052 718 1125 783 in
1191 737 1262 782 se
1327 718 1818 801 constringitur,
1884 728 1962 782 ut
2025 719 2177 784 lieet

272 822 384 875 toto
434 804 573 868 illos
627 803 875 868 mundo
919 802 1318 882 absolvente,
1385 801 1512 887 ipsi
1555 814 1775 868 tamen
1821 803 2174 871 adversum

265 917 326 960 se
363 893 518 957 serre
561 891 956 954 sententiam
1004 901 1342 973 cogantur.
1432 891 1650 971 Atque
1684 888 1879 955 istam
1923 909 2174 957 merce·

267 982 393 1045 dem
448 975 745 1040 auserunt
804 975 851 1040 ii
907 995 1138 1040 omnes
1196 976 1310 1058 qui
1370 975 1475 1042 hic
1532 985 1785 1040 tantum
1831 976 1914 1042 ab
1960 976 2175 1043 homi·

260 1067 429 1131 nibus
470 1061 721 1126 laudari
769 1072 834 1125 et
876 1061 1095 1144 aliquo
1142 1061 1514 1126 testimonio
1559 1062 1777 1127 ornari
1824 1068 2172 1145 quaerunt,

261 1167 547 1230 suamque
595 1148 1011 1212 autoritatem
1058 1147 1200 1213 solo
1245 1147 1584 1212 homiuum
1633 1148 1955 1231 applausu
2000 1147 2173 1212 tueri

256 1236 535 1318 cupiunt:
597 1253 750 1296 nam
807 1235 1101 1316 ipsorum
1159 1233 1592 1299 conscientias
1636 1251 1676 1297 a
1720 1234 1863 1300 Deo
1908 1232 2174 1299 tandem

257 1330 482 1405 oportet
526 1318 819 1398 excitari,
883 1338 1160 1401 quarum
1206 1318 1454 1385 calculo
1498 1317 2035 1397 condemnentur,
2093 1318 2173 1382 li-

253 1424 344 1475 cet
384 1404 605 1487 mundi
653 1404 996 1469 sententiis
1043 1404 1488 1470 absolvantur.
1576 1403 1903 1487 Equidem
1940 1404 2174 1488 impios

252 1504 310 1560 et
359 1492 701 1557 sceleratos
759 1488 1057 1555 homines
1116 1491 1322 1554 fateor
1380 1490 1506 1555 Dei
1564 1488 1852 1555 tribuual
1911 1510 2028 1574 pro
2071 1489 2172 1557 vi·

250 1578 416 1645 ribus
473 1577 793 1659 refugere.
870 1590 939 1639 et
995 1575 1413 1642 conscientiis
1472 1575 1806 1641 silentium
1864 1577 2173 1657 indicere,

249 1665 348 1731 sed
426 1664 690 1727 frustra.
779 1661 918 1727 Nos
981 1681 1138 1726 vero
1205 1672 1452 1739 contra,
1519 1661 1745 1728 sedulo
1809 1683 1932 1728 nos
1996 1664 2174 1745 ipsos

247 1751 728 1832 interrogemus,
809 1756 884 1812 ιιι
949 1767 1082 1811 ιιοιι
1149 1746 1232 1812 ab
1295 1747 1527 1813 horum
1596 1748 1700 1813 vel
1766 1748 2027 1814 illorum
2094 1747 2175 1813 de

243 1836 415 1900 nobis
458 1833 770 1898 laudibus
814 1833 1235 1916 pendeamus,
1293 1835 1405 1899 sed
1451 1834 1700 1899 interni
1742 1833 1980 1900 iudicis
2024 1854 2174 1900 sen·

244 1922 494 1986 tentiam
556 1918 935 1984 audiamus:
997 1920 1371 2003 dictumque
1431 1920 1616 1986 Petri
1672 1918 1947 2003 apostoli
1991 1941 2175 1985 usur-

239 2027 458 2091 pemus
519 2027 642 2070 nos
687 2006 1118 2083 admonentis,
1175 2017 1252 2071 ut
1294 2005 1729 2072 conscientias
1775 2012 2030 2071 nostras
2073 2006 2175 2069 in-

239 2106 659 2174 terrogemus.
748 2089 1149 2173 Quanquam
1223 2092 1660 2175 interrogandi
1721 2110 1969 2171 vocem,
2054 2112 2175 2176 pro

235 2178 643 2260 respondendi
688 2176 928 2243 Petrus
973 2178 1228 2260 accipit,
1275 2199 1476 2260 quum
1522 2178 1634 2261 ait,
1679 2177 2006 2261 baptisma
2041 2194 2174 2242 non

237 2287 368 2330 esse
445 2264 790 2328 lavacrum
859 2264 1154 2328 exterius
1219 2261 1303 2329 ad
1369 2263 1819 2347 repurgandae
1883 2262 2174 2346 corporis

232 2350 463 2430 sordes,
523 2349 644 2414 sed
693 2368 834 2414 esse
879 2349 1097 2431 potius
1141 2349 1382 2415 bonum
1427 2350 1861 2416 conscientiae
1904 2370 2171 2432 respon·

229 2458 381 2513 sum,
439 2455 572 2517 quo
638 2434 789 2499 freti
849 2456 1066 2500 coram
1128 2433 1273 2500 Deo
1328 2456 1704 2519 comparere
1761 2456 1888 2501 non
1931 2434 2169 2501 metui-

228 2542 379 2586 mus.
470 2519 618 2586 Sed
665 2521 1094 2603 interroyandi
1137 2541 1296 2586 voce
1330 2523 1561 2597 utitur,
1609 2530 1682 2586 ut
1716 2521 2016 2587 ostendat
2048 2540 2169 2585 nos

223 2627 556 2689 nunquam
612 2626 804 2671 nosse
839 2607 951 2688 qui
986 2608 1210 2686 simus,
1255 2606 1383 2672 nisi
1420 2628 1539 2672 nos
1571 2606 1748 2690 ipsos
1784 2608 1928 2672 sine
1963 2606 2166 2673 simu-

226 2694 454 2757 latione
501 2704 576 2756 et
626 2691 957 2776 hypocrisi
992 2694 1491 2776 interrogemus,
1536 2701 1732 2776 prout
1765 2691 2171 2775 experientia

221 2778 520 2846 certiores
585 2799 712 2843 nos
769 2778 981 2856 faciet,
1039 2776 1154 2843 sed
1212 2780 1502 2844 severius
1560 2778 1628 2843 in
1686 2797 1806 2845 nos
1848 2780 2023 2862 ipsos
2066 2777 2171 2843 in-

224 2868 576 2948 quiramus.
671 2863 817 2928 Nae
877 2863 1027 2929 licet
1083 2864 1501 2947 compedibus
1566 2864 1859 2930 vinctum
1902 2864 1975 2928 in
2020 2863 2170 2930 vin-

222 2952 372 3016 culis
415 2950 635 3016 iudex
674 2949 1109 3015 facinorosum
1143 2951 1516 3033 quempiam
1556 2949 1862 3031 detineat,
1909 2950 2170 3017 tametsi

221 3040 298 3101 sit
337 3034 929 3120 flagitiosissimus,
974 3056 1250 3119 poenam
1298 3037 1587 3120 effugere
1629 3037 1890 3121 poterit,
1930 3037 2055 3102 nisi
2099 3037 2171 3101 in

219 3122 386 3188 illius
445 3123 713 3188 scelera
768 3134 834 3186 et
891 3123 1143 3205 flagitia
1187 3120 1534 3207 diligenter
1574 3124 1970 3206 inquiratur.
2062 3120 2174 3189 Sic

217 3230 412 3291 quum
459 3230 593 3274 nos
643 3207 770 3272 hoe
814 3207 1065 3273 honore
1109 3209 1291 3274 Deus
1334 3208 1539 3274 afficit
1570 3216 1650 3273 ut
1685 3210 1896 3276 nostri
1926 3207 2174 3275 iudices

216 3296 433 3372 simus,
508 3315 653 3359 non
723 3303 825 3359 est
891 3293 1337 3377 negligentius
1404 3294 1753 3379 agendum,
1820 3314 2034 3379 neque
2092 3293 2174 3358 ad

212 3393 472 3463 peccata
519 3378 704 3447 oculi
753 3378 1118 3461 claudendi,
1174 3389 1290 3444 aut
1335 3401 1527 3445 aures
1568 3380 2002 3446 obturandae:
2061 3377 2176 3447 sed

212 3468 424 3549 potius
472 3467 562 3532 ad
615 3487 912 3549 unguem
956 3464 1385 3549 expendenda
1429 3465 1691 3549 singula
1726 3467 1897 3533 facta
1932 3483 2173 3533 nostra.

209 3553 391 3619 'l'unc
452 3553 650 3618 enim
704 3552 942 3618 bonam
998 3552 1463 3618 conscientiam
1508 3552 1915 3632 habebimus,
1971 3572 2177 3635 quum

209 3640 479 3722 quisque
545 3638 741 3703 vitae
796 3657 955 3703 suae
1011 3636 1277 3704 sedulus
1342 3638 1692 3721 inquisitor
1757 3639 1974 3718 fuerit,
2039 3658 2174 3703 non

206 3744 309 3790 ore
369 3736 679 3803 tantum,
745 3723 859 3790 sed
921 3730 1058 3788 toto
1118 3725 1338 3789 animo
1385 3736 1454 3789 et
1497 3724 1692 3790 corde
1737 3725 1880 3790 Deo
1924 3724 2178 3790 servire

206 3812 513 3894 cupiens:
577 3820 784 3892 atque
838 3808 1000 3874 haec
1055 3808 1185 3874 erit
1238 3830 1459 3876 eoram
1515 3811 1642 3876 Dei
1686 3809 2007 3893 quaedam
2074 3811 2175 3873 in-

206 3898 591 3981 terrogatio.
690 3895 1045 3961 Caeterum
1104 3896 1414 3978 quoniam
1469 3896 1662 3960 multi
1722 3894 1848 3960 Dei
1906 3896 2177 3961 nomine

206 3984 582 4049 abutuntur
634 3982 838 4045 etiam
882 3981 949 4045 in
994 3981 1399 4059 iuramentis,
1460 3981 1697 4048 idcirco
1742 3980 2012 4047 Samuel
2055 3982 2178 4047 ho-

206 4068 456 4135 minum
552 4066 886 4133 iudicium
967 4086 1115 4132 cum
1192 4066 1321 4133 Dei
1386 4068 1757 4153 cognitione
1820 4068 2177 4152 coniungit.

203 4154 667 4238 Experientia
713 4152 887 4220 enim
935 4152 1123 4219 docet
1166 4174 1276 4220 eos
1319 4154 1431 4236 qui
1475 4154 1762 4219 maxime
1805 4164 1963 4220 sunt
1995 4155 2178 4236 flagi·

202 4242 348 4307 tiosi
395 4244 814 4326 plerumque
860 4248 1081 4304 tamen
1127 4260 1205 4305 eo
1248 4239 1695 4323 impudentiae
1731 4240 2061 4320 devenire,
2104 4247 2180 4306 ut

199 4325 415 4393 Deum
468 4326 785 4393 audeant
829 4334 1064 4390 testem
1110 4325 1447 4393 advocare.
1535 4325 1649 4393 Sic
1694 4333 1771 4391 ιιι
1811 4327 1936 4395 sibi
1983 4326 2180 4392 fidem

201 4412 444 4478 faciant
485 4413 927 4488 deici-atores,
964 4412 1033 4474 in
1071 4431 1183 4477 ore
1219 4411 1347 4477 Dei
1372 4433 1608 4478 nomen
1632 4433 1890 4497 semper
1912 4413 2178 4479 habent.

199 4496 274 4563 Si
309 4501 464 4583 quis
507 4509 798 4565 tantum
834 4497 1045 4562 levem
1084 4497 1366 4582 aliquam
1404 4498 1487 4564 ob
1522 4499 1778 4582 culpam
1815 4507 2177 4579 accusetur,

201 4596 262 4648 et
331 4585 823 4651 admonendus
893 4580 973 4647 de
1030 4581 1164 4662 illa,
1232 4592 1298 4650 et
1355 4585 1421 4650 iu
1485 4586 1667 4651 viam
1710 4584 1942 4651 salutis
1987 4585 2182 4650 redu-

197 4671 445 4738 cendus
512 4670 928 4748 advocetur,
983 4669 1205 4734 statim
1267 4670 1348 4735 ad
1407 4669 1535 4737 Dei
1579 4691 1820 4736 nomen
1868 4679 2184 4754 tanquam

199 4758 273 4818 ad
350 4759 648 4844 asylum
725 4753 1038 4838 confugit,
1111 4763 1470 4839 testemque
1533 4756 1864 4836 inclamat,
1950 4777 2185 4840 parum

197 4842 531 4911 sollicitus
601 4842 697 4906 de
740 4840 948 4907 divini
995 4841 1279 4907 nominis
1323 4842 1797 4924 profanatione.
1884 4841 2186 4926 Denique

197 4934 495 4995 maxime
544 4934 796 4994 sontes
848 4925 1234 5009 plerumque
1294 4926 1519 4993 videas
1563 4929 1632 4993 in
1678 4928 2027 4994 deierando
2070 4950 2185 4994 au·

199 5012 500 5083 daciores
585 5023 666 5081 et
727 5009 1243 5095 impudentiores
1317 5013 1387 5077 in
1443 5015 1573 5080 Dei
1639 5016 1906 5080 nomine
1972 5015 2185 5098 profa-

196 5104 440 5177 nando,
492 5112 572 5167 et
623 5099 825 5183 parvi
871 5096 1183 5164 faciendo.
1273 5098 1542 5165 Samuel
1579 5100 1750 5165 hanc
1786 5100 1866 5165 ob
1903 5120 2187 5181 causam,

199 5207 280 5253 ne
365 5189 506 5253 Dei
599 5183 1055 5271 praesentiam
1136 5192 1383 5251 temere
1447 5185 1797 5252 advocasse
1861 5184 2185 5265 videatur,

197 5276 402 5341 etiam
474 5296 555 5342 se
622 5291 854 5340 coram
913 5290 1070 5353 rege
1129 5278 1194 5336 et
1253 5272 1561 5338 universo
1604 5273 1862 5356 populo,
1921 5293 2187 5339 causam

1559 353 1662 421 IN
1701 351 1758 419 1.
1805 355 1987 423 LIB.
2032 353 2439 423 SAMUEL.
2482 354 2683 467 QAP.
2725 356 2891 424 XII.

4089 358 4221 424 682

2276 565 2465 613 suam
2507 545 2726 613 dicere
2768 552 3076 631 paratum
3119 552 3472 613 asseverat.

2278 632 2460 716 plum
2535 632 2898 710 imitentur,
2978 632 3088 715 qui
3152 631 3278 699 sibi
3340 631 3540 698 fidem
3605 631 3901 698 adhiberi
3965 634 4219 712 volunt,

2275 739 2480 803 quum
2534 738 2691 784 suas
2748 717 2976 785 laudes
3033 717 3429 801 praedicant,
3485 727 3561 783 ut
3601 739 3743 785 sese
3785 719 4076 785 omnium
4121 719 4218 784 iu·

2277 805 2445 870 dicio
2505 805 2762 882 sistant,
2822 812 2890 869 et
2932 802 3106 888 quod
3151 804 3558 888 experientia
3601 802 3914 886 docuerit,
3957 827 4219 890 exspec-

2276 898 2439 956 tent.
2525 889 2699 955 Nam
2743 909 2930 973 quae,
2988 889 3274 970 obsecro,
3314 890 3430 954 illa
3472 890 3728 955 insania
3769 890 3953 969 foret,
3998 891 4217 957 Deum

2276 975 2358 1041 ab
2415 975 2633 1059 aliquo
2690 984 2924 1041 testem
2982 974 3303 1054 advocari,
3363 996 3565 1059 quum
3622 984 3843 1041 tamen
3886 976 4063 1042 inter
4106 977 4220 1044 ho-

2275 1063 2489 1127 mines
2547 1061 2753 1145 possit
2808 1061 3155 1127 manifeste
3200 1061 3476 1127 alicuius
3519 1061 3753 1145 flagitii
3798 1062 4101 1128 convinci
4147 1075 4218 1128 et

2275 1145 2630 1231 redargui?
2720 1146 2907 1229 Quae
2966 1146 3294 1212 dementia
3349 1147 3482 1226 illa,
3537 1147 3593 1213 si
3637 1148 3781 1230 quis
3821 1148 4217 1215 facinoribus

2275 1233 2411 1299 suis
2439 1232 2727 1313 infamis,
2769 1232 2957 1300 velut
2978 1232 3320 1298 hominum
3357 1232 3610 1298 exsulet
3644 1234 3970 1312 societate,
4016 1241 4085 1299 et
4116 1242 4217 1299 ta-

2275 1340 2429 1384 men
2487 1317 2712 1384 Deum
2767 1339 2887 1402 pro
2945 1339 3017 1385 se
3060 1326 3295 1385 testem
3339 1318 3554 1385 ferat?
3615 1326 3691 1384 ut
3733 1340 3865 1385 non
3909 1319 4103 1386 modo
4146 1341 4216 1386 se

2276 1425 2411 1470 non
2465 1412 2726 1472 accuset
2770 1413 2838 1470 et
2879 1406 3213 1472 conscium
3258 1414 3589 1490 agnoscat,
3653 1404 3765 1471 sed
3813 1405 3894 1471 de
3940 1425 4012 1470 se
4054 1406 4219 1471 nolit

2276 1490 2434 1556 ferri
2477 1490 2826 1558 iudicium:
2886 1489 3059 1573 quod
3094 1491 3388 1557 indicant
3419 1489 3572 1556 illae
3606 1511 3817 1571 voces,
3864 1491 4098 1574 quibus
4134 1492 4217 1557 ad

2275 1575 2406 1642 Dei
2475 1578 2815 1643 scientiam
2886 1584 3212 1659 provocat,
3289 1597 3419 1660 qua
3482 1577 3748 1643 videtur
3813 1578 4215 1644 contrarium

2277 1682 2505 1728 eorum
2554 1683 2720 1746 quae
2765 1662 3171 1746 experientia
3215 1662 3632 1747 comprobata
3675 1671 3833 1728 sunt
3869 1662 4037 1729 velle
4072 1684 4223 1745 per-

2278 1749 2577 1814 suadere.
2667 1749 2879 1813 'Panto
2936 1748 3162 1832 itaque
3216 1747 3594 1832 diligentius
3636 1747 3814 1814 istud
3856 1748 4219 1816 notandum

2279 1843 2397 1910 est,
2443 1842 2517 1899 ut
2560 1834 2615 1899 si
2660 1843 2920 1900 nostrae
2964 1835 3375 1901 innocentiae
3418 1834 3615 1900 fidem
3649 1836 3861 1900 facere
3898 1836 4220 1914 volumus,

2279 1941 2363 1984 ne
2426 1927 2684 1985 tantum
2724 1919 2962 1985 bonam
3005 1921 3293 2002 aliquam
3335 1921 3771 1986 intentionem
3815 1921 3888 1985 in
3928 1920 4212 1986 medium

2279 2003 2672 2085 adferamus,
2730 2016 2846 2072 aut
2899 2004 3187 2089 aliquam
3242 2007 3685 2073 innocentiam
3738 2015 4215 2089 praetexamus,

2278 2089 2392 2157 sed
2436 2092 2658 2175 potius
2701 2092 2772 2155 in
2817 2092 3027 2174 ipsam
3066 2112 3328 2158 causam
3372 2091 3617 2175 inquiri
3659 2092 3962 2168 velimus,
4024 2103 4091 2158 et
4133 2114 4217 2157 ex

2278 2196 2357 2242 ea
2407 2177 2719 2243 iudicium
2776 2177 2951 2244 ferri.
3040 2177 3345 2262 Denique
3401 2180 3457 2243 si
3514 2176 3817 2244 omnibus
3876 2177 4221 2243 sententiis

2277 2261 2530 2329 absolvi
2588 2264 2909 2346 cupimus,
2961 2283 3225 2330 necesse
3283 2272 3384 2330 est
3434 2271 3507 2328 ut
3548 2263 3694 2329 Deo
3740 2272 4005 2329 nostrae
4047 2264 4219 2329 inte·

2276 2349 2537 2434 gritatis
2596 2357 2782 2425 teste,
2842 2350 3042 2414 etiam
3095 2349 3269 2417 facta
3310 2351 3452 2432 ipsa
3493 2369 3712 2416 coram
3759 2348 4059 2414 omnibus
4102 2370 4218 2415 ex·

2273 2433 2668 2519 pendantur,
2714 2445 2781 2499 et
2824 2434 2905 2500 de
2947 2436 3046 2512 iis,
3090 2444 3289 2518 prout
3332 2457 3437 2501 res
3478 2436 3746 2501 inventa
3779 2436 3997 2511 fuerit,
4038 2433 4209 2499 iudi·

2274 2521 2449 2587 cium
2493 2519 2759 2597 feratur,
2806 2530 2882 2586 ut
2928 2520 3091 2586 tales
3135 2520 3495 2587 habeamur
3536 2520 3760 2605 quales
3804 2520 4216 2604 experientia

2271 2606 2517 2672 feeerit.
2604 2609 2695 2672 Et
2737 2604 2817 2673 de
2862 2606 2987 2673 hoc
3023 2606 3168 2673 loco
3210 2609 3388 2674 satis.

2445 2693 2654 2759 Porro
2724 2712 2910 2758 suam
2981 2692 3432 2760 innocentiam
3498 2691 3607 2758 his
3663 2691 3885 2759 verbis
3943 2691 4212 2759 Samuel

2272 2786 2525 2846 tuetur:
2588 2779 3046 2862 Tastificamini
3094 2783 3303 2845 eontra
3356 2799 3469 2857 me,
3528 2800 3673 2845 sum
3730 2778 3905 2843 enim
3952 2786 4219 2861 paratus

2276 2866 2595 2932 rationem
2649 2865 2941 2945 reddere,
3006 2884 3220 2931 coram
3276 2864 3506 2930 lehova
3561 2869 3618 2929 et
3671 2868 3853 2929 wncto
3915 2865 4072 2942 eius,
4131 2882 4216 2928 an

2275 2951 2499 3038 gravis
2543 2950 2663 3017 ulli
2707 2954 2944 3017 fuerim
2986 2951 3236 3034 rapinis
3278 2959 3348 3016 et
3390 2949 3848 3017 vexationibus
3891 2968 3968 3015 ac
4002 2947 4218 3031 direp-

2278 3037 2603 3117 tionibus;
2657 3039 2843 3104 cuius
2897 3037 3104 3103 bovem
3151 3036 3509 3120 acceperim,
3565 3039 3680 3100 aut
3731 3035 3913 3101 maius
3963 3033 4218 3100 asinum

2276 3124 2637 3207 acceperim
2690 3127 2803 3191 aut
2852 3143 3035 3206 quem
3084 3122 3545 3206 fraudaverim,
3600 3126 3715 3187 aut
3748 3141 3927 3203 quem
3968 3138 4216 3186 concus-

2276 3212 2491 3292 serim,
2536 3213 2649 3275 aut
2690 3229 2724 3273 e
2761 3211 2946 3276 euius
2986 3229 3183 3275 manu
3223 3208 3565 3291 acceperim
3595 3206 4038 3288 redemptionis
4068 3225 4215 3287 pre-

2278 3298 2468 3363 tium:
2530 3299 2602 3361 ed
2656 3294 2945 3363 obderem
3002 3295 3210 3362 oculos
3270 3312 3437 3360 meos
3480 3298 3738 3377 propter
3777 3291 3958 3371 illud,
4019 3301 4087 3355 et
4129 3290 4218 3357 si-

2278 3383 2481 3448 milia.
2570 3381 2637 3448 N
2637 3403 2673 3446 e
2721 3403 2803 3447 ue
2846 3401 3003 3449 vero
3047 3381 3156 3447 hic
3196 3400 3425 3447 omnes
3468 3378 3664 3446 officii
3707 3385 3928 3461 partes
3965 3376 4119 3442 boni
4153 3384 4222 3442 et

2278 3468 2555 3553 legitimi
2599 3488 2689 3550 gu
2735 3467 3062 3534 ernatoris
3104 3473 3467 3545 enumerat,
3532 3463 3649 3531 sed
3690 3462 4219 3530 denominatione

2278 3555 2648 3637 aliquarum
2722 3556 2883 3621 satis
2938 3551 3224 3620 ostendit
3276 3574 3350 3618 se
3405 3550 3618 3617 officio
3677 3570 3795 3616 suo
3852 3550 4050 3615 fuisse
4110 3547 4220 3614 de-

2275 3642 2594 3719 functum,
2637 3646 2716 3704 ut
2757 3643 2815 3735 εξ
2858 3641 3004 3723 quis
3045 3658 3350 3706 accusare
3389 3638 3609 3722 ipsum
3652 3635 3924 3702 alicuius
3967 3634 4065 3699 rei
4101 3654 4218 3699 vo·

2278 3726 2496 3804 luerit,
2556 3725 2746 3792 facile
2790 3725 2916 3792 sibi
2960 3724 3050 3792 sit
3091 3724 3339 3792 crimen
3381 3723 3716 3806 repellere,
3775 3730 3844 3788 et
3887 3741 4076 3787 suam
4118 3719 4218 3785 in-

2279 3811 2652 3878 nocentiam
2732 3812 2925 3877 tueri.
3012 3812 3219 3878 Porro
3298 3811 3510 3895 primo
3574 3807 3887 3892 adspectu
3951 3805 4218 3874 Samuel

2279 3898 2391 3964 hic
2444 3896 2782 3964 videretur
2837 3897 3050 3964 laudis
3109 3896 3281 3982 apud
3340 3895 3640 3963 homines
3682 3892 4064 3960 retinendae
4106 3913 4220 3959 cu-

2278 3983 2514 4069 pidior,
2555 4003 2755 4066 quum
2801 3983 2949 4050 illos
2992 3983 3072 4049 de
3114 4004 3185 4049 se
3226 3982 3409 4048 iubet
3451 3980 3818 4048 testificari:
3882 4000 4037 4046 nam
4082 3998 4219 4044 om-

2281 4091 2418 4151 nes,
2461 4076 2539 4135 ut
2580 4070 2677 4134 ita
2720 4068 2952 4148 dicam,
3005 4067 3414 4135 adversarios
3454 4087 3606 4133 suos
3650 4074 3981 4150 provocat,
4036 4071 4103 4129 et
4148 4084 4217 4128 se

2279 4154 2577 4222 omnium
2632 4154 2873 4222 iudicio
2931 4155 3122 4234 sistit,
3179 4161 3491 4238 tanquam
3544 4150 3949 4237 intrepidum
4008 4160 4076 4215 et
4116 4170 4219 4214 se·

2281 4263 2534 4310 curum.
2624 4240 2759 4309 Sed
2824 4239 3304 4307 observandum
3370 4248 3491 4318 est,
3571 4237 3956 4305 necessitate
4018 4234 4220 4300 fuisse

2282 4329 2666 4397 Samuelem
2709 4327 3013 4395 adactum
3057 4325 3140 4392 ad
3184 4325 3311 4391 hoc
3347 4324 3758 4391 subeundum
3794 4341 4088 4398 examen,
4133 4340 4219 4385 ne

2281 4414 2480 4481 multi
2522 4422 2768 4481 temere
2801 4414 2912 4482 hic
2948 4411 3325 4482 Samuelem
3361 4411 3698 4476 simiarum
3732 4410 3943 4475 instar
3975 4406 4219 4471 imitari

2283 4500 2512 4579 velint,
2579 4500 2765 4566 nulla
2821 4508 3098 4584 urgente
3155 4497 3525 4565 occasione:
3602 4516 3802 4579 quum
3856 4493 3951 4560 sic
4009 4491 4221 4590 officio

2285 4587 2402 4652 fun
2490 4592 2666 4668 ntur,
2721 4594 2800 4652 ut
2856 4606 2989 4651 non
3032 4586 3311 4652 satisfiat
3351 4583 3528 4668 ipsis,
3578 4580 3708 4647 nisi
3751 4580 3960 4664 plenis
4003 4577 4220 4644 buccis

2284 4672 2393 4738 lau
2440 4681 2654 4752 entur,
2713 4671 3071 4755 laudesque
3128 4673 3150 4736 i
3196 4691 3419 4737 sorum
3473 4667 3690 4753 palam
3744 4664 4220 4765 praedicentur:

2286 4758 2540 4824 Verum
2592 4780 2728 4824 non
2786 4758 2949 4826 satis
2989 4765 3090 4824 est
3188 4755 3462 4821 amuelis
3505 4773 3729 4820 vocem
3773 4752 4038 4829 imitari,
4096 4771 4223 4815 ms1

2286 4844 2561 4928 spiritus
2613 4844 2791 4911 idem
2850 4845 2963 4928 qui
3020 4842 3395 4911 Samuelem
3436 4840 3617 4922 ipsos
3659 4846 3878 4922 regat:
3935 4835 4222 4920 quando·

2289 4928 2557 5014 quidem
2615 4952 2748 4997 non
2803 4931 2930 4996 alio
2987 4931 3120 4995 fine
3174 4948 3324 4994 cum
3379 4925 3617 5010 populo
3660 4930 3868 5009 agunt
3911 4943 4107 5006 quam
4150 4930 4225 4987 ut

2289 5017 2704 5082 autoritatem
2767 5037 2952 5083 suam
2997 5014 3380 5100 ampliorem
3425 5011 3686 5078 faciant.
3775 5007 3911 5074 Sed
3955 5007 4226 5075 Samuel

2290 5122 2494 5185 quum
2562 5123 2634 5168 se
2693 5101 3012 5189 dignitate
3069 5120 3189 5166 sua
3247 5098 3626 5176 abdicasset,
3697 5094 3910 5161 voluit
3966 5113 4229 5160 omnem

2290 5187 2503 5253 malae
2544 5187 3129 5255 administrationis
3171 5183 3607 5267 suspicionem
3651 5180 3812 5260 tolli,
3858 5202 3943 5246 ne
3967 5202 4098 5264 qua
4119 5202 4229 5246 su-

2291 5284 2583 5358 peresset
2642 5286 2797 5341 nota
2852 5282 2980 5358 q'ua
3034 5272 3245 5357 ipsius
3288 5267 3677 5355 gubernatio
3720 5268 3909 5333 fieret
3950 5266 4229 5333 infamis.

3560 544 3710 611 Hoc
3754 544 3965 630 igitur
3997 567 4218 613 exem·
