5059 6059
858 280 990 347 671

864 474 1153 540 fuerunt.
1242 470 1345 536 Ac
1401 466 1676 553 proinde
1731 465 1875 530 Deo
1930 464 2159 551 populi
2215 463 2394 531 illius
2436 464 2812 545 miserente,

865 558 1115 627 multae
1157 557 1449 624 offensae
1491 562 1647 620 sunt
1682 551 2168 629 condonandae,
2228 559 2296 617 et
2338 557 2661 635 perpetua
2700 549 2813 631 ἅμ-

865 655 1070 749 νηστίςι
1125 641 1493 727 sopiendae.
1581 639 1755 705 Nam
1810 659 2044 705 revera
2099 638 2291 719 longe
2334 636 2461 703 alia
2499 647 2604 702 est
2644 638 2812 702 ratio

865 733 1259 800 seditionum
1319 746 1488 811 quae
1552 731 1892 792 constante
1956 723 2288 807 republica
2351 723 2432 789 ab
2498 722 2813 807 improbis

866 829 933 885 et
993 815 1334 901 flagitiosis
1391 810 1768 879 hominibus
1813 810 2070 876 violatis
2111 808 2177 874 le
2227 808 2371 875 ‘bus
2413 808 2814 889 excitantur,

869 925 1068 990 quam
1111 922 1316 985 quum
1360 897 1736 983 perturbato
1779 903 1958 962 statu
2000 895 2187 978 reipu
2233 894 2415 971 licae,
2458 914 2662 977 quum
2695 915 2813 959 ne·

868 1012 996 1075 que
1048 991 1111 1055 le
1161 988 1301 1054 'bus
1362 1005 1574 1068 neque
1628 982 1873 1049 rationi
1914 982 2094 1048 locus
2137 989 2256 1062 est,
2311 979 2436 1046 sibi
2481 979 2813 1047 licentiam

867 1011 1180 1161 peccandi
1237 1071 1648 1157 permittunt.
1737 1066 1962 1149 Quare
2018 1065 2290 1134 Saulem
2345 1065 2455 1133 hic
2510 1064 2812 1132 videmus

867 1163 1228 1248 prudenter
1304 1178 1384 1224 ea
1444 1176 1611 1239 quae
1677 1152 1963 1220 diximus
2027 1151 2552 1218 considerantem
2574 1201 2591 1230 ,
2680 1172 2811 1217 non

869 1271 1013 1317 esse
1055 1265 1322 1332 passum
1365 1262 1598 1310 severe
1639 1241 1712 1305 in
1755 1238 2090 1305 seditionis
2125 1247 2385 1304 autores
2419 1237 2682 1321 inquiri,
2725 1256 2812 1302 ne

871 1333 1213 1419 sanguinis
1256 1327 1532 1396 humani
1575 1326 1761 1410 copia
1801 1324 2203 1391 funderetur.
2296 1322 2431 1391 Sed
2472 1334 2814 1406 praeterea

875 1421 1139 1487 videtur
1194 1416 1482 1483 indicare
1539 1412 1757 1478 Deum
1817 1411 1939 1477 toti
1995 1409 2240 1495 populo
2283 1410 2548 1494 culpam
2607 1410 2809 1474 remi-

868 1508 1032 1576 sisse
1097 1513 1173 1571 ut
1229 1502 1468 1568 festum
1527 1498 1714 1564 illum
1775 1495 1948 1563 diem
2003 1504 2296 1580 agerent,
2360 1493 2570 1579 deque
2625 1501 2815 1578 parta

873 1595 954 1661 ab
1013 1589 1312 1659 hostibus
1356 1585 1629 1653 victoria
1672 1583 2173 1666 triumpharent.
2261 1581 2364 1646 Ac
2400 1601 2559 1646 sane
2603 1600 2814 1662 quan-

873 1678 1223 1763 doquidem
1277 1673 1360 1739 ad
1414 1672 1619 1754 ipsius
1664 1669 2014 1752 imperium
2056 1667 2303 1752 singuli
2345 1673 2812 1742 convenerant,

871 1775 938 1832 et
980 1767 1153 1831 dicto
1188 1761 1393 1846 ipsius
1427 1754 1870 1832 obediverunt,
1908 1754 2266 1836 ducemque
2299 1752 2518 1836 ipsum
2555 1752 2815 1834 sequuti

869 1861 1102 1936 sponte
1165 1849 1448 1924 fuerant,
1509 1841 1746 1907 merito
1856 1838 2260 1906 raecedentis
2324 1839 2611 1904 offensae
2676 1847 2815 1901 tam

867 1944 1170 2022 prompta
1211 1929 1577 1998 obedientia
1620 1946 1799 1993 mere
1884 1935 1991 1991 tur
2031 1924 2445 1991 oblivionem.
2538 1920 2662 1990 Sin
2706 1921 2816 1988 hic

870 2044 1031 2091 vero
1095 2018 1332 2103 aliquis
1396 2021 1687 2100 quaerat,
1762 2032 1845 2078 an
1913 2012 2057 2078 Deo
2120 2012 2475 2077 miserente
2541 2008 2815 2073 alicuius

873 2108 1100 2194 populi
1158 2103 1519 2189 flagitiosos
1561 2099 1860 2165 homines
1904 2097 2268 2181 impunitos
2312 2114 2454 2160 esse
2497 2115 2537 2159 o
2584 2101 2816 2193 orteat‚

877 2205 943 2261 et
985 2195 1206 2279 legum
1249 2195 1644 2273 potestatem
1678 2184 1998 2263 imminui,
2043 2183 2228 2265 quasi
2269 2199 2511 2264 peccan
2564 2181 2576 2194 ”
2617 2178 2816 2245 licen-

876 2282 972 2346 tia
1038 2277 1474 2362 permittatur,
1539 2291 1744 2354 quum
1809 2268 1992 2335 Deus
2057 2267 2418 2334 bonitatem
2491 2284 2678 2330 suam
2747 2273 2818 2330 et

876 2362 1389 2432 misericordiam
1468 2359 1535 2423 in
1615 2357 1901 2440 aliquam
1980 2354 2212 2420 urbem
2286 2360 2404 2419 aut
2484 2352 2815 2435 regionem

876 2459 1170 2526 exercet,
1230 2445 1439 2512 facilis
1495 2463 1656 2509 sane
1697 2442 2052 2524 responsio,
2119 2439 2175 2504 si
2219 2437 2382 2504 haec
2423 2458 2575 2504 cum
2600 2456 2818 2536 'supra

877 2536 1073 2603 dictis
1119 2533 1613 2614 coniungamus.
1700 2527 1876 2593 Nam
1929 2545 2123 2609 saepe
2166 2524 2351 2590 Deus
2415 2524 2486 2588 in
2530 2522 2817 2605 aliquem

880 2622 1193 2706 populum
1236 2613 1739 2685 beneficentiam
1779 2633 1968 2679 suam
2013 2610 2280 2691 exserit,
2326 2616 2402 2676 ιιι
2444 2631 2519 2674 1n
2558 2620 2816 2706 pertur-

882 2711 1138 2774 batores
1217 2703 1512 2787 publicae
1591 2692 2081 2782 tranquillitatis
2144 2696 2535 2779 inquiratur,
2615 2705 2684 2760 et
2746 2714 2814 2758 m

877 2796 1053 2879 ipsos
1116 2790 1447 2858 convictos
1510 2786 1803 2852 severius
1868 2781 2453 2850 animadvertatur.
2562 2779 2818 2844 Verum

881 2882 939 2946 si
1017 2885 1249 2946 contra
1310 2873 1453 2938 Deo
1518 2871 1956 2937 benefaciente
2020 2868 2217 2934 alicui
2284 2867 2524 2950 populo
2590 2863 2817 2930 nullus

879 2972 1096 3050 potest
1169 2959 1554 3028 nominatim
1635 2956 1996 3041 flagitiosus
2061 2954 2409 3038 designari,
2485 2953 2558 3016 in
2625 2971 2821 3033 quem

878 3049 1270 3136 inquiratur,
1328 3044 1443 3111 sed
1499 3043 1794 3109 omnium
1851 3041 2045 3124 culpa
2095 3039 2459 3104 communis
2501 3043 2621 3116 est,
2681 3047 2820 3101 tum

878 3134 1249 3204 adhibenda
1313 3131 1673 3197 moderatio
1729 3127 1849 3192 illa
1900 3138 2002 3193 est
2056 3124 2137 3190 de
2193 3146 2323 3208 qua
2379 3123 2487 3190 hio
2543 3122 2818 3222 agimus.

883 3223 1047 3289 Saul
1103 3221 1308 3304 igitur
1363 3217 1486 3282 hac
1541 3236 1700 3281 usus
1755 3225 1858 3279 est
1911 3211 2379 3289 moderatione,
2431 3216 2820 3292 praesertim

881 3310 1179 3386 intuitus,
1245 3307 1402 3371 istos
1446 3300 1752 3367 seditiose
1795 3318 2256 3376 murmurasse,
2311 3304 2661 3379 antequam
2706 3293 2821 3358 ad-

886 3397 1015 3461 huc
1077 3390 1352 3458 subiecti
1406 3388 1627 3472 regiae
1684 3384 1984 3469 potestati
2043 3384 2339 3461 fuissent,
2398 3380 2601 3447 veluti
2649 3380 2822 3445 feras

879 3480 1096 3546 adhuc
1159 3475 1509 3543 indomitas
1573 3480 1640 3538 et
1702 3471 2131 3537 effraenatae:
2208 3466 2326 3533 sed
2387 3487 2530 3533 sese
2596 3473 2820 3532 tamen

881 3565 1252 3641 subiecisse,
1298 3580 1505 3644 neque
1549 3559 1623 3625 in
1660 3556 1910 3622 malitia
1944 3563 2012 3620 et
2045 3553 2398 3621 rebellione
2433 3553 2821 3636 perrexisse,

879 3649 996 3718 sed
1070 3650 1320 3715 crimen
1396 3646 1724 3713 confessos
1803 3640 2277 3726 quodammodo
2342 3640 2504 3705 satis
2575 3638 2820 3717 fecisse,

883 3757 1091 3820 quum
1167 3753 1392 3818 regem
1457 3731 1825 3799 salutarunt
1903 3734 1971 3792 et
2032 3728 2496 3810 imperatorem
2561 3726 2822 3808 sequuti

884 3830 1059 3887 sunt.
1163 3821 1255 3885 Et
1316 3838 1449 3882 non
1512 3823 1773 3883 tantum
1837 3811 2060 3879 verbis
2119 3823 2190 3877 et
2249 3811 2464 3896 specie
2529 3818 2821 3887 externa,

884 3906 999 3974 sed
1042 3905 1244 3971 etiam
1287 3925 1361 3969 re
1409 3904 1553 3986 ipsa
1594 3902 1660 3966 id
1718 3900 2248 3983 comprobarunt,
2312 3917 2514 3980 quum
2574 3895 2824 3962 relictis

885 3989 1186 4059 domibus
1241 3997 1308 4055 et
1364 3988 1775 4055 facultatibus
1834 3985 1916 4050 ad
1970 3985 2175 4069 ipsius
2226 3982 2573 4068 imperium
2618 3983 2822 4049 coacti

886 4087 1062 4146 sunt.
1147 4075 1372 4157 Quare
1429 4073 1662 4139 merito
1720 4072 1886 4140 Saul
1943 4071 2105 4138 haec
2165 4070 2388 4135 omnia
2429 4088 2824 4154 cognoscens

884 4166 996 4243 ait,
1040 4162 1262 4229 Deum
1302 4160 1580 4227 salutem
1623 4159 1736 4223 illa
1780 4157 1886 4223 die
1925 4156 2164 4241 populo
2209 4154 2481 4236 dedisse,
2542 4175 2618 4222 ac
2661 4175 2821 4238 gau-

887 4251 1068 4316 dium
1093 4269 1233 4314 esse
1256 4266 1599 4313 commune
1620 4253 1941 4328 oportere,
1978 4263 2110 4309 non
2134 4241 2537 4308 turbandum
2558 4240 2821 4324 sangui-

884 4338 988 4402 nis
1031 4335 1382 4400 effusione:
1428 4340 1648 4397 tantae
1690 4331 2072 4414 praesertim
2117 4328 2577 4394 multitudinis.
2644 4330 2824 4397 Hinc

884 4422 1303 4504 conspicuum
1364 4415 1681 4502 quomodo
1739 4436 1926 4499 reges
1971 4424 2035 4480 et
2079 4416 2500 4499 magistratus
2545 4415 2822 4482 clemen-

887 4510 979 4575 tia
1034 4515 1331 4582 utantur,
1387 4514 1455 4569 et
1497 4502 1763 4568 veniam
1806 4512 1874 4567 et
1914 4501 2377 4585 impunitatem
2437 4500 2821 4582 concedant,

885 4614 1086 4677 quum
1109 4591 1174 4656 id
1220 4591 1514 4675 aequitas
1547 4597 1616 4654 et
1655 4610 1788 4654 non
1833 4587 2100 4653 ambitio
2137 4586 2588 4670 postulaverit.
2627 4585 2827 4655 Simi-

887 4681 1038 4745 liter
1072 4677 1400 4743 Davidem
1446 4675 1742 4741 videmus
1774 4694 1981 4757 regno
2015 4693 2134 4739 suo
2167 4671 2499 4740 redditum
2535 4683 2602 4739 et
2632 4675 2824 4740 resti-

886 4775 1128 4841 tutum,
1170 4764 1349 4829 nolle
1389 4763 1458 4828 in
1503 4782 1614 4828 eos
1658 4758 2118 4838 animadverti,
2162 4759 2276 4842 qui
2319 4781 2561 4843 poenas
2602 4770 2821 4827 tamen

886 4851 1323 4928 merebantur,
1382 4856 1449 4916 et
1507 4849 1574 4913 in
1635 4866 1876 4931 magno
1933 4865 2210 4911 numero
2269 4854 2481 4911 erant.
2569 4847 2821 4913 Verum

890 4959 1022 5002 non
1077 4947 1179 5002 est
1235 4935 1421 5002 nobis
1473 4935 1805 5018 integrum
1848 4931 2138 4998 iudicare
2179 4952 2267 4996 an
2311 4930 2639 4999 laudabile
2682 4934 2823 4998 fue·

889 5024 977 5087 rit
1018 5021 1297 5087 Davidis
1338 5021 1503 5087 illud
1547 5021 1827 5087 factum:
1873 5017 2399 5102 quandoquidem
2433 5017 2516 5084 ad
2560 5024 2820 5102 tempus

890 5115 1150 5172 tantum
1204 5108 1335 5174 illis
1389 5106 1653 5174 veniam
1708 5104 2017 5184 indulsit;
2076 5111 2144 5168 et
2194 5103 2319 5170 sub
2373 5106 2606 5171 mortis
2663 5125 2822 5173 suae

887 5202 1146 5279 tempus
1204 5214 1446 5277 poenas
1503 5193 1584 5260 ab
1639 5190 1774 5259 illis
1815 5190 2099 5276 resposci
2143 5195 2536 5256 testamento
2578 5193 2819 5258 consti-

2462 275 2877 343 HOMILIA
2922 276 3267 345 XXXIX.
4658 291 4740 358 672

2917 464 3066 530 tuit.
3158 464 3545 534 Oontrariae
3598 488 3760 535 sane
3810 467 3988 535 inter
4041 489 4115 537 se
4157 469 4466 537 actiones:
4514 472 4740 545 Davidem

2916 548 3094 617 nolle
3151 551 3232 616 de
3288 553 3635 638 flagitiosis
3692 564 3759 621 et
3815 552 4167 623 rebellibus
4221 575 4462 637 poenas
4509 561 4664 625 sumi:
4701 576 4742 628 et

2915 634 3154 703 deinde
3212 638 3421 705 filium
3477 639 3705 707 iubere
3761 639 3831 705 id
3890 640 4102 707 facere
4168 641 4345 724 quod
4410 642 4744 724 prohibuerat.

2916 720 3054 788 Sed
3097 723 3424 790 Davidem
3466 736 3569 792 est
3614 725 3968 792 verisimile
4009 727 4337 793 immensa
4379 727 4593 794 laetitia
4621 733 4745 800 affet-

2917 817 3080 889 tum,
3145 816 3221 875 ut
3282 820 3442 877 sunt
3505 811 3846 878 hominum
3912 813 4252 895 passiones
4321 814 4462 878 sine
4516 836 4748 898 mensura,

2915 913 3050 960 non
3109 895 3469 964 attendisse
3529 897 3693 981 qnid
3746 897 3944 964 officii
3986 896 4091 965 sui
4134 898 4306 965 ratio
4351 901 4668 983 postularet,
4705 922 4750 968 nt

2912 978 3062 1047 idco
3114 979 3350 1048 deinde
3398 996 3676 1068 cogatur
3731 983 3868 1050 filio
3925 1005 4154 1051 curam
4196 985 4375 1050 illius
4419 986 4605 1053 iudicii
4636 1009 4748 1054 com·

2913 1066 3194 1144 mittere,
3235 1067 3407 1151 quod
3447 1068 3589 1152 ipse
3624 1069 4027 1155 neglexerat.
4074 1068 4210 1138 Sed
4251 1071 4382 1136 alia
4424 1083 4530 1152 est,
4565 1082 4625 1137 ut
4648 1074 4753 1140 ‹lixi-

2914 1174 3084 1236 mus,
3147 1149 3372 1220 Saulis
3424 1153 3581 1222 facti
3640 1156 3827 1222 ratio.
3915 1156 4219 1223 Primum
4278 1157 4451 1222 enim
4511 1157 4753 1225 sedidcniu

2912 1238 3096 1305 illius
3130 1245 3391 1306 autores
3426 1240 3897 1310 animadvertit
3940 1263 4073 1308 non
4106 1263 4250 1309 esse
4283 1244 4516 1327 exiguo
4546 1266 4757 1311 numero.

2915 1324 3172 1391 Deinde
3214 1333 3424 1391 ortam
3470 1325 3553 1391 ab
3595 1327 3728 1393 illis
3772 1327 4158 1394 seditionem
4204 1327 4580 1411 perturbatis
4615 1330 4757 1395 adhue

2911 1410 3129 1491 rebus,
3174 1421 3242 1475 et
3282 1412 3536 1477 incerto
3581 1411 3977 1496 reipublicae
4019 1423 4216 1480 statu.
4279 1414 4567 1498 Denique
4602 1428 4760 1499 sponte

2915 1497 3115 1563 etiam
3174 1497 3434 1565 venisse
3488 1497 3570 1562 ad
3623 1500 3832 1582 ipsius
3885 1499 4237 1582 imperium
4293 1499 4542 1584 culpam
4577 1502 4758 1585 agnitu·

2914 1604 3025 1650 ros
3082 1592 3150 1649 et
3206 1582 3576 1649 obedientia
3635 1585 4043 1669 superiorem
4100 1585 4421 1652 offensam
4471 1608 4760 1671 compensa·

2916 1679 3100 1736 turos
3143 1678 3212 1735 et
3253 1667 3607 1735 delaturos.

3087 1754 3418 1837 Deinceps
3453 1756 3763 1837 sequitur,
3817 1754 4171 1823 Samuelem
4200 1757 4530 1824 deduxisse
4540 1758 4764 1841 populun

2922 1840 3257 1925 Gilyalem,
3323 1846 3382 1906 et
3442 1840 3535 1906 ibi
3595 1842 3797 1925 fuisse
3857 1862 4119 1925 reynum
4188 1841 4413 1909 Saulis
4465 1850 4763 1922 renovatus,

2914 1946 3230 2011 reyemque
3279 1926 3483 2009 fuisse
3537 1928 3932 1993 mestitutum
3984 1947 4196 1994 coram
4238 1928 4489 2013 Iehove,
4544 1929 4677 2010 fado
4704 1950 4766 1995 sn-

2914 2013 3147 2094 crificio
3181 2012 3422 2079 solenni
3457 2013 3885 2098 eucharistico,
3927 2013 4340 2096 laetammque
4389 2013 4621 2081 Βααῑαιο
4651 2015 4767 2079 volue-

2913 2103 3147 2164 menter
3210 2117 3350 2164 cum
3405 2099 3692 2164 omnibus
3736 2099 4072 2166 Israelitis.
4160 2098 4350 2181 Quae
4394 2099 4570 2185 regni
4605 2101 4768 2166 confir·

2916 2187 3116 2250 matio
3172 2183 3348 2251 facta
3388 2201 3505 2262 est,
3568 2185 3840 2249 minime
3879 2184 4053 2268 quod
4095 2206 4230 2252 non
4273 2186 4591 2253 sufficeret
4625 2185 4773 2251 decla·

2915 2271 3084 2337 ratio
3126 2269 3243 2335 illa
3285 2277 3353 2334 et
3395 2270 3656 2354 publica
3698 2271 4045 2355 patefactio
4087 2292 4130 2337 a
4166 2272 4455 2338 Domino
4487 2273 4666 2346 facta;
4698 2271 4770 2335 esd

2916 2355 3091 2441 quod
3141 2353 3441 2421 homines
3496 2376 3628 2422 non
3687 2357 3831 2422 sine
3885 2355 4271 2423 difficultate
4325 2358 4451 2425 sub
4490 2359 4685 2442 iugum
4714 2355 4774 2421 sl·

2918 2444 3125 2509 terius
3186 2441 3531 2525 potestatis
3566 2442 3977 2507 omittantur:
4043 2462 4120 2510 ac
4184 2442 4340 2508 licet
4403 2452 4552 2509 ante
4597 2442 4771 2515 domiti.

2919 2529 3049 2595 nisi
3107 2541 3329 2593 tamen
3381 2528 3455 2592 in
3512 2539 3691 2593 metu
3735 2537 3805 2592 et
3842 2527 4213 2595 obedientia
4252 2534 4661 2607 retineantur,
4706 2548 4774 2594 ιιι·

2920 2613 3116 2681 binde
3158 2614 3241 2678 ad
3285 2613 3621 2695 ingenium
3666 2622 4105 2694 revertuntur,
4164 2622 4233 2680 et
4274 2626 4492 2681 rectae
4533 2613 4775 2700 guberni-

2921 2700 3121 2766 tionis
3197 2720 3464 2765 sensum
3546 2701 3880 2765 amittunt.
3981 2699 4131 2767 Hac
4214 2700 4421 2784 igitur
4493 2700 4568 2766 de
4641 2718 4777 2765 canu

2924 2785 3193 2854 Samuel
3258 2785 3577 2870 cogitavit
3640 2786 3721 2851 de
3785 2785 4164 2852 renovando
4228 2785 4322 2852 ibi
4390 2808 4603 2872 reguo,
4666 2782 4778 2867 quod

2920 2881 3144 2938 tamen
3189 2872 3374 2937 Deus
3415 2871 3575 2937 satis
3618 2880 3814 2936 antea
3855 2883 4049 2954 prout
4085 2873 4443 2939 necessitas
4475 2869 4778 2956 postulabat,

2920 2970 2985 3025 et
3045 2956 3304 3040 quidem
3362 2957 3677 3023 electione
3721 2966 3794 3023 ut
3837 2957 4119 3025 vidimus
4161 2957 4569 3035 miraculosa,
4614 2957 4781 3024 confir·

2921 3051 3152 3111 marat.
3238 3042 3368 3109 Hic
3410 3043 3613 3126 igitur
3653 3051 3965 3127 tanquam
3999 3044 4071 3109 in
4107 3043 4373 3129 speculo
4409 3044 4781 3128 conspicimus,

2922 3151 3125 3215 quare
3167 3128 3355 3195 Deus
3398 3147 3665 3195 suarum
3707 3130 4213 3212 promissionum
4251 3131 4626 3197 memoriam
4655 3126 4783 3193 nobis

2923 3217 3204 3299 refricet,
3268 3223 3348 3280 ut
3404 3214 3695 3297 quotidie
3753 3216 4066 3281 nimirum
4126 3215 4208 3282 de
4261 3216 4474 3300 ipsius
4529 3215 4784 3284 voluntate

2921 3303 3229 3368 certiores
3293 3302 3547 3367 fiamus.
3634 3301 3723 3365 Et
3780 3322 4256 3384 nonnunquam
4308 3302 4513 3368 etiam
4567 3300 4783 3366 minatur
4874 3364 4875 3385 ἶ

2920 3398 2988 3454 et
3044 3394 3248 3453 terret
3300 3407 3501 3469 quum
3546 3406 3664 3452 nos
3709 3385 4038 3471 hypocrisi
4084 3387 4192 3453 vel
4235 3388 4633 3473 negligentia
4665 3384 4783 3449 labo-
4874 3400 4875 3437 ὲ

2920 3494 3071 3540 rare
3149 3472 3484 3555 conspicit.
3570 3471 3708 3538 Sed
3785 3493 3919 3538 non
3998 3473 4145 3539 ideo
4215 3481 4442 3539 tamen
4510 3494 4633 3539 non
4681 3468 4785 3534 satis

2920 3579 3231 3644 maguam
3290 3558 3424 3624 vim
3478 3558 3676 3624 habet
3730 3558 3859 3624 Dei
3917 3560 4195 3626 verbum
4249 3560 4459 3626 semel
4510 3557 4785 3642 cognitum.

2921 3647 3094 3712 Nam
3142 3643 3269 3710 Dei
3312 3643 3585 3710 verbum
3628 3644 3869 3710 scimus
3911 3666 4053 3711 esse
4095 3647 4360 3711 firmum
4399 3654 4465 3713 et
4499 3646 4785 3711 immotum
4874 3656 4875 3669 ¹

2922 3731 3146 3814 Quare
3199 3752 3399 3814 quum
3444 3731 3628 3797 Deus
3664 3729 4112 3797 indesinenter
4154 3740 4417 3799 nostras
4460 3752 4639 3797 aures
4672 3726 4788 3799 ferit

2922 3817 3424 3883 inconstantiam
3495 3823 3563 3881 et
3625 3814 3960 3884 levitatem
4028 3827 4321 3883 nostram
4388 3838 4638 3885 causam
4692 3830 4787 3876 esse
4874 3836 4875 3859 ι

2923 3904 3224 3982 sciamus,
3282 3900 3452 3985 quod
3499 3922 3633 3967 una
3675 3901 3838 3967 hora
3881 3923 3966 3968 ex
4008 3904 4327 3969 memoria
4373 3914 4594 3970 nostra
4628 3900 4791 3994 effluat

2924 3987 3240 4073 quidquid
3297 3988 3495 4054 unius
3549 3987 3710 4053 anui
3753 3988 3963 4071 spatio
4007 3989 4191 4054 Deus
4232 3988 4669 4069 inculcaverit,
4706 4002 4790 4046 met

2923 4074 3089 4141 illud
3149 4072 3423 4139 subinde
3476 4080 3828 4157 repetatur.
3919 4072 4179 4140 Deinde
4231 4075 4391 4140 licet
4449 4075 4640 4161 probe
4675 4086 4791 4153 quse

2924 4163 3058 4227 sint
3097 4158 3297 4225 officii
3342 4160 3544 4226 nostri
3589 4167 3807 4242 partes
3851 4160 4186 4243 cognitum
4231 4159 4606 4233 habeamus.
4657 4152 4789 4221 valde

2926 4259 3148 4312 tamen
3206 4245 3465 4310 remissi
3522 4265 3753 4310 sumus
3808 4247 3876 4310 in
3933 4268 4011 4312 eo
4070 4246 4382 4315 faciendo,
4474 4242 4705 4312 Deinde
4743 4239 4793 4303 fit

2925 4342 3003 4398 ut
3053 4330 3257 4397 variis
3312 4332 3636 4415 agitemur
3692 4330 3919 4409 turbis,
3976 4340 4043 4397 et
4098 4333 4422 4417 angustiis
4465 4343 4791 4416 premamur,

2925 4429 3002 4485 ut
3057 4416 3263 4502 ipsius
3304 4418 3770 4501 promissiones
3813 4418 3998 4485 nobis
4040 4417 4509 4485 confirmandis
4550 4437 4671 4482 non
4702 4408 4793 4478 suf·

2924 4504 3177 4570 ficiant:
3238 4501 3409 4587 quod
3465 4502 3597 4568 illis
3650 4503 3778 4568 niti
3837 4525 3967 4570 non
4011 4505 4354 4588 possimus,
4411 4505 4555 4571 sine
4596 4502 4793 4567 illarum

2924 4590 3254 4674 frequenti
3309 4587 3766 4668 meditatione;
3827 4590 4000 4656 unde
4056 4591 4135 4656 fit
4189 4599 4263 4656 ut
4319 4590 4458 4657 illis
4501 4589 4723 4655 alamur
4750 4588 4794 4644 et

2922 4677 3361 4743 sustineamur
3401 4676 3474 4740 in
3518 4674 3830 4756 adversis,
3874 4697 4077 4759 quum
4114 4677 4340 4744 crebro
4375 4687 4630 4742 nostras
4658 4686 4795 4739 aurun

2923 4763 3231 4830 ferierint.
3318 4761 3547 4845 Itaque
3611 4770 3867 4845 oportet
3910 4783 4030 4829 nos
4072 4764 4397 4845 frequenti
4442 4773 4512 4849 et
4550 4758 4794 4827 continua

2920 4848 3186 4914 illarum
3262 4847 3683 4914 meditatione
3747 4847 3819 4913 in
3884 4848 4098 4915 officio
4160 4849 4457 4915 retineri.
4543 4849 4630 4914 Et
4683 4844 4795 4908 haee

2924 4935 3045 5001 hoe
3119 4933 3263 5001 loco
3341 4933 3646 5001 videntur
3711 4933 4137 5001 observanda.
4223 4934 4534 5019 Regnum
4593 4927 4793 5015 quidem

2922 5018 3165 5099 Saulis,
3234 5022 3459 5099 fateor,
3526 5030 3859 5086 terrenum
3918 5028 3987 5087 et
4042 5020 4352 5088 caducum
4414 5028 4582 5087 erat:
4646 5016 4796 5081 immo

2922 5127 3057 5173 non
3121 5115 3261 5173 erat
3326 5125 3787 5189 usquequaque
3853 5128 3894 5172 a
3957 5106 4099 5172 Deo
4164 5107 4594 5191 approbatum
4646 5112 4707 5167 ut
4738 5093 4792 5161 td

2922 5213 3362 5260 successorem
3406 5191 3796 5276 perveniret,
3854 5192 3970 5259 sed
4014 5192 4196 5260 brevi
4241 5193 4624 5260 abolendum
4661 5198 4716 5253 et
4746 5202 4793 5247 m
