5059 6059
284 334 389 402 481

1549 328 1652 396 IN
1695 330 1750 397 1.
1796 330 1974 397 LIB.
2020 329 2422 398 SAMUEL.
2469 330 2671 399 CAP.
2749 333 2873 399 VI.

4078 335 4211 403 482

279 524 486 597 lentiae
504 519 687 605 signa
708 517 1115 602 apparebunt
1134 537 1293 602 erga
1313 538 1506 584 suum
1537 519 1874 604 populum,
1909 519 2173 586 easdem
2274 525 2495 585 mente
2551 520 2725 586 ultro
2785 520 2912 605 ipsi
2968 520 3208 588 bellum
3253 518 3701 588 indixerimus.
3789 521 4007 604 Quam
4051 544 4208 590 vero

279 611 437 681 nobis
474 604 898 690 applicemus:
943 623 1019 669 ac
1054 625 1173 670 nos
1207 603 1715 688 persuadeamus
1747 604 1964 671 Deum
2007 627 2174 671 nun-

279 715 443 783 quam
480 691 680 767 nobis,
716 691 1139 774 quantumvis
1173 690 1431 774 magnis
1464 702 1532 756 et
1565 691 1941 774 potentibus
1975 691 2174 757 hosti·

281 788 379 851 bus
413 782 475 846 in
516 797 633 843 nos
673 777 1178 861 insurgentibus,
1230 787 1632 859 mortemque
1672 776 2169 856 intentantibus,

277 870 630 941 defuturum,
672 861 788 928 sed
824 882 1026 944 quum
1070 860 1342 927 eandem
1385 882 1582 946 quam
1617 862 1771 928 olim
1815 864 2171 946 potentiam

277 954 544 1028 obtineat,
604 946 878 1014 eandem
946 947 1144 1013 etiam
1206 956 1636 1025 exsarturum,
1701 957 1776 1013 ut
1833 949 2170 1014 victoriam

273 1042 341 1106 de
388 1034 669 1102 hostibus
722 1043 1149 1117 reportemus,
1213 1043 1280 1098 et
1337 1032 1420 1099 ab
1477 1034 1778 1100 omnibus
1841 1034 2168 1117 periculis,

273 1125 441 1192 stiam
481 1120 559 1187 ab
598 1121 743 1203 ipsa
784 1130 991 1184 morte
1033 1117 1400 1184 liberemur.
1489 1120 1705 1202 Atque
1747 1118 1828 1186 de
1871 1118 1979 1184 his
2023 1120 2172 1201 plus

269 1210 405 1276 satis
444 1206 771 1272 hactenus.
860 1203 1054 1285 Quod
1096 1202 1179 1269 ad
1225 1203 1494 1289 phrasin
1537 1205 1738 1282 illam,
1779 1206 2173 1290 aqyravcmdi

268 1316 369 1375 cor,
408 1292 659 1372 attinet,
717 1311 796 1357 ea
849 1289 1129 1376 insignis
1187 1289 1505 1373 quaedam
1572 1290 1838 1356 rebellio
1896 1301 1963 1356 et
2018 1312 2170 1357 con-

266 1378 534 1457 tumacia,
589 1377 737 1442 Deo
778 1385 847 1441 et
889 1375 1151 1441 monitis
1196 1377 1335 1441 eius
1376 1375 1607 1441 cedere
1651 1377 1865 1442 nescia
1906 1376 2171 1441 denota·

266 1479 374 1532 tur.
453 1464 620 1529 Nam
676 1462 800 1528 etsi
845 1462 1028 1527 laxas
1072 1460 1359 1528 habenas
1417 1462 1681 1544 quidam
1738 1462 1877 1527 suis
1920 1462 2169 1546 cupidi·

266 1549 477 1617 tatibus
513 1547 879 1625 remittunt,
939 1567 1071 1612 non
1114 1546 1261 1611 ideo
1304 1557 1522 1612 tamen
1564 1548 1822 1630 proprie
1866 1546 2174 1613 dicuntur

264 1657 358 1702 cor
385 1655 566 1701 sunm
610 1652 992 1719 aggravare,
1037 1632 1208 1715 qnod
1255 1652 1383 1698 non
1430 1634 1507 1698 fit
1549 1633 1677 1698 nisi
1721 1643 1867 1716 post
1901 1634 2172 1700 reiectas

263 1720 698 1789 contumaciter
754 1717 1246 1784 admonitiones.
1336 1718 1546 1784 Exem
1595 1719 1642 1784 li
1684 1718 1916 1803 gratia,
1969 1718 2173 1785 ebrio-

261 1828 371 1886 sus,
411 1805 536 1889 qui,
602 1826 736 1871 non
785 1805 925 1870 Deo
967 1804 1421 1883 reluctaturus,
1466 1826 1537 1870 se
1628 1806 1785 1870 vitio
1819 1825 1938 1871 suo
1980 1826 2169 1887 supe·

262 1902 438 1973 ratus,
470 1892 629 1956 vino
664 1890 981 1974 indulget,
1018 1911 1146 1955 non
1183 1889 1327 1955 ideo
1360 1911 1472 1956 cor
1503 1910 1862 1975 aggravare
1900 1889 2168 1957 dicetur.

258 1977 421 2043 Idem
461 1976 539 2041 de
582 1986 956 2052 scortatore,
999 1976 1175 2041 idem
1217 1975 1298 2041 de
1341 1976 1487 2042 aliis
1529 1974 1960 2059 qualicunque
2003 1975 2171 2042 vitio

258 2062 679 2129 laborantibus
736 2061 985 2128 dictum
1038 2071 1198 2136 estc,
1254 2081 1417 2144 quos
1472 2081 1666 2129 caeca
1719 2073 1784 2127 et
1833 2063 2021 2127 bruta
2064 2080 2172 2126 cu·

258 2147 390 2231 pido
442 2148 511 2213 in
577 2147 746 2212 vitia
823 2147 951 2213 fert
1062 2147 1422 2229 raecipites‚
1501 2167 1631 2212 non
1703 2148 1963 2212 animus
2025 2146 2171 2212 Deo

258 2232 614 2300 reluctandi.
706 2231 959 2298 Verum
1013 2167 1186 2308 [Deo.
1253 2233 1393 2297 sive
1456 2253 1573 2315 per
1636 2223 1913 2298 verbu'm
1957 2253 2168 2309 suum,

255 2318 380 2385 sive
416 2340 525 2403 per
568 2318 832 2401 aliquod
878 2319 1134 2401 insigne
1176 2317 1419 2384 factum
1467 2339 1585 2383 nos
1628 2317 2019 2399 admonenti,
2060 2317 2169 2384 vel

254 2404 323 2469 ad
373 2424 438 2470 se
493 2404 778 2478 vocanti,
838 2403 896 2470 si
939 2403 1390 2480 restiterimus,
1449 2412 1563 2468 aut
1602 2403 1674 2469 in
1720 2402 2168 2487 respondendo

254 2491 555 2574 segniores
611 2490 953 2570 fuerimus,
1008 2499 1199 2571 atque
1242 2489 1310 2554 in
1357 2490 1532 2554 vitiis
1587 2491 1829 2555 nostris
1871 2509 2171 2572 perrexe-

252 2576 450 2653 rimus,
509 2584 657 2641 tum
722 2575 921 2641 corda
977 2573 1255 2641 dicimur
1399 2594 1675 2659 gravare
1732 2585 1800 2640 et
1840 2573 2165 2641 indurare.

251 2659 418 2727 Unde
479 2660 808 2745 propheta
854 2660 1026 2726 Psal.
1086 2659 1172 2725 95
1228 2659 1354 2726 fide
1381 2681 1451 2725 es
1494 2661 1635 2726 istis
1690 2658 1910 2726 verbis
1951 2659 2171 2725 admo·

249 2755 376 2811 net:
438 2745 661 2812 Hodie
724 2749 786 2813 si
849 2766 1051 2812 vocem
1103 2747 1240 2813 eines
1297 2745 1665 2830 audieritis,
1721 2766 1798 2813 ne
1851 2745 2168 2812 obduretis

250 2832 504 2898 animum
546 2836 848 2898 cedrum.
940 2835 1159 2913 Atque
1202 2831 1398 2897 huius
1443 2830 1716 2914 phrasis,
1773 2831 2167 2916 aqyravnndi

246 2919 333 2983 vel
372 2918 730 2986 indurandi
769 2937 874 2983 cor
913 2918 1115 2996 sisara,
1164 2916 1320 2983 haec
1363 2916 1469 2984 vis
1511 2926 1630 2981 cst.
1720 2916 1909 2983 Unde
1953 2937 2169 2981 mone·

247 3023 375 3067 mur
426 3017 735 3087 oportere
794 3015 864 3068 ut
919 3001 1161 3067 dociles
1220 3021 1339 3067 nos
1404 3003 1828 3085 praebeamus
1890 3002 1973 3066 ad
2036 3002 2165 3067 Dei

246 3090 639 3166 monitiones,
698 3107 909 3171 neque
968 3109 1256 3171 unquam
1301 3087 1457 3153 dum
1503 3100 1692 3154 vocat
1734 3089 2164 3172 procrastine-

245 3194 391 3252 mus,
441 3174 557 3241 sed
620 3195 1013 3258 quocunque
1069 3176 1330 3239 duxerit
1372 3193 1741 3255 sequamur.
1828 3173 1994 3239 Nam
2040 3175 2162 3240 etsi

244 3258 470 3325 nullam
505 3262 993 3327 excusationem
1033 3258 1403 3345 ignorantia
1436 3273 1504 3324 et
1543 3259 1771 3326 brutus
1805 3259 1914 3324 ille
1936 3269 2166 3341 stupor

241 3346 483 3413 nativus
539 3345 927 3428 admittunt,
984 3365 1113 3428 quo
1173 3345 1334 3412 duce
1378 3344 1712 3410 naturales
1755 3344 1898 3410 sine
1938 3344 2163 3410 discri-

242 3431 396 3495 mine
426 3452 672 3497 sensus
706 3431 1059 3513 sequimur,
1104 3429 1294 3514 longe
1318 3444 1533 3495 tamen
1558 3430 1892 3514 graviores
1927 3451 2166 3513 poenas

239 3535 564 3589 meremur.
648 3537 848 3599 quum
923 3514 1048 3581 Dei
1106 3516 1653 3582 admonitionibus
1724 3515 2036 3599 neglectis
2100 3525 2165 3581 et

237 3605 612 3687 contemptis
673 3602 858 3670 velut
913 3601 1037 3686 ipsi
1096 3600 1336 3667 bellum
1405 3601 1770 3683 indicimus,
1834 3611 1903 3667 et
1967 3622 2166 3683 penes

234 3705 408 3767 quem
451 3688 689 3755 futura
735 3688 1006 3753 victoria
1047 3688 1134 3752 sit
1175 3689 1457 3770 experiri
1504 3699 1856 3753 tentamus.
1913 3685 2164 3767 Quam-

233 3771 435 3838 obrem
491 3773 988 3858 invigilandum
1063 3774 1247 3839 nobis
1317 3775 1387 3837 in
1449 3773 1571 3850 hoc
1628 3773 1839 3854 ipsum
1886 3772 2164 3850 diligen-

234 3855 478 3938 tissime,
526 3871 609 3926 ut
658 3859 760 3925 vel
802 3857 886 3924 ad
930 3857 1268 3924 minimam
1313 3858 1521 3923 divini
1567 3859 1747 3924 verbi
1782 3858 2162 3923 admonitio-

234 3963 366 4008 nem
427 3957 815 4018 tremamus,
880 3954 950 4008 et
1014 3945 1261 4027 potenti
1330 3944 1452 4008 Dei
1520 3944 1743 4009 manui
1807 3965 1925 4009 nos
1992 3943 2162 4009 ultro

230 4027 667 4108 sufficiamus,
747 4030 1172 4113 innatamque
1237 4030 1543 4094 duritiem
1620 4041 1696 4094 ut
1772 4030 1914 4112 ipse
1982 4030 2165 4095 Deus

226 4116 503 4182 emolliat
569 4136 951 4200 precemur:
1023 4131 1220 4198 atque
1284 4115 1482 4182 eorda
1548 4125 1772 4180 nostra
1833 4135 2031 4181 saxea
2094 4116 2163 4180 in

227 4215 447 4266 carnea
483 4203 817 4268 immutet.
889 4200 1068 4282 Quin
1114 4202 1263 4285 imo,
1310 4200 1460 4267 licet
1502 4200 1685 4266 Deus
1730 4222 1845 4284 per
1892 4200 2163 4267 verbum

223 4305 400 4351 suum
449 4309 576 4355 nos
628 4308 762 4353 non
805 4285 1190 4370 alloquatur,
1237 4286 1348 4352 sed
1397 4298 1611 4352 tamen
1651 4286 1873 4369 poenis
1916 4286 2164 4352 immis-

226 4370 307 4434 sis
377 4374 655 4447 excitet,
736 4372 1104 4438 revocanda
1175 4385 1327 4437 sunt
1397 4372 1583 4450 nobis
1655 4374 1723 4436 in
1784 4373 2162 4437 memoriam

221 4467 475 4535 peccata
530 4458 779 4542 quibus
837 4460 980 4523 sius
1039 4459 1105 4522 in
1161 4478 1281 4524 nos
1324 4458 1489 4522 iram
1534 4458 2024 4536 concitavimus,
2085 4478 2165 4523 ne

218 4540 280 4603 in
339 4543 473 4609 illia
534 4546 792 4610 diutius
848 4543 1249 4619 haereamus,
1309 4557 1377 4608 et
1432 4565 1514 4608 ne
1570 4543 1827 4627 longius
1885 4542 1966 4608 ab
2023 4543 2165 4628 ipso

218 4629 632 4696 mdamus:
693 4651 769 4696 ao
810 4628 1079 4712 proinde
1122 4630 1338 4694 animo
1383 4628 1661 4694 demisso
1702 4641 1771 4692 et
1813 4627 2000 4694 docili
2048 4650 2165 4694 nos

216 4711 277 4775 in
311 4715 453 4780 eius
489 4715 879 4799 obsequium
917 4729 983 4781 et
1021 4715 1375 4779 voluntatis
1411 4729 1641 4780 nutum
1679 4735 2161 4797 componamus.

216 4794 663 4877 Quamobrem
709 4801 998 4883 loquenti
1042 4800 1327 4865 Domino
1388 4801 1511 4865 nisi
1558 4801 2162 4879 auscultaverimus,

212 4893 274 4945 et
327 4886 412 4950 ad
468 4908 637 4953 eum
695 4887 1209 4970 confugerimus,
1270 4887 1398 4950 nisi
1443 4906 1708 4951 manum
1766 4886 1970 4968 ipsius
2013 4906 2160 4951 sen·

211 4969 503 5049 serimus,
566 4972 685 5039 cui
738 4986 967 5055 sponte
1011 4970 1455 5048 subiiciamur,
1516 4972 1642 5037 nisi
1687 4972 1999 5036 iustitiam
2046 4991 2158 5056 ag·

209 5059 622 5132 noverimus,
696 5060 800 5123 eui
836 5058 1009 5122 ultro
1080 5077 1423 5138 pareamus
1466 5072 1532 5123 et
1573 5057 1969 5134 obediamus,
2035 5078 2161 5122 nae

207 5147 687 5218 contumaciae,
753 5143 1121 5208 rebellionis
1173 5154 1239 5206 et
1281 5144 1751 5208 obfirmationis
1790 5144 1988 5207 animi
2033 5144 2159 5208 cri-

204 5245 357 5293 men
414 5249 769 5310 nunquam
827 5228 1268 5310 effugerimus,
1328 5231 1488 5313 quin
1545 5229 1733 5313 quasi
1790 5228 2160 5312 praefracta

408 5330 652 5388 odessi
679 5345 863 5400 opera.
942 5331 1061 5389 Vol.
1097 5329 1324 5387 xm

2275 615 2511 683 metuo,
2559 628 2662 684 ne,
2703 619 2905 689 quum
2939 607 3265 673 Dominus
3300 627 3417 672 nos
3462 627 3656 690 saepe
3689 626 3808 690 per
3838 607 4211 676 istiusmodi

2270 691 2659 758 monitiones
2702 691 3125 774 compellarit,
3185 713 3304 758 nos
3359 701 3579 757 autem
3617 691 3935 760 hactenus
3978 695 4212 761 obsur-

2270 775 2624 854 duan-imus,
2681 777 2753 841 in
2810 777 2985 843 istud
3040 778 3485 845 contumaciae
3526 777 3773 844 crimen
3828 777 4209 847 incidamus.

2269 859 2412 926 Nae
2445 863 2712 947 gravius
2744 862 3060 930 iudicium
3082 865 3513 946 experiemur,
3550 884 3745 947 quam
3768 865 3923 929 olim
3947 867 4209 951 pagani,

2270 967 2431 1096 3¹¹oe
2487 946 2570 1013 ad
2627 949 3087 1034 castigationes
3126 948 3400 1014 Domini
3441 958 3730 1015 mentem
3779 953 4064 1017 erexisse
4108 951 4208 1017 vi-

2315 1052 2519 1111 emns,
2556 1054 2756 1117 quum
2793 1043 3013 1101 tamen
3046 1055 3258 1117 neque
3295 1034 3644 1119 prophetas
3678 1055 3886 1119 neque
3914 1035 4207 1119 privatos

2270 1117 2431 1183 alios
2474 1116 2770 1185 doctores
2811 1128 2928 1186 aut
2969 1121 3319 1186 monitores
3353 1121 3767 1203 accepissent.
3812 1120 3988 1201 Quid
4022 1123 4218 1196 nobis,

2271 1203 2472 1287 igitur
2514 1204 2806 1270 futurum
2851 1206 3264 1283 arbitramur,
3309 1206 3418 1290 qui
3462 1206 3933 1288 scripturarum
3970 1208 4214 1291 purita-

2271 1299 2406 1354 tem
2450 1288 2781 1370 habemus,
2837 1289 2965 1357 nisi
3006 1289 3089 1356 ad
3146 1312 3337 1357 usum
3395 1300 3465 1356 et
3504 1290 4003 1358 instructionem
4057 1315 4212 1361 nos·

2270 1381 2443 1439 tram
2500 1396 2644 1440 eam
2698 1375 3149 1460 applicemus?
3207 1397 3428 1442 nonne
3486 1376 3910 1446 metuendum
3966 1399 4052 1445 ne
4094 1400 4212 1445 ex-

2271 1467 2483 1526 tremo
2526 1460 2641 1526 illo
2684 1460 2907 1527 iudicii
2952 1461 3055 1527 die
3097 1482 3321 1528 caecos
3362 1462 3511 1531 illos
3553 1473 3618 1528 et
3659 1463 3925 1547 ignaros
3967 1464 4212 1532 iudices

2269 1545 2579 1622 feramus,
2623 1546 2747 1612 nisi
2804 1548 2877 1612 in
2916 1547 3044 1612 Dei
3100 1547 3335 1614 timore
3376 1548 3470 1614 sio
3512 1547 4086 1635 ambulaverimus,
4142 1559 4221 1618 ut

2271 1630 2353 1697 ad
2395 1632 2600 1716 ipsius
2638 1631 3109 1699 admonitiones
3152 1644 3438 1699 mentem
3481 1632 3943 1699 advertamus?

2440 1716 2647 1783 Porro
2691 1718 3029 1786 Philistaei
3086 1718 3274 1783 aiunt
3326 1719 3661 1803 Aeyyptios
3701 1720 3819 1785 diu
3858 1720 4213 1804 reluctatus,

2268 1803 2478 1870 cedere
2517 1802 2764 1869 tandem
2805 1803 3079 1872 Domino
3117 1808 3350 1872 mactes
3385 1805 3608 1888 fuisse.
3696 1806 3804 1870 Ex
3846 1825 3976 1888 quo
4019 1806 4212 1876 disci·

2270 1909 2417 1954 mus
2460 1889 2628 1954 nihil
2672 1888 2851 1955 aliud
2910 1890 3318 1973 profuturam
3360 1889 3719 1957 incredulis
3775 1911 3960 1957 suam
3998 1892 4210 1959 rebel-

2270 1973 2529 2052 lionem,
2595 1994 2792 2059 quam
2855 1975 3030 2058 quod
3094 1975 3406 2041 maiorem
3474 1976 3992 2059 severioremque
4054 1997 4210 2044 con-

2272 2059 2758 2127 demnationem
2792 2068 2860 2125 et
2890 2060 3334 2127 confusionem
3369 2060 3438 2126 in
3476 2082 3668 2127 sunm
3706 2069 3901 2145 caput
3921 2063 4207 2130 trahant.

2270 2146 2384 2212 Sic
2405 2145 2767 2212 Pharaonis
2788 2146 3259 2213 contumaciam
3303 2145 3489 2212 Deus
3510 2147 3592 2213 ad
3618 2154 3875 2231 tempus
3918 2148 4207 2232 pertulit,

2269 2239 2345 2296 ut
2383 2232 2595 2315 magis
2637 2229 3147 2298 inexcusabilem
3190 2230 3511 2312 redderet,
3553 2252 3864 2316 suamque
3893 2234 4212 2302 virtutem

2269 2315 2688 2384 celebriorem
2747 2318 3004 2396 faceret,
3058 2329 3137 2382 ut
3192 2317 3438 2383 Paulus
3492 2318 3635 2402 ipse
3691 2318 3894 2385 docet.
3979 2319 4210 2405 Neque

2271 2403 2447 2466 enim
2483 2403 2540 2469 si
2584 2403 2844 2469 Pharao
2888 2402 2969 2468 ad
3013 2402 3290 2487 primam
3325 2402 3600 2468 Domini
3642 2404 4210 2473 comminationem

2274 2486 2379 2553 vel
2422 2487 2680 2572 plagam
2725 2488 3064 2571 paruisset,
3109 2499 3264 2555 nota
3297 2498 3469 2555 esset
3512 2488 3671 2557 haec
3715 2490 4011 2557 doctrina
4043 2512 4212 2574 quae

2272 2573 2545 2639 maximi
2606 2574 2915 2638 momenti
2962 2572 3154 2639 hodie
3208 2574 3279 2639 in
3331 2574 3604 2642 eeclesia
3645 2583 3763 2642 est.
3848 2575 4083 2660 Itaque
4124 2598 4211 2645 ex

2271 2658 2640 2725 Pharaonis
2696 2658 3108 2726 contumacia
3162 2668 3228 2725 et
3285 2660 3497 2725 cordis
3540 2660 3955 2728 induratione
3998 2662 4212 2729 notior

2272 2743 2463 2810 hodie
2520 2745 2707 2811 nobis
2765 2755 2866 2810 est
2907 2743 3035 2810 Dei
3094 2745 3404 2829 potentia,
3458 2745 3976 2830 iudiciorumque
4018 2747 4205 2815 ratio.

2269 2829 2448 2895 Hinc
2488 2829 2812 2896 diseamus
2854 2837 3004 2914 post
3046 2829 3274 2915 longas
3316 2838 3385 2896 et
3440 2829 3784 2897 diuturnas
3826 2833 4212 2900 afflictiones

2270 2925 2339 2980 et
2392 2915 2812 2996 calamitates,
2878 2915 3142 2981 tandem
3208 2936 3327 2981 nos
3391 2916 3497 2982 vel
3561 2916 3804 2981 invitos
3870 2917 4208 3001 agnituros

2269 3001 2396 3066 Dei
2443 3022 2710 3066 manum
2753 3021 2895 3067 esse
2938 3020 3103 3083 qnae
3144 3001 3399 3078 afflixit,
3455 3010 3522 3067 et
3577 3023 3727 3068 oum
3767 3003 4013 3069 maiore
4055 3024 4209 3070 nos-

2269 3096 2375 3152 tra
2417 3087 2791 3153 confusione
2823 3085 2957 3152 Dei
3012 3087 3288 3171 gloriam
3333 3085 3753 3153 illustriorem
3798 3095 3866 3153 et
3897 3087 4209 3155 celebrio-

2270 3192 2410 3238 rem
2466 3173 2624 3238 fcre.
2709 3171 2969 3239 Deinde
3027 3171 3349 3239 discamus
3404 3183 3659 3239 mature
3717 3172 3862 3239 Deo
3920 3173 4209 3258 loquenti

2268 3256 2654 3337 auscultare,
2706 3268 2773 3322 et
2827 3278 2947 3324 noe
3001 3258 3069 3323 in
3128 3258 3337 3341 ipsius
3383 3258 3762 3342 obsequium
3804 3280 4209 3344 componere,

2266 3355 2342 3408 ut
2416 3342 2633 3410 debito
2707 3341 2926 3426 ipsum
3009 3342 3257 3409 honore
3320 3344 3606 3411 colamus
3669 3353 3735 3409 et
3798 3366 4206 3414 veneremur.

2265 3427 2592 3511 Deinceps
2635 3428 3039 3495 sacerdotum
3082 3436 3150 3495 et
3191 3428 3567 3495 divinorum
3611 3428 3953 3497 audiamus
3994 3430 4213 3498 Phili-

2264 3514 2461 3581 staeis
2525 3525 2902 3597 suggestum
2966 3513 3332 3581 consilium.
3434 3513 3666 3598 Itaque
3719 3525 4069 3582 suaserunt
4131 3526 4211 3584 ut

2265 3599 2548 3683 acceptis
2594 3600 2792 3684 lignis
2836 3599 3256 3684 plaustroque
3297 3621 3382 3665 ex
3416 3600 3547 3666 illis
3584 3602 3770 3681 facto,
3815 3601 3943 3669 Dei
3985 3624 4209 3671 arcam

2264 3686 2692 3769 imponerent,
2735 3695 2804 3750 et
2843 3684 2923 3749 ad
2966 3684 3140 3751 latus
3181 3685 3385 3768 ipsius
3426 3686 3885 3754 similitudines
3919 3690 4213 3756 murium

2266 3781 2334 3836 et
2366 3791 2645 3836 anorum
2685 3789 2987 3836 suorum:
3034 3780 3174 3835 tum
3219 3770 3384 3837 duas
3418 3791 3672 3853 vaccas,
3715 3773 3821 3839 vel
3858 3772 4069 3841 foetas
4102 3774 4209 3842 vel

2266 3857 2587 3923 lactantes
2632 3855 2924 3940 plaustro
2960 3856 3415 3941 adiungerent,
3458 3854 3854 3945 (quanquam
3889 3858 4209 3928 laetantes

2267 3943 2509 4020 malim,
2567 3941 2739 4024 quod
2799 3942 3184 4007 nominatim
3238 3941 3413 4009 dicat
3474 3943 3749 4009 stabulis
3812 3943 4207 4014 claudendus

2266 4048 2489 4094 earum
2535 4027 2794 4106 vitulos,
2837 4049 2923 4094 ne
2960 4028 3266 4094 nimirum
3304 4028 3385 4095 ab
3429 4028 3560 4095 illis
3595 4050 3827 4097 vaccae
3866 4039 3982 4096 aut
4014 4052 4207 4098 revo-

2265 4124 2588 4197 carentur,
2646 4123 2762 4178 aut
2819 4112 3326 4180 deducerentur:
3384 4112 3499 4180 sed
3543 4135 3671 4198 qna
3712 4114 3898 4182 Deus
3943 4115 4209 4182 duceret

2263 4201 2441 4265 viam
2486 4200 2879 4265 insisterent.
2925 4198 3097 4265 Nam
3139 4199 3197 4265 si
3240 4199 3432 4265 vituli
3470 4200 3920 4282 praeivissent,
3963 4203 4204 4267 mirum

2266 4306 2399 4350 non
2462 4283 2697 4350 fuisset
2762 4294 3005 4349 matres
3060 4284 3260 4350 fuisse
3330 4297 3671 4368 sequutae:
3740 4287 3860 4352 hoc
3923 4286 4096 4352 enim
4166 4308 4207 4354 a

2266 4381 2502 4436 natura
2545 4371 2815 4436 insitum
2852 4370 2996 4436 istis
3030 4369 3419 4436 animalibus
3453 4382 3572 4439 est.
3619 4370 3742 4438 Sin
3776 4393 3930 4437 vero
3968 4382 4206 4438 retror-

2264 4477 2410 4522 sum
2429 4505 2446 4536 ,
2476 4468 2542 4521 et
2556 4467 2800 4521 matres
2815 4468 3065 4522 certum
3079 4465 3181 4522 est
3196 4458 3262 4521 in
3282 4455 3575 4523 diversas
3599 4465 3817 4541 partes
3838 4457 4203 4540 plaustrum

2267 4542 2464 4607 fuisse
2542 4551 2884 4620 tracturae,
2965 4551 3033 4607 et
3094 4561 3134 4606 a
3203 4552 3379 4608 recta
3443 4544 3552 4608 via
3615 4543 4047 4627 aberraturas,
4126 4563 4202 4610 ac

2264 4625 2536 4710 proinde
2580 4627 2841 4694 divinos
2878 4627 3039 4693 istos
3082 4635 3148 4692 et
3204 4628 3643 4694 incantatores
3685 4648 3816 4694 non
3859 4627 4201 4696 habituros

2265 4724 2397 4777 tam
2443 4713 2861 4778 manifestum
2908 4722 2974 4778 et
3015 4724 3262 4778 certum
3306 4713 3615 4778 indicium
3661 4711 3926 4779 divinae
3967 4722 4200 4798 poten·

2263 4799 2393 4863 tiae
2435 4809 2501 4862 et
2543 4819 2780 4864 manus
2821 4797 3199 4866 Philistaeis
3240 4800 3533 4864 infensae
3567 4818 3758 4881 quam
3795 4799 4197 4883 flagitabant.

2261 4882 2512 4949 Vaccae
2591 4904 2749 4969 ergo
2814 4883 3043 4949 volunt
3121 4886 3411 4968 plaustro
3470 4884 3675 4967 iungi,
3736 4894 3810 4949 ut
3872 4896 4200 4968 nequeant

2260 4978 2618 5034 retrorsum
2676 4969 2953 5055 regredi,
3010 4980 3127 5035 aut
3182 4970 3460 5035 invicem
3564 4990 3842 5053 ugnare:
3910 4991 3986 5038 ao
4042 4993 4198 5038 con-

2259 5053 2536 5121 cludunt
2592 5057 2747 5134 fore,
2807 5066 2881 5119 ut
2924 5056 2983 5121 si
3023 5055 3176 5121 illae
3218 5067 3458 5120 rectam
3567 5054 3894 5123 ethsames
3940 5078 4193 5137 versus,

2430 5140 2445 5155 ⁹
2501 5141 2680 5224 dicas
2740 5142 2994 5207 domum
3044 5141 3218 5222 solis,
3281 5139 3458 5205 viam
3517 5149 3818 5225 pergant,
3883 5162 4049 5225 quae
4112 5144 4195 5210 ad

2261 5162 2401 5296 gilo
2456 5229 2805 5313 spectabat,
2861 5228 2934 5293 in
2990 5245 3116 5311 quc
3172 5226 3357 5310 prius
3415 5225 3557 5291 loco
3599 5247 3752 5293 arca
3794 5227 4195 5296 domicilium
