5059 6059
821 293 947 357 719
1500 252 1549 307 ‘

823 480 1119 549 custodia
1174 490 1487 564 tanquam
1540 481 1610 544 in
1671 479 1933 563 specula
1974 478 2368 545 constitutos
2411 479 2768 577 vigilantes

824 590 970 634 esse
1038 578 1316 650 oportet,
1389 577 1455 631 et
1527 587 1786 648 semper
1835 576 2105 647 paratos
2158 562 2240 628 ad
2308 564 2766 648 migrationem

826 654 935 719 ubi
1008 654 1362 736 imperator
1438 653 1719 717 iusserit.
1820 650 2006 717 Haec
2069 664 2172 716 est
2238 649 2766 716 Christianorum

826 741 1056 820 virtus,
1102 738 1263 803 haec
1306 737 1619 803 fortitudo
1662 750 1730 802 et
1771 736 2106 803 costantia.

992 824 1145 891 Huc
1204 823 1452 889 accedit
1494 823 1665 907 quod
1710 822 1957 888 terreni
2002 830 2071 887 et
2114 821 2430 887 mundani
2470 819 2770 885 homines

822 911 1037 994 ignari
1100 910 1276 975 vitae
1334 911 1630 975 coelestis
1688 909 2060 973 moriuntur
2116 908 2350 973 incerti
2409 907 2489 971 de
2556 906 2769 971 salute

822 1008 892 1061 et
935 1005 1085 1080 post
1127 995 1302 1061 hanc
1359 996 1567 1060 vitam
1610 994 1836 1059 futura
1879 994 2281 1060 conditione.
2340 992 2565 1057 fideles
2614 1011 2770 1056 vero

820 1102 1005 1165 spem
1063 1103 1249 1146 suam
1312 1093 1636 1146 testantur
1680 1079 1752 1144 18
1804 1079 1940 1145 088
1983 1082 2534 1161 conquiescentes,
2596 1078 2767 1143 eius-

821 1188 946 1251 que
1005 1167 1325 1231 auxilium
1384 1166 1637 1248 placido
1699 1174 1766 1230 et
1820 1164 2178 1248 tranquillo
2237 1168 2456 1228 animo
2498 1184 2768 1246 exspec-

824 1265 1057 1332 tantes,
1119 1253 1436 1336 tantisper
1492 1252 1563 1317 in
1622 1253 1746 1317 1188
1802 1253 2085 1317 8ι8ι1088
2144 1253 2509 1316 888818ι88ι
2565 1250 2770 1313 donec

821 1353 1187 1421 opportuno
1248 1352 1540 1421 tempore
1597 1352 1969 1403 evocentur.
2056 1337 2341 1402 Mortem
2401 1337 2607 1419 igitur
2664 1336 2768 1399 in-

821 1424 1259 1500 credulorum,
1318 1444 1484 1506 quae
1543 1423 1886 1522 hominum
1943 1423 2250 1506 opinione
2306 1442 2456 1487 cum
2525 1422 2768 1487 virtute

818 1512 1172 1576 coniuncta
1226 1523 1343 1583 est,
1404 1531 1531 1574 non
1579 1509 1720 1573 sine
1778 1530 1977 1575 causa
2018 1509 2205 1583 Deus
2262 1508 2662 1573 condemnat
2702 1518 2767 1571 et

820 1618 941 1679 pro
984 1616 1240 1662 summo
1300 1597 1576 1661 crimine
1616 1595 1829 1660 habet.
1919 1596 2199 1660 Summa
2241 1595 2416 1659 enim
2464 1602 2534 1658 et
2579 1613 2766 1675 prae·

818 1685 1009 1765 cipua
1069 1682 1284 1748 virtus
1357 1701 1487 1763 qua
1552 1693 1863 1779 tanquam
1936 1680 2360 1745 fundamento
2416 1679 2540 1743 niti
2598 1678 2766 1743 aliae

822 1768 1057 1834 debent
1121 1778 1224 1833 est
1288 1766 1483 1843 fides,
1555 1766 1663 1833 cui
1727 1787 1875 1847 spes
1938 1779 2038 1832 est
2104 1766 2485 1840 coniuncta,
2567 1784 2764 1846 quam

820 1855 1120 1937 proxime
1186 1853 1525 1918 humilitas
1584 1855 1897 1934 sequitur,
1962 1853 2199 1936 quibus
2243 1815 2602 1917 virtutibus
2647 1849 2766 1914 hu·

821 1961 1092 2015 manum
1156 1939 1497 2022 ingenium
1561 1937 1848 2004 maxime
1912 1939 2313 2004 contrarium
2372 1947 2488 2001 est.
2594 1936 2762 2001 Nam

824 2026 995 2090 unde
1032 2046 1208 2090 mors
1251 2025 1367 2089 illa
1411 2024 1700 2091 violenta
1735 2045 1930 2106 quam
1971 2023 2151 2089 sibi
2133 2023 2294 2106 ipsis
2333 2022 2764 2099 consciscunt,

819 2111 950 2176 nisi
1006 2133 1088 2176 ex
1140 2110 1550 2194 impatientia
1608 2119 1676 2175 et
1733 2110 2145 2193 arrogantia.
2213 2109 2400 2173 cuius
2459 2110 2563 2174 vel
2622 2108 2767 2190 ipsa

820 2196 1020 2265 verba
1081 2195 1303 2263 Saulis
1358 2195 1552 2260 fidem
1614 2194 1882 2274 faciunt,
1939 2216 2139 2278 quum
2186 2196 2297 2269 ait,
2356 2214 2434 2258 ne
2491 2193 2769 2260 innatant

818 2283 978 2347 mihi
1039 2283 1153 2348 isti
1217 2282 1656 2348 incircumcisi.
1756 2282 1863 2346 Ex
1941 2280 2350 2363 impatientia
2427 2279 2633 2363 igitur
2697 2290 2765 2342 et

819 2369 1195 2452 arrogantia
1239 2368 1365 2434 sibi
1402 2381 1682 2432 mortem
1726 2368 2014 2431 inferunt
2053 2365 2375 2431 increduli
2408 2376 2475 2430 et
2507 2365 2763 2448 profani

820 2455 1133 2531 homines,
1216 2453 1386 2536 quod
1453 2452 1734 2519 dedecus
1797 2464 1864 2518 et
1928 2453 2357 2536 ignominiam
2421 2452 2559 2533 pati
2624 2470 2760 2516 non

817 2541 1089 2625 possint,
1149 2538 1417 2620 ideoque
1461 2538 1749 2603 maxime
1793 2558 2013 2603 coram
2056 2537 2201 2602 Deo
2246 2558 2387 2602 esse
2427 2538 2760 2603 abomina-

817 2627 981 2692 biles
1022 2625 1341 2689 videmus.
1433 2622 1609 2703 Quid
1654 2625 1748 2688 ita
1792 2623 1991 2689 vero?
2082 2623 2336 2704 Nempe
2376 2621 2568 2688 Deus
2616 2622 2764 2686 vult

820 2729 891 2777 ut
937 2732 1055 2775 nos
1097 2711 1301 2793 ipsius
1342 2709 1668 2774 voluntati
1712 2710 2129 2776 subiicientes
2173 2730 2289 2791 per
2333 2708 2757 2790 ignominiam

817 2815 878 2862 et
925 2795 1287 2861 imfamiam
1332 2794 1667 2861 ambulare
1713 2816 1845 2860 non
1889 2795 2406 2869 reformidemus,
2452 2806 2519 2860 et
2563 2814 2757 2892 quae·

817 2904 1071 2965 cunque
1131 2880 1395 2946 tandem
1441 2881 1738 2947 convicia
1796 2892 1864 2946 et
1921 2881 2237 2947 dedecora
2278 2881 2348 2945 in
2395 2901 2514 2946 nos
2558 2880 2757 2946 conii-

816 2971 1095 3051 ciuntur,
1139 2967 1465 3050 patienter
1508 2986 1586 3031 88
1626 2967 1799 3032 ferre
1841 2967 2199 3033 discamus:
2246 2964 2470 3048 quod
2453 2987 2596 3048 ipse
2641 2987 2761 3031 nos

818 3075 935 3120 suo
991 3053 1292 3136 exemplo
1334 3048 1585 3119 Paulus
1644 3052 1850 3120 docet.
1937 3054 2243 3152 Denique
2288 3051 2638 3117 humilitas
2662 3051 2758 3117 sal

819 3153 920 3205 est
976 3151 1046 3206 et
1088 3139 1575 3205 condimentum
1620 3138 2023 3222 reliquarum
2067 3141 2361 3204 omnium
2404 3139 2759 3203 virtutum:

818 3247 985 3310 quae
1027 3224 1084 3291 si
1132 3224 1391 3290 deficiat
1434 3223 1725 3306 reliquae
1743 3161 2063 3291 qvirtutes
2116 3224 2500 3289 sordescunt
2543 3243 2760 3290 coram

818 3311 965 3377 Deo
1008 3323 1078 3377 et
1123 3310 1310 3375 nihili
1354 3311 1544 3374 fiunt.
1604 3309 1681 3376 Si
1727 3311 1875 3392 quis
1911 3313 2113 3393 igitur
2155 3310 2366 3374 fidelis
2410 3310 2762 3375 imminens

819 3396 1079 3480 aliquod
1136 3395 1364 3461 mortis
1426 3396 1785 3478 periculum
1850 3397 2109 3474 videat,
2165 3396 2295 3461 Dei
2358 3396 2759 3460 voluntatem

817 3483 1070 3583 placide
1105 3482 1536 3565 exspectabit.
1573 3500 1649 3546 ac
1682 3481 1834 3547 licet
1867 3479 2237 3547 diuturnior
2259 3483 2347 3547 sit
2379 3481 2761 3564 exploratiO,

820 3571 1149 3667 patienter
1213 3577 1436 3633 tamen
1505 3565 1831 3633 tolerabit.
1943 3566 2115 3650 quod
2178 3567 2511 3651 singulare
2577 3567 2762 3633 testi·

821 3657 1111 3720 monium
1158 3665 1261 3719 est
1302 3651 1705 3718 obedientiae
1748 3674 1944 3735 quam
1988 3653 2131 3718 Deo
2175 3653 2449 3719 reddere
2490 3664 2765 3734 paratus

823 3753 942 3806 est.
1044 3740 1293 3805 Contra
1349 3739 1666 3804 increduli
1723 3740 1947 3804 statim
2005 3736 2508 3817 excandescunt,
2567 3751 2636 3804 et
2692 3739 2762 3803 in

823 3826 1335 3909 desperationem
1383 3826 1682 3904 veniunt,
1730 3826 2061 3908 vitamque
2103 3825 2492 3909 abrumpere
2539 3825 2763 3889 nitun-

821 3926 948 3990 tur,
1007 3931 1203 3993 quam
1259 3909 1483 3976 fideles
1540 3934 1580 3974 a
1621 3910 1767 3976 Deo
1823 3924 2116 3977 creatore
2175 3919 2505 4009 acceptam
2552 3908 2762 3975 eidem

820 3963 1140 4075 dedicant,
1188 4007 1263 4060 ut
1304 3997 1490 4061 cuius
1529 3998 1877 4061 autoritate
1922 4006 1988 4061 et
2023 3998 2314 4080 potentia
2348 4007 2761 4079 acceperunt,

823 4083 1116 4150 eiusdem
1175 4083 1372 4146 etiam
1432 4082 1616 4147 iussu
1676 4081 2023 4164 deponant.
2116 4082 2280 4148 Inde
2345 4084 2421 4147 fit
2486 4093 2566 4147 ut
2629 4102 2765 4146 non

822 4178 1209 4238 moveantur
1273 4167 1471 4233 variis
1530 4168 1819 4248 obiectis,
1879 4189 2044 4251 quae
2103 4167 2476 4233 incredulos
2518 4168 2767 4252 praeci-

822 4257 1036 4339 pitant
1078 4256 1148 4318 in
1193 4252 1734 4335 desperationem,
1789 4268 1948 4335 puta
1991 4252 2321 4332 dedecore,
2380 4253 2764 4338 ignominia,

823 4350 889 4406 et
932 4339 1079 4407 81118
1132 4339 1518 4417 istiusmodi,
1586 4359 1752 4421 quae
1796 4338 1925 4404 Dei
1978 4340 2431 4423 providentiae
2472 4340 2767 4407 commit-

825 4442 1004 4492 tunt:
1088 4423 1448 4507 quamlibet
1525 4425 1956 4508 ignominiam
2034 4433 2101 4491 et
2185 4425 2467 4493 dedecus
2543 4445 2766 4490 eoram

826 4511 1202 4577 hominibus
1259 4520 1728 4595 postponentes
1783 4509 1885 4575 illi
1941 4510 2185 4594 3181188
2245 4532 2441 4595 quam
2495 4533 2581 4576 ex
2642 4511 2766 4576 Dei

824 4605 1173 4697 conspectu
1214 4606 1280 4661 et
1314 4596 1697 4680 angelorum
1734 4597 2105 4680 praesentia
2149 4605 2438 4681 sperant.
2519 4598 2766 4678 Quare,

826 4684 1152 4766 inquiunt,
1226 4685 1282 4747 81
1356 4704 1461 4747 188
1515 4681 1701 4747 0888
1767 4693 2039 4766 propter
2102 4700 2370 4765 peecata
2432 4683 2579 4749 vult
2643 4683 2769 4749 1188

826 4770 1075 4834 ratione
1134 4770 1373 4850 puniri,
1432 4770 1490 4832 si
1533 4768 1779 4851 raptari
1821 4770 1892 4833 in
1937 4788 2154 4845 coeno,
2211 4771 2266 4834 81
2312 4768 2493 4834 mille
2536 4781 2769 4835 contu·

828 4854 1044 4921 meliis
1108 4854 1318 4935 obrui,
1378 4853 1804 4920 nihilominus
1864 4856 2190 4939 patienter
2255 4855 2476 4920 omnia
2540 4855 2768 4933 feram,

829 4953 896 5005 et
953 4941 1022 5003 in
1064 4938 1196 5005 Dei
1251 4938 1509 5007 iudiciis
1565 4941 2037 5023 conquiescam.
2124 4938 2343 5022 Atque
2388 4942 2512 5008 hoo
2556 4941 2771 5023 ipsum

830 5025 1076 5091 Paulus
1113 5023 1302 5091 docet
1337 5026 1418 5091 de
1442 5028 1947 5126 persequutione
1969 5027 2077 5093 vel
2101 5026 2454 5093 afflictione
2475 5025 2768 5127 loquens,

831 5109 1142 5176 nimirum
1198 5132 1330 5176 non
1375 5119 1632 5177 tantum
1693 5113 2035 5191 cruciatus,
2090 5112 2204 5178 sed
2248 5112 2445 5178 etiam
2489 5112 2770 5196 ignomi-

831 5198 1011 5263 niam
1088 5196 1446 5263 ferendam.
1557 5197 1736 5278 Quid
1815 5199 1909 5264 ita
1976 5198 2175 5266 vero?
2277 5198 2534 5283 Nempe
2597 5197 2770 5282 quod

2500 288 2912 355 HOMILIA
2957 288 3138 356 ov1.
4638 297 4729 361 720

2867 490 3145 543 mortem
3206 479 3361 543 forti
3419 487 3487 543 et
3544 480 3868 561 praesenti
3935 479 4154 543 animo
4212 479 4383 543 ferre
4436 481 4599 545 multi
4635 504 4730 549 ιιοιι

2869 577 3192 642 recusant,
3238 564 3429 629 modo
3474 587 3559 629 ne
3604 564 3883 631 dedecus
3925 577 4040 630 aut
4081 565 4496 646 ignominiam

2868 658 3010 714 tur.
3070 670 3283 732 neque
3326 651 3458 715 11118
3502 671 3677 716 mors
3720 660 3821 716 est
3864 650 4025 716 adeo
4069 649 4506 717 formidabilis.
4583 607 4736 735 Atqui

2868 734 3118 800 Paulus
3201 735 3445 818 aliquid
3512 736 3794 818 amplius
3858 736 4154 820 requirit,
4229 756 4464 818 nempe
4521 757 4586 801 ut
4637 760 4739 806 non

2868 821 3077 886 solum
3132 821 3306 888 ferre
3364 834 3640 887 mortem
3701 821 3927 888 fideles
3986 823 4199 905 parati
4234 823 4390 898 sint,
4446 823 4549 887 sed
4585 826 4738 890 etiam

2870 906 3205 1006 quodlibet
3245 907 3554 972 infamiae
3599 919 3669 971 et
3711 907 4045 973 dedecoris
4091 930 4300 990 genus
4344 910 4492 988 pati.
4569 910 4740 993 Atque

2871 994 2996 1057 ista
3080 993 3204 1058 fuit
3293 1005 3674 1059 sanctorum
3759 1004 4130 1077 martyrum
4219 993 4540 1069 fortitudo,
4623 996 4742 1061 haec

2870 1079 3117 1145 invicta
3179 1079 3523 1163 patientia:
3604 1099 3883 1162 quorum
3962 1080 4257 1162 vestigiis
4324 1098 4443 1145 nos
4503 1081 4744 1146 insistere

2870 1163 3053 1230 decet
3108 1185 3310 1248 quum
3373 1187 3413 1230 a
3456 1164 3601 1230 Deo
3659 1166 3858 1231 variis
3914 1166 4284 1231 istiusmodi
4341 1167 4745 1233 tentationibus

2870 1252 3340 1316 exercebimur.
3430 1251 3535 1316 Ex
3592 1253 3736 1316 istis
3794 1252 3998 1333 igitur
4051 1261 4325 1334 apparet
4368 1272 4493 1316 non
4532 1272 4652 1317 esse
4684 1275 4745 1317 ex

2870 1337 3210 1401 hominum
3288 1337 3594 1419 opinione
3667 1337 4109 1413 iudicandum,
4173 1337 4330 1419 quid
4402 1337 4620 1403 bonum
4670 1339 4745 1402 vel

2871 1422 3115 1486 malum
3188 1424 3291 1496 sit,
3374 1443 3584 1505 neque
3664 1422 3747 1486 ad
3825 1423 4100 1487 humani
4192 1421 4417 1489 iudicii
4494 1436 4747 1488 staterem

2868 1508 3327 1590 appendendae
3387 1510 3684 1584 virtutes,
3744 1508 3858 1574 sed
3903 1507 4123 1572 Deum
4167 1508 4453 1574 iudicem
4493 1508 4750 1574 advocan-

2868 1593 3044 1669 dum,
3101 1609 3167 1659 et
3224 1594 3431 1677 ipsius
3486 1594 3724 1660 iudicio
3789 1604 3859 1659 et
3915 1593 4176 1660 decreto
4235 1593 4747 1677 acquiescendum:

2867 1680 3036 1761 quod
3083 1700 3164 1745 ex
3209 1680 3412 1762 ipsius
3458 1679 3685 1745 Saulis
3728 1693 3938 1745 morte
3981 1679 4412 1762 conspicuum
4454 1690 4567 1745 est.

3041 1765 3389 1831 Caeterum
3430 1766 3500 1830 in
3526 1763 3730 1832 Saule
3765 1765 4266 1831 memorandum
4293 1766 4650 1847 exemplum
4677 1787 4750 1830 eo-

2869 1870 3015 1915 rum
3038 1854 3152 1933 qui
3176 1850 3470 1917 crudeles
3493 1852 3765 1917 fuerunt
3799 1868 4091 1934 apparet.
4141 1851 4370 1933 Neque
4387 1853 4558 1917 enim
4578 1849 4752 1917 Saulis

2869 1958 3158 2035 unquam
3200 1935 3453 2020 expleri
3496 1937 3711 2021 potuit
3753 1937 4035 2002 saevitia
4077 1938 4149 2001 in
4195 1936 4539 2014 Davidem,
4590 1938 4750 2003 donec

2867 2021 2939 2086 18
2983 2022 3494 2088 Philistaeorum
3556 2025 3888 2107 regionem
3951 2024 4374 2106 profugisset.
4462 2023 4596 2088 Iam
4633 2044 4750 2107 ergo

2866 2129 3025 2173 suae
3080 2108 3486 2175 crudelitatis
3544 2129 3786 2191 poenas
3842 2110 3997 2184 luit,
4072 2108 4327 2192 sibique
4388 2108 4513 2193 ipsi
4567 2130 4753 2174 manus

2865 2193 3107 2260 inferre
3151 2194 3427 2277 cogitur.
3472 2194 3699 2277 Neque
3733 2195 4007 2261 dubium
4043 2197 4205 2276 quin
4250 2195 4379 2261 hoc
4419 2197 4577 2260 facto
4611 2193 4750 2259 Dens

2865 2290 3180 2349 testatum
3225 2281 3534 2361 voluerit,
3592 2297 3659 2346 et
3717 2291 4034 2379 tanquam
4086 2281 4158 2344 18
4203 2281 4473 2365 speculo
4515 2294 4750 2345 oontem-

2865 2366 3176 2448 plandum
3225 2368 3611 2467 praebuerit,
3673 2388 3785 2433 eos
3843 2368 3954 2447 qui
3999 2367 4391 2433 innocentes
4433 2362 4750 2449 persequuti

2864 2451 3126 2528 fuerint,
3185 2465 3249 2516 et
3291 2454 3452 2533 ipsis
3497 2453 3722 2517 iniurii
3773 2452 4041 2528 fuerint,
4088 2473 4221 2516 non
4241 2473 4514 2534 impune
4538 2453 4749 2517 laturos.

2868 2535 3044 2603 Sane
3089 2558 3221 2602 non
3263 2558 3490 2603 omnes
3532 2539 3825 2604 violenta
3867 2549 4078 2603 morte
4111 2536 4294 2619 quali
4328 2536 4500 2604 Saul
4529 2538 4751 2602 interire

2862 2624 3103 2688 fateor:
3150 2638 3606 2689 verumtamen
3628 2646 3713 2689 ex
3748 2626 3873 2689 hoc
3905 2626 4209 2706 exemplo
4246 2623 4669 2708 colligendum
4684 2638 4754 2687 est

2862 2710 3170 2859 generale
3224 2710 3505 2787 axioma,
3564 2708 3785 2775 Deum
3844 2711 4198 2790 impiorum
4259 2710 4598 2775 hominum
4642 2728 4752 2773 eru-

2907 2795 3038 2860 elia
3079 2796 3249 2861 facta
3307 2796 3377 2858 in
3439 2794 3637 2861 libros
3681 2817 3833 2861 suos
3895 2796 4154 2871 referre,
4215 2806 4282 2861 et
4341 2795 4604 2860 tandem
4639 2814 4754 2878 quo-

2864 2902 3123 2964 cunque
3167 2881 3357 2946 modo
3399 2881 3467 2946 id
3512 2883 3631 2947 fiat
3675 2902 3919 2962 poenas
3972 2881 4242 2947 meritas
4286 2881 4375 2946 ab
4417 2882 4577 2963 ipsis
4613 2900 4752 2961 repe-

2864 2978 3024 3033 tere.
3071 2968 3294 3033 Iustus
3337 2969 3509 3031 enim
3554 2988 3812 3049 semper
3860 2969 4039 3033 Deus
4083 2980 4202 3040 est,
4247 2970 4378 3033 etsi
4413 2987 4543 3031 non
4573 2965 4752 3031 eadem

2864 3053 3146 3137 singulis
3192 3073 3499 3118 mensura
3541 3074 3661 3118 sua
3694 3054 3938 3120 iudicia
3967 3053 4359 3119 admetitur:
4408 3051 4754 3137 longedisei-

2866 3138 3039 3203 181118
3107 3140 3389 3203 ι8118818
3453 3138 3776 3205 iudicibus
3839 3140 3952 3220 qui
4015 3139 4178 3237 alios
4243 3143 4568 3220 puniunt,
4634 3137 4752 3201 alins

2865 3224 3093 3307 poenis
3138 3224 3437 3290 eximunt
3475 3223 3768 3290 eiusdem
3802 3224 4098 3289 criminis
4133 3244 4310 3291 1888·
4363 3225 4527 3289 81188
4568 3225 4629 3287 in
4648 3224 4754 3287 vin-

2862 3311 3010 3376 cula
3031 3311 3402 3386 coniiciunt,
3448 3311 3609 3376 alios
3629 3310 3992 3391 impunitos
4021 3309 4442 3392 relinquunt.
4487 3310 4594 3375 sed
4617 3310 4752 3373 Deus

2864 3406 3101 3462 natura
3144 3396 3542 3461 iustissimus
3585 3404 3653 3465 et
3697 3396 4151 3479 aequissimus,
4195 3398 4425 3461 omnia
4467 3394 4755 3461 malefacti

2863 3482 3056 3565 punit
3119 3481 3274 3546 licet
3335 3503 3467 3547 non
3532 3483 3764 3547 eodem
3833 3503 4096 3565 semper
4173 3503 4424 3565 genere
4487 3480 4752 3564 supplicii.

2864 3567 3074 3633 Porro
3119 3566 3390 3632 Saulem
3435 3568 3647 3651 prima
3689 3570 3904 3633 fronte
3959 3568 4137 3633 dicas
4181 3569 4311 3635 Dei
4363 3589 4498 3634 non
4537 3584 4754 3650 prorsus

2864 3654 3158 3733 oblitum,
3225 3674 3384 3718 suae
3449 3653 3782 3738 religionis
3847 3653 4298 3720 testimonium
4358 3655 4551 3719 edere
4599 3670 4755 3735 quum

2865 3740 3119 3819 metuit,
3175 3759 3252 3803 ne
3309 3739 3734 3805 incircumcisi
3786 3740 3921 3819 ipsi
3975 3739 4251 3805 illudant
4306 3745 4572 3821 mortuo,
4622 3733 4755 3835 qued

2865 3824 3140 3908 perinde
3182 3834 3286 3890 est
3330 3847 3406 3890 ac
3447 3828 3501 3890 81
3549 3824 3745 3891 hodie
3787 3825 3960 3890 idem
4019 3825 4101 3890 de
4143 3825 4381 3892 'Purcis
4427 3842 4492 3892 et

2866 3911 3248 3976 diceremus.
3337 3910 3763 3977 Circumcisio
3821 3912 3999 3976 enim
4047 3910 4312 3977 Iudaeis
4369 3912 4528 3977 olim
4568 3910 4627 3974 id
4662 3909 4756 3972 fuit

2867 3995 3040 4079 quod
3085 3995 3279 4062 hodie
3317 3996 3504 4062 nobis
3551 3997 3932 4098 baptismus.
3997 3995 4334 4063 Increduli
4379 4000 4557 4064 enim
4595 3994 4758 4059 aDeo

2868 4083 3066 4148 alieni
3141 4082 3577 4147 incircumcisi
3662 4102 3776 4165 per
3854 4094 4303 4167 contemptum
4386 4082 4758 4151 vocabantur,

2867 4169 3060 4252 quasi
3104 4166 3385 4249 pollutos
3429 4181 3496 4232 et
3539 4167 3912 4233 immundos
3966 4166 4162 4234 dicas.
4252 4168 4424 4235 Saul
4468 4168 4655 4253 igitur
4687 4165 4757 4229 in·

2867 4254 3282 4322 circumcisos
3325 4254 3739 4352 abominatus
3782 4252 4050 4319 videtur
4093 4255 4165 4319 in
4207 4254 4587 4320 memoriam
4608 4268 4756 4316 revo-

2866 4359 3048 4407 casse
3109 4360 3277 4422 quae
3339 4339 3413 4403 in
3470 4339 3742 4405 Domini
3808 4341 3953 4422 lege
4017 4339 4250 4407 doctus
4314 4344 4544 4416 fuerat,
4602 4356 4758 4419 seque

2867 4424 3213 4511 agnovisse
3272 4445 3354 4491 ex
3413 4424 3777 4491 Abrahami
3836 4427 4110 4508 posteris
4167 4447 4330 4503 esse,
4393 4438 4461 4491 et
4501 4424 4759 4491 ecelesiae

2867 4511 3267 4577 membrum.
3339 4532 3536 4593 quam
3593 4513 3677 4577 ob
3733 4532 3999 4577 causam
4058 4513 4253 4577 multi
4307 4512 4549 4578 factum
4595 4508 4757 4593 ipsias

2868 4617 3183 4664 excusare
3226 4598 3546 4662 nituntur.
3594 4597 3824 4663 Sane'
3807 4618 3880 4662 18
3914 4598 4122 4679 ipsius
4157 4611 4443 4664 mortem
4471 4593 4756 4678 scrupulo·

2869 4685 3007 4750 sius
3048 4682 3515 4765 inquirendum
3559 4704 3689 4748 nou
3737 4697 3869 4749 est:
3915 4682 4030 4748 sed
4065 4683 4212 4750 Deo
4255 4684 4464 4751 iudici
4496 4681 4646 4749 Saul
4681 4698 4755 4744 re-

2869 4767 3269 4853 linquendus
3311 4777 3440 4835 est:
3491 4782 3944 4835 verumtamen
3984 4769 4115 4835 Dei
4157 4770 4477 4836 iudicium
4519 4765 4720 4851 quod
4704 4783 4758 4826 m

2870 4857 3012 4922 8188
3070 4866 3283 4920 morte
3355 4854 3540 4920 nobis
3603 4856 3990 4938 proponitur
4056 4866 4362 4938 contemp
4363 4852 4624 4921 landum
4668 4862 4758 4923 ut·

2871 4953 2941 5006 et
2983 4960 3151 5024 quae
3197 4941 3384 5005 Deus
3439 4961 3583 5007 esse
3641 4941 3900 5008 occulta
3944 4941 4155 5006 voluit
4213 4939 4647 5025 relinquenda.
4694 4955 4757 4999 Μ

2872 5026 3160 5092 81181888
3177 5026 3685 5109 praesumtionis
3698 5046 4108 5092 accusemur.
4132 5026 4248 5093 sed
4263 5047 4495 5093 eorum
4509 5020 4758 5104 exemplo

2872 5110 3259 5196 sapiendum
3315 5133 3482 5195 quos
3535 5113 3709 5178 ferre
3757 5132 4001 5194 poenas
4058 5112 4360 5179 videmus
4416 5112 4635 5197 dignas
4667 5124 4757 5171 sut

2873 5198 3248 5269 curiositate
3291 5218 3456 5281 quae
3498 5199 3778 5264 rimatur
3820 5217 3898 5264 ea
3940 5218 4105 5283 quae
4145 5199 4396 5266 nullius
4438 5212 4588 5265 sunt
4623 5191 4756 5261 aedi·
