5059 6059
799 294 927 361 251
2455 298 2860 365 HOMILIA
2907 297 3124 364 LXV.

792 495 951 550 rant
993 493 1186 548 antea
1222 483 1548 549 Davidem
1596 504 1727 549 non
1768 487 2180 568 agnoverint.
2270 486 2603 570 Quidquid
2646 491 2734 554 sit
3001 487 3196 555 Nunc
3238 488 3434 554 etiam
3483 512 3539 547 ρ*

791 590 925 637 non
987 588 1185 652 parva
1246 571 1610 634 tentatione
1655 568 1983 637 Davidem
2031 572 2332 637 affectum
2377 573 2731 639 verisimile
2829 573 3090 639 iurandi
3150 594 3278 656 qna
3335 578 3423 635 ut⁵

791 667 911 733 est,
959 675 1159 737 quum
1204 675 1275 719 se
1319 675 1452 719 non
1505 656 1773 739 agnosci
1829 658 2248 741 conspiceret.
2337 657 2731 742 Quanquam
2829 662 3050 725 anima
3081 664 3207 735 tua,
3260 684 3289 721 ι·

790 763 926 807 non
974 739 1398 805 vehementer
1441 740 1630 804 illum
1676 739 1755 806 de
1798 761 1876 806 eo
1925 742 2222 808 laborare
2278 746 2725 826 conspicimus.
2831 747 3019 821 tatio:
3064 748 3179 808 ets*

789 828 1021 909 Neque
1064 827 1238 891 enim
1287 827 1424 910 regi
1465 826 1900 891 ministerium
1947 848 2142 892 suum
2178 830 2528 910 superioris
2565 842 2725 895 tem-
2828 832 3049 903 traria,

874 914 965 976 ris
1046 910 1418 996 exprobrat.
1506 912 1594 975 Et
1665 933 1823 978 sane
1889 914 2124 979 merito
2191 926 2443 995 poterat
2510 913 2726 981 David
2830 918 2981 979 rant!

790 933 1064 1064 &aulem
1123 995 1615 1081 ingratitudinis
1675 1017 2000 1078 accusare,
2059 999 2161 1063 his
2204 1001 2449 1065 verbis:
2495 1000 2724 1064 Nonne
2826 1025 2891 1064 rf-

788 1096 863 1149 tu
902 1105 1008 1147 me
1049 1085 1248 1166 probe
1285 1081 1506 1148 nosti?
1546 1104 1766 1149 nonne
1800 1084 1860 1148 is
1894 1104 2014 1168 ego
2049 1105 2192 1149 sum
2234 1106 2424 1167 quem
2461 1106 2497 1149 e
2535 1086 2723 1149 domo
2772 1108 2775 1119 ⁴

786 1181 1064 1253 paterna
1120 1168 1425 1247 evocasti,
1485 1179 1558 1233 ut
1617 1189 1837 1235 coram
1895 1180 1957 1234 te
2014 1170 2335 1234 citharam
2375 1173 2697 1253 pulsarem

789 1254 947 1320 dum
1015 1263 1081 1318 te
1145 1254 1357 1318 malus
1422 1255 1688 1335 spiritus
1756 1254 2085 1339 exagitat?
2175 1255 2410 1321 Nonne
2476 1280 2592 1339 ego
2666 1278 2675 1287 ·

792 1361 986 1421 saepe
1050 1360 1199 1405 sum
1257 1339 1606 1405 comitatus
1663 1348 1729 1403 et
1786 1341 2070 1424 armiger
2125 1348 2279 1405 tuus
2334 1342 2468 1405 fui?

791 1426 940 1491 istis
1008 1424 1311 1489 omnibus
1376 1425 1708 1490 abstinens
1773 1426 2156 1508 simpliciter
2221 1449 2428 1508 respo!
2481 1432 2490 1459 ³

791 1511 924 1577 Isai
990 1509 1514 1576 Bethlehemitae
1580 1511 1787 1575 filium
1853 1532 1994 1577 esse
2057 1514 2226 1576 servi
2299 1516 2336 1573 i:

792 1596 1029 1680 quibus
1067 1607 1337 1680 apparet
1374 1594 1693 1660 Davidem
1733 1617 1866 1661 non
1904 1619 1971 1661 se
2008 1598 2280 1660 admodz·

791 1683 999 1760 dasse‚
1035 1702 1242 1764 neque
1280 1695 1537 1764 optasse
1574 1681 1797 1756 videri,
1837 1704 2044 1765 neque
2086 1706 2192 1741 av*

790 1767 1036 1850 aliquot
1095 1766 1348 1831 dierum
1408 1766 1840 1832 ministerium
1902 1791 2028 1831 non
2079 1794 2086 1803 ·

791 1854 986 1920 sitam
1072 1853 1256 1935 prius
1335 1853 1615 1937 gratiam
1688 1872 1964 1917 moment

786 1938 1157 2022 colligimus
1220 1938 1408 2002 illum
1469 1959 1599 2001 non
1662 1940 1739 2002 ab
1791 1940 1844 1999 h«

788 2024 1207 2108 spectavisse.
1277 2043 1471 2105 quam
1541 2024 1780 2086 nullan¹

788 2109 1266 2175 madvertebat:
1328 2108 1442 2173 sed
1500 2131 1538 2171 a
1587 2112 1704 2171 D*-

788 2196 913 2261 sibi
953 2217 1082 2259 non
1121 2193 1339 2259 deberi
1379 2195 1537 2259 satis

786 2282 1089 2364 precibus
1133 2279 1213 2344 ab
1258 2279 1390 2344 Isai
1436 2290 1618 2361 patre

789 2367 964 2450 quit:
1032 2364 1182 2430 Stet
1241 2365 1461 2431 David
1505 2367 1573 2429 in
1619 2388 1688 2430 cs

911 2451 1066 2515 tiam
1141 2452 1209 2516 in
1265 2450 1471 2517 oculis
1529 2451 1710 2515 meis.

835 2535 1006 2603 ebito
1087 2548 1186 2602 est
1260 2535 1657 2615 afficiendus,
1741 2558 1796 2601 a.

789 2621 1013 2704 Quare
1067 2641 1390 2686 summam
1435 2623 1501 2685 in
1550 2621 1804 2687 Davide

788 2709 902 2792 qui
969 2707 1247 2772 honores
1314 2707 1396 2772 ab
1459 2705 1834 2772 hominibus
1903 2762 1910 2769 .

784 2790 1264 2877 quodammodo
1301 2791 1633 2872 delibatos,
1670 2793 1964 2874 quando«,

786 2887 1074 2958 venerat,
1131 2887 1197 2943 et
1254 2879 1542 2961 armiger
1594 2880 1796 2960 ipsius
1841 2879 2006 2942 facti,

788 2964 871 3032 ab
948 2964 1310 3030 aulicorum
1368 2964 1633 3028 illorum
1693 2963 1976 3029 moribus
2036 2992 2068 3025 a*

785 3049 982 3117 aulici
1029 3050 1306 3115 honores
1352 3056 1690 3131 tantopere
1724 3049 2035 3128 alliciunt,
2084 3074 2096 3129 1

787 3137 905 3221 qui
947 3136 1142 3219 longe
1186 3134 1314 3199 alia
1361 3135 1612 3200 ratione
1656 3135 1858 3199 vitam
1905 3138 2150 3217 transig

784 3223 1087 3288 animum
1128 3219 1374 3286 vellent
1416 3220 1727 3285 adiicere:
1775 3220 1887 3285 sed
1934 3242 2126 3302 quam
2179 3246 2194 3300 1

787 3309 896 3375 vel
938 3306 1165 3391 procul
1208 3306 1599 3388 salutarunt,
1659 3307 1787 3370 iam
1833 3307 1986 3370 sacti
2028 3306 2250 3370 nobile.

785 3397 1209 3459 mesticarum
1255 3412 1520 3456 omnem
1563 3411 1789 3457 curam
1834 3391 2164 3468 abiiciunt,
2213 3416 2304 3455 n1=

786 3478 1018 3544 radere
1075 3497 1332 3560 semper
1388 3477 1634 3559 aliquid
1693 3484 2032 3542 conantur.
2122 3476 2291 3541 Nam

788 3565 923 3631 cori
982 3566 1120 3628 fore
1177 3561 1581 3627 arbitrantur
1636 3563 1693 3626 si
1753 3562 1967 3639 labore
2026 3561 2240 3644 aliquo
2299 3566 2406 3626 vit.

787 3659 1031 3728 rarent‚
1099 3660 1164 3712 et
1228 3669 1415 3713 suam
1481 3646 1650 3731 apud
1721 3647 2017 3712 homines
2081 3647 2444 3713 conditiom·

787 3734 1103 3801 viliorem.
1152 3733 1331 3814 Quin
1369 3734 1499 3798 imo
1538 3732 1778 3798 multos
1814 3733 2086 3797 miseros
2120 3734 2450 3799 mendicos
2491 3784 2498 3793 .

786 3821 897 3904 qui
942 3821 999 3885 si
1044 3819 1126 3884 ad
1171 3817 1414 3882 bellum
1460 3820 1728 3900 profecti
1773 3818 1927 3891 sint,
1985 3827 2051 3883 et
2095 3839 2331 3901 urgeas
2378 3832 2451 3883 ut
2495 3848 2524 3882 a

782 3918 918 3972 tem
953 3905 1237 3988 aliquam
1274 3924 1342 3967 se
1380 3903 1725 3986 applicent.
1763 3905 2265 3988 ignominiosum
2302 3903 2421 3969 sibi
2447 3907 2599 3969 dur,

781 4003 847 4058 et
887 3991 1164 4057 rusticos
1188 3989 1506 4073 agricolas
1545 4010 1583 4053 a
1615 3989 1788 4055 stiva
1823 3988 2022 4055 semel
2055 3988 2361 4056 abductos
2385 4013 2603 4073 nunqu

779 4076 1055 4144 reducas
1119 4074 1202 4139 ad
1283 4074 1777 4158 agriculturam:
1871 4075 2275 4159 peregrinari
2338 4077 2583 4140 malunt
2654 4104 2665 4139 i

779 4163 1015 4229 alienis
1075 4161 1473 4247 regionibus,
1531 4180 1730 4241 quam
1790 4160 2071 4243 aliquam
2132 4168 2340 4239 artem
2396 4165 2711 4245 profiteri.

779 4259 865 4328 et,
922 4247 1096 4332 quod
1153 4247 1430 4313 aliorum
1476 4247 1578 4311 usi
1622 4253 1777 4309 sunt
1820 4245 2202 4324 ministerio,
2257 4257 2446 4329 turpe
2488 4250 2608 4313 sibi
2653 4264 2716 4313 et

780 4334 1289 4419 ignominiosum
1366 4331 1616 4399 ducunt
1670 4332 1859 4397 alteri
1919 4332 2257 4397 inservire.
2345 4332 2479 4398 Sed
2537 4338 2716 4400 varia
2762 4332 2767 4371 ³

781 4432 940 4487 sunt
1005 4432 1331 4503 tempora:
1400 4417 1574 4501 quod
1640 4416 1800 4499 ipsis
1866 4424 2089 4481 tamen
2155 4418 2274 4482 etsi
2339 4418 2507 4483 fame
2572 4442 2715 4503 pre·
2820 4462 2835 4483 ι

780 4515 1051 4572 mantur
1094 4504 1469 4588 persuaderi
1516 4525 1646 4568 non
1695 4510 1945 4585 potest:
2006 4522 2156 4566 nam
2206 4525 2275 4568 se
2320 4503 2400 4566 ad
2437 4504 2714 4586 priorem
2816 4531 2877 4569 ex

781 4593 962 4658 illam
1007 4593 1214 4656 vitam
1259 4590 1584 4656 redituros
1629 4589 1749 4652 sibi
1797 4587 2204 4671 pollicentur.
2295 4588 2715 4655 Contrarium
2815 4595 2933 4656 ins.

783 4699 1053 4762 prorsus
1089 4676 1412 4742 Davidem
1451 4684 1805 4757 sequutum
1842 4671 2156 4751 videmus,
2202 4673 2713 4757 quandoquidem
2815 4690 2955 4743 tum

783 4763 983 4829 nullis
1026 4763 1252 4829 aulicis
1296 4762 1544 4828 deliciis
1588 4768 1689 4824 est
1729 4757 2058 4836 delinitus,
2115 4760 2279 4839 quin
2325 4759 2601 4826 libenter
2644 4762 2714 4827 in
2815 4764 3015 4829 detra.

785 4848 1045 4914 domum
1129 4859 1472 4931 paternam
1555 4868 1637 4909 ex
1704 4845 1854 4909 aula
1920 4843 2001 4908 ad
2066 4845 2438 4926 pecuariam
2508 4856 2714 4912 artem
2814 4850 2935 4917 hac
3008 4877 3071 4915 η

784 4930 1211 4999 exercendam
1258 4954 1566 4999 reversus
1611 4931 1731 4995 sit:
1776 4942 1841 4995 et
1884 4930 2037 4994 licet
2079 4931 2148 4993 in
2185 4940 2399 4995 castra
2433 4932 2711 5009 redierit,
2811 4935 3028 5002 David
3085 4986 3095 4999 .

785 5038 995 5100 neque
1037 5039 1432 5101 magnopere
1476 5039 1548 5082 se
1593 5013 2062 5097 commendarit
2105 5024 2178 5079 ut
2222 5016 2499 5099 gratiam
2542 5017 2710 5102 apud
2813 5021 2967 5088 dum
3014 5026 3139 5089 fun-

788 5103 1030 5168 aulicos
1087 5105 1207 5169 sibi
1252 5112 1610 5188 quaereret,
1671 5123 1880 5184 neque
1925 5101 2122 5165 etiam
2166 5121 2236 5166 se
2280 5122 2407 5166 non
2453 5105 2711 5188 agnosci
2810 5128 2928 5190 pro
2974 5109 3133 5176 bene
3186 5166 3193 5173 .

783 5197 1173 5270 conquestus
1217 5191 1320 5255 sit.
1410 5191 1500 5254 Et
1545 5190 1626 5253 de
1673 5185 1928 5252 Davide
1974 5185 2309 5252 hactenus.
2812 5216 2990 5278 spem
3056 5220 3217 5263 gua„
