5059 6059
795 319 924 387 243

2541 316 2952 385 HOMILIA
2998 316 3053 383 1.

4627 317 4729 383 244

797 508 1275 593 quodammodo
1339 528 1525 575 suam
1591 507 2003 574 abscondisse
2068 506 2303 574 faciem
2377 506 2562 574 visus
2618 514 2738 588 est,
2842 516 2908 572 et
2953 505 3339 590 disciplinae
3398 506 3872 573 ecclesiasticae
3931 505 4211 573 abolitae
4262 525 4302 570 a
4358 505 4539 573 nobis
4577 528 4735 594 argu-

795 595 1026 660 multis
1069 607 1135 660 et
1179 596 1433 679 magnis
1488 594 1841 661 sceleribus
1885 596 1954 659 in
1998 593 2110 659 illo
2155 593 2391 677 populo
2437 614 2739 677 grassan-

2842 603 3059 658 untur.
3173 590 3517 673 Quaerunt
3579 592 3794 670 enim,
3873 594 4104 658 fierine
4180 594 4414 676 possit,
4494 595 4735 676 quando-

799 680 995 759 tibus,
1054 681 1225 763 quod
1284 703 1362 746 ea
1416 682 1612 745 etiam
1680 680 1946 744 fuerunt
2012 691 2305 764 tempora
2370 680 2440 744 in
2505 681 2742 762 quibus
2840 677 3099 762 quidem
3159 689 3414 762 oportet
3471 678 3808 745 ecclesiam
3853 699 3893 742 a
3936 679 4079 743 Deo
4139 699 4397 762 semper
4451 679 4640 746 foveri
4686 693 4738 746 et

798 786 931 832 non
964 778 1182 832 essent
1204 767 1320 850 qui
1349 767 1659 850 populum
1685 773 1989 850 regerent
2011 785 2085 829 ac
2107 775 2500 831 coercerent.
2568 765 2739 830 Nam
2842 764 3172 844 sustineri,
3219 775 3291 828 ιιι
3335 785 3623 846 unquam
3668 765 3749 829 ab
3792 765 3936 848 ipso
3982 762 4348 829 deseratur:
4395 785 4469 830 ac
4509 766 4738 847 proinde

801 853 894 916 ait
937 853 1278 935 scriptura,
1336 873 1656 935 quemque
1701 851 1873 936 quod
1919 852 2041 916 sibi
2084 850 2284 916 libido
2330 850 2607 917 dictaret
2647 852 2740 916 fe·
2787 831 2795 909 Ι

796 938 985 1018 cisse,
1051 937 1223 1021 quod
1288 940 1358 1003 in
1424 938 1670 1004 Israele
1733 960 1851 1003 rex
1910 958 2039 1003 non
2108 949 2296 1003 esset.
2404 935 2744 1020 Stupenda

800 1044 959 1088 sane
1018 1023 1372 1107 dissipatio,
1477 1023 1649 1088 Nam
1710 1046 1779 1089 se
1838 1025 2126 1107 reliquae
2187 1023 2555 1088 animantes
2599 1024 2742 1089 sine

803 1130 956 1192 rege
1019 1121 1277 1194 regunt,
1340 1130 1469 1173 non
1528 1111 1684 1173 item
1744 1109 2062 1187 homines,
2141 1130 2300 1191 quos
2357 1119 2616 1192 oportet
2671 1110 2739 1174 in

798 1194 1013 1261 officio
1060 1195 1259 1260 veluti
1308 1195 1369 1260 vi
1414 1196 1657 1259 maiore
1701 1195 2042 1261 contineri.
2109 1195 2323 1259 'l'anta
2357 1196 2530 1258 enim
2573 1216 2741 1259 mor-

800 1279 1030 1345 talium
1068 1282 1410 1363 corrupti0‚
1456 1293 1528 1345 ut
1571 1282 1777 1346 instar
1813 1282 2152 1365 gigantum
2189 1282 2501 1345 adversus
2527 1279 2743 1345 Deum

804 1365 1025 1446 ipsum
1082 1367 1383 1440 fremant,
1457 1376 1523 1431 et
1588 1367 1659 1431 in
1729 1369 1998 1450 quaevis
2056 1366 2301 1432 scelera
2360 1368 2744 1449 praecipites

804 1452 1118 1517 ferantur.
1207 1451 1400 1518 Unde
1461 1453 1670 1535 magis
1729 1474 1804 1518 ac
1862 1453 2070 1535 magis
2120 1451 2319 1517 insita
2364 1453 2742 1516 mortalium

803 1538 1040 1602 animis
1079 1538 1328 1603 malitia
1373 1538 1841 1621 cognoscenda,
1903 1549 1969 1602 et
2027 1537 2108 1602 ad
2168 1537 2499 1619 quodlibet
2556 1539 2742 1622 flagi-

802 1624 969 1692 tium
992 1624 1399 1706 proclivitas:
1447 1645 1522 1689 ac
1566 1624 1838 1707 proinde
1878 1645 2041 1706 opus
2076 1644 2215 1687 esse
2250 1623 2744 1707 magistratibus

801 1728 1077 1792 quorum
1103 1712 1455 1775 autoritate
1489 1710 1970 1791 contineantur,
2018 1731 2100 1773 ne
2138 1709 2358 1791 pravis
2401 1709 2743 1775 affectibus

799 1793 1014 1861 locum
1039 1795 1269 1861 dantes
1291 1795 1647 1860 deteriores
1680 1796 1838 1879 ipsis
1877 1795 2100 1861 bestiis
2135 1794 2437 1874 evadant,
2467 1815 2740 1876 quarum

800 1880 870 1945 in
929 1900 1001 1946 se
1054 1880 1339 1962 regendo
1391 1882 1601 1945 maior
1656 1893 1755 1946 est
1790 1902 1991 1964 quam
2034 1881 2328 1963 ipsorum
2375 1883 2742 1963 prudentia,

808 1986 1011 2048 quum
1073 1967 1563 2050 magistratibus
1610 1966 1906 2032 destituti
1956 1987 2071 2049 pro
2116 1987 2233 2031 sua
2280 1968 2552 2049 quisque
2596 1968 2738 2033 libi-

804 2051 956 2118 dine
1003 2052 1130 2118 huc
1173 2053 1329 2118 illuc
1372 2051 1751 2134 impellitur.
1841 2051 2062 2132 Quum
2110 2052 2314 2135 igitur
2357 2074 2472 2117 rex
2518 2053 2744 2118 nullus

804 2147 974 2202 esset
1026 2136 1098 2202 in
1158 2137 1424 2218 Israele,
1482 2158 1677 2220 quam
1742 2138 2116 2222 deploratus
2180 2158 2255 2201 ac
2321 2138 2743 2221 perturbatus

803 2222 1000 2288 fuerit
1056 2233 1265 2289 status
1322 2223 1465 2289 luce
1505 2224 1744 2289 clarius
1789 2235 1907 2290 est.
1982 2223 2117 2290 Sed
2165 2225 2343 2288 Deus
2396 2246 2467 2289 se
2519 2225 2744 2309 populi

803 2307 907 2374 sui
946 2325 1074 2374 non
1118 2309 1390 2374 oblitum
1436 2330 1576 2375 esse
1618 2311 1879 2375 tandem
1918 2333 1989 2375 re
2048 2310 2193 2393 ipsa
2246 2309 2742 2396 demonstravit,

801 2392 954 2459 licet
998 2395 1079 2458 ab
1124 2394 1235 2460 illo
1279 2416 1542 2477 prorsus
1602 2396 1936 2462 videretur
1981 2396 2329 2461 alienatus:
2390 2405 2456 2460 et
2510 2399 2742 2462 merito

801 2478 1085 2561 quidem,
1125 2488 1219 2543 tot
1248 2480 1515 2563 flagitiis
1559 2482 1724 2546 iram
1750 2483 1875 2546 Dei
1915 2491 2323 2565 provocante,
2370 2493 2444 2545 ut
2476 2484 2739 2566 signum

803 2564 1225 2630 manifestum
1277 2566 1474 2630 fuerit
1530 2565 1791 2631 divinae
1850 2566 2176 2633 vindictae
2234 2565 2491 2650 quando
2537 2590 2739 2653 popu·

806 2648 944 2714 lum
1012 2672 1128 2716 suo
1186 2653 1454 2718 arbitrio
1496 2663 1567 2717 et
1624 2652 1879 2717 libidini
1936 2653 2253 2736 permisit,
2314 2653 2742 2720 nibilominus

806 2734 1208 2802 admirandis
1270 2737 1481 2802 modis
1538 2738 1723 2803 illum
1792 2747 2044 2804 tutatus
2109 2748 2210 2804 est
2269 2738 2472 2805 Deus.
2575 2739 2740 2820 Quis

806 2822 981 2887 enim
1040 2822 1148 2887 vel
1206 2822 1380 2888 fama
1436 2845 1727 2907 unquam
1783 2823 2038 2890 audivit
2092 2824 2293 2890 ullam
2343 2825 2444 2890 vel
2491 2825 2736 2891 tribum

801 2907 906 2972 vel
952 2918 1215 2991 gentem
1256 2909 1399 2975 sine
1438 2930 1592 2993 rege
1637 2921 1751 2975 aut
1887 2911 2231 2976 bernatore
2268 2911 2530 2989 vixisse,
2580 2912 2737 2994 quin

804 2992 932 3059 Dei
976 2992 1193 3059 cultus
1240 2995 1341 3060 vel
1384 2995 1669 3078 pollutus
1715 3018 1795 3061 ve
1864 3017 2129 3080 prorsus
2175 2995 2471 3062 desertus
2519 2997 2739 3077 fuerit,

803 3087 868 3142 et
915 3100 1170 3144 summa
1224 3103 1442 3145 rerum
1500 3082 1789 3148 confusio
1836 3084 2094 3152 invecta
2136 3081 2269 3148 sit?
2359 3084 2542 3149 Deus
2587 3104 2739 3148 vero

800 3163 1037 3229 initum
1072 3165 1229 3231 olim
1273 3185 1422 3231 cum
1468 3166 1846 3234 Abrahamo
1890 3177 1956 3234 et
1999 3168 2214 3234 sobole
2256 3169 2463 3252 ipsius
2512 3169 2740 3235 foedus

798 3249 895 3316 ita
936 3250 1202 3332 speciali
1245 3252 1528 3335 quodam
1570 3251 1794 3319 favore
1837 3255 2129 3321 servavit
2169 3263 2244 3320 ιιι
2288 3254 2470 3321 velut
2512 3276 2595 3320 ex
2634 3256 2740 3320 in-

803 3335 959 3402 feris
1014 3336 1189 3418 ipsos
1247 3338 1566 3418 eduxerit,
1632 3360 1819 3405 suam
1875 3342 2192 3408 virtutem
2249 3349 2314 3405 et
2380 3341 2740 3424 potentiam

806 3440 886 3487 ea
926 3423 1179 3488 ratione
1220 3421 1640 3489 illustriorem
1698 3427 1959 3494 faciens.
2062 3427 2315 3492 Verum
2374 3436 2450 3491 ut
2497 3427 2739 3510 collap-

807 3528 954 3572 sum
989 3519 1231 3574 statum
1258 3509 1443 3575 Deus
1474 3521 1895 3593 restauraret,
1941 3533 2205 3580 necesse
2236 3514 2366 3578 fuit
2394 3523 2465 3578 ut
2493 3513 2739 3580 intelli·

802 3602 989 3741 Eeret
1032 3594 1308 3677 populus
1350 3615 1689 3679 quousque
1733 3596 2035 3683 delapsus
2080 3609 2250 3665 esset
2289 3598 2612 3677 miseriae,
2669 3608 2742 3665 ut

871 3698 947 3742 eo
991 3678 1342 3746 ulciscente
1384 3682 1633 3765 flagitia
1676 3684 1896 3765 ipsius,
1958 3693 2180 3750 tamen
2239 3686 2446 3769 ipsius
2487 3685 2560 3750 in
2602 3706 2740 3752 ser·

804 3762 1039 3829 vandis
1085 3767 1418 3848 promissis
1454 3768 1646 3833 fidem
1690 3771 2131 3852 experiretur:
2176 3771 2348 3853 quod
2384 3791 2540 3838 suos
2574 3772 2741 3836 elec·

806 3857 911 3914 tos
967 3871 1301 3932 nunquam
1356 3852 1636 3919 reiiciat:
1701 3864 1771 3921 et
1839 3867 2132 3939 posteros
2186 3855 2548 3923 Abrahami
2610 3877 2742 3922 non

806 3934 1037 4018 puniat
1080 3944 1392 4020 tanquam
1437 3939 1599 4003 nihil
1645 3941 1926 4026 amplius
1968 3962 2117 4007 cum
2160 3943 2321 4025 ipsis
2370 3943 2741 4009 commercii

815 4018 1194 4120 habiturus:
1253 4024 1373 4088 etsi
1422 4027 1686 4090 meritos
1748 4027 1870 4093 boc
1942 4027 2223 4111 quidem,
2298 4028 2413 4093 sed
2479 4028 2742 4094 illorum

803 4106 1125 4171 malitiam
1167 4129 1250 4172 ex
1296 4109 1741 4178 misericordia
1781 4134 1902 4179 sua
1935 4114 2185 4180 toleret.
2257 4115 2554 4199 Denique
2591 4115 2746 4180 hinc

808 4192 1033 4257 videre
1093 4192 1244 4258 licet
1302 4194 1538 4274 Deum,
1612 4197 1766 4263 licet
1807 4199 2099 4282 graviter
2138 4202 2385 4265 iratum
2430 4200 2746 4267 adversus

807 4278 1139 4378 populum,
1182 4300 1376 4361 quem
1424 4282 1627 4347 veluti
1669 4284 2009 4363 abiecerat,
2054 4297 2270 4351 tamen
2307 4286 2523 4352 adhuc
2559 4286 2751 4353 colle·

807 4385 982 4448 gisse
1042 4373 1111 4428 et
1168 4367 1470 4431 erexisse.
1558 4369 1667 4432 Ex
1722 4390 1851 4453 quo
1909 4370 2255 4448 discamus,
2314 4383 2380 4436 et
2432 4382 2746 4456 tanquam

807 4450 881 4515 in
926 4449 1185 4533 speculo
1229 4450 1604 4518 intueamur
1648 4455 1770 4520 Dei
1817 4457 2073 4536 indicia,
2118 4467 2277 4540 puta
2319 4479 2447 4522 non
2492 4480 2751 4542 semper

811 4535 1117 4604 ecclesiae
1176 4557 1331 4602 suae
1387 4539 1480 4603 sic
1539 4553 1945 4622 praesentem
1990 4542 2208 4608 Deum
2260 4542 2503 4624 adesse,
2563 4553 2637 4608 ut
2679 4546 2746 4609 in

812 4642 891 4686 ea
929 4622 1190 4706 singula
1232 4644 1317 4688 ex
1359 4624 1570 4706 ipsius
1616 4627 1950 4693 voluntate
1994 4644 2063 4693 et
2097 4630 2491 4712 praescripto
2528 4629 2746 4714 legum

811 4708 993 4791 fiant,
1059 4709 1172 4774 sed
1237 4730 1431 4793 saepe
1495 4719 1721 4776 contra
1785 4735 1867 4778 ex
1934 4715 2149 4796 specie
2214 4726 2483 4779 externa
2545 4715 2752 4782 videri

815 4794 1030 4858 Deum
1068 4794 1294 4877 procul
1339 4798 1697 4874 recessisse,
1756 4799 1888 4863 imo
1948 4802 2208 4881 penitus
2255 4800 2593 4866 ecclesiam
2636 4804 2751 4868 ab·

812 4879 1059 4945 iecisse.
1176 4881 1470 4963 Dignum
1550 4903 1707 4949 sane
1772 4886 2059 4950 maxima
2124 4886 2486 4952 attentione
2554 4909 2750 4971 argu·

814 4975 1129 5063 mentum.
1192 4966 1363 5032 Nam
1407 4968 1770 5049 pontificios
1813 4970 2115 5038 audimus
2172 4973 2489 5038 iactantes
2548 4974 2751 5039 eccle-

814 5070 981 5115 siam
1024 5070 1067 5114 a
1108 5053 1247 5117 Deo
1293 5074 1625 5137 nunquam
1670 5055 1898 5136 deseri,
1944 5079 2070 5140 quo
2106 5078 2290 5123 suam
2328 5058 2751 5125 ambitionem

815 5143 882 5199 et
938 5134 1380 5205 confusionem
1437 5141 1507 5204 in
1552 5141 1888 5208 ecclesiam
1931 5143 2257 5210 invectam
2303 5167 2342 5209 a
2385 5165 2456 5209 se
2502 5155 2750 5230 tegant,

810 5221 1157 5305 fucumque
1200 5223 1384 5291 nobis
1428 5226 1686 5308 faciant,
1745 5249 1947 5311 quum
2004 5230 2222 5295 violati
2284 5228 2491 5296 divini
2535 5232 2751 5299 cultus

2842 849 3139 916 inferunt
3190 871 3324 914 non
3387 851 3819 916 recedendum
3878 870 3918 915 a
3976 870 4095 916 sua
4151 850 4439 927 ecclesia,
4502 850 4641 917 licet
4683 853 4740 917 in

2845 955 2922 1001 ea
2980 958 3092 1002 sus
3153 935 3361 1019 deque
3406 937 3626 1000 omnia
3669 934 4137 1019 pollutionibus
4180 945 4246 1001 et
4290 936 4741 1002 abominationi·

2844 1024 2966 1088 bus
3011 1024 3359 1100 ferrentur,
3414 1022 3527 1087 sed
3583 1022 4001 1100 manendum,
4056 1021 4231 1105 quod
4292 1022 4557 1089 ecclesia
4599 1043 4742 1087 nun-

2846 1128 3040 1191 quam
3088 1129 3128 1172 a
3173 1108 3314 1172 Deo
3373 1105 3728 1187 deseratur,
3786 1128 3860 1173 ac
3907 1108 4179 1191 proinde
4237 1128 4358 1173 nec
4414 1108 4606 1191 possit
4642 1129 4742 1172 un-

2847 1215 3038 1277 quam
3076 1215 3316 1258 errare.
3360 1194 3611 1259 Verum
3649 1195 4003 1270 enimvero,
4048 1205 4122 1257 ut
4156 1215 4354 1277 supra
4397 1193 4745 1273 audivimus,

2846 1301 3032 1345 sacra
3090 1281 3414 1363 scriptura
3472 1281 3631 1345 satis
3694 1289 3921 1362 aperte
3977 1278 4179 1357 docet,
4237 1281 4364 1346 nisi
4423 1279 4587 1345 ultro
4635 1279 4746 1345 falli

2848 1367 3168 1443 volumus,
3216 1367 3427 1430 Deum
3490 1367 3612 1431 etsi
3666 1387 3851 1430 suam
3907 1365 4243 1430 ecclesiam
4296 1386 4620 1448 nunquam
4658 1365 4749 1431 de-

2846 1453 3022 1531 serit,
3067 1465 3284 1515 tamen
3331 1463 3593 1535 propter
3636 1452 3702 1515 in
3757 1460 3970 1515 ratum
4018 1451 4309 1516 animum
4368 1451 4602 1535 populi,
4658 1450 4749 1533 qui

2847 1536 2928 1602 ad
2976 1535 3309 1620 quodlibet
3353 1537 3674 1621 flagitium
3781 1538 4018 1601 abenas
4075 1536 4433 1616 laxaverat,
4494 1549 4750 1602 coactum

2848 1621 3145 1687 ordinem
3203 1623 3540 1706 politicum
3601 1623 3844 1699 tollere,
3901 1635 3978 1687 ut
4034 1624 4294 1689 invecta
4351 1623 4633 1688 confusio
4671 1644 4752 1687 re-

2848 1730 3126 1791 rumque
3194 1711 3484 1773 omnium
3553 1709 3955 1792 perturbatio
4036 1723 4301 1792 cogeret
4364 1709 4578 1793 ipsum
4631 1730 4753 1774 cum

2849 1796 3094 1878 pudore
3152 1793 3233 1859 ad
3285 1795 3495 1860 Deum
3558 1796 3928 1877 confugere,
3988 1805 4052 1859 et
4102 1795 4440 1858 meliorem
4501 1805 4754 1859 mentem

2846 1879 3137 1946 induere.
3228 1878 3452 1961 Quare
3510 1901 3711 1963 quum
3761 1881 3944 1945 Deus
4002 1879 4083 1944 ad
4143 1881 4485 1945 hominum
4530 1889 4755 1963 peccata

2848 1965 3176 2049 punienda
3227 1967 3678 2050 progreditur,
3744 1967 3940 2030 etiam
3997 1966 4066 2031 in
4123 1987 4382 2032 summa
4439 1966 4754 2034 clementis

2845 2063 2910 2119 et
2963 2052 3484 2132 mansuetudine,
3555 2073 3637 2118 ne
3701 2060 4008 2136 putemus
4072 2052 4168 2118 sic
4230 2052 4419 2118 illum
4487 2053 4752 2136 personis

2846 2138 3204 2220 alligatum,
3260 2146 3334 2203 ut
3383 2138 3654 2203 ecclesia
3708 2159 4043 2220 nunquam
4104 2136 4377 2204 deficere
4437 2140 4653 2222 possit,
4699 2137 4754 2202 id

2846 2236 2967 2305 est,
3033 2234 3111 2288 ut
3166 2224 3279 2306 qui
3339 2224 3649 2291 ecclesiae
3706 2235 4034 2307 praesunt,
4094 2232 4161 2288 et
4219 2225 4302 2289 ad
4360 2225 4506 2290 eius
4548 2225 4754 2309 guber·

2845 2310 3082 2376 nacula
3120 2309 3367 2386 sedent,
3411 2329 3748 2392 nunquam
3786 2331 3828 2374 a
3862 2310 4139 2375 veritate
4173 2311 4430 2393 possint
4463 2311 4752 2376 aberrare.

2847 2396 3019 2462 Nam
3063 2395 3370 2471 bonitate,
3416 2395 3752 2475 modestia,
3796 2396 3984 2460 bonis
4017 2397 4306 2462 moribus
4351 2398 4606 2479 praeire
4642 2396 4756 2461 suis

2847 2483 3081 2548 ovibus
3134 2482 3280 2547 illos
3337 2481 3538 2563 decet,
3591 2493 3659 2547 et
3711 2480 4047 2564 exemplar
4103 2502 4244 2548 esse
4288 2483 4372 2547 ad
4420 2483 4588 2567 quod
4629 2481 4756 2548 reli-

2845 2569 2955 2651 qui
2999 2589 3141 2633 sese
3198 2577 3620 2651 componant:
3680 2588 3914 2633 verum
3965 2588 4112 2632 raro
4167 2568 4344 2633 istud
4400 2567 4649 2646 accidit,
4697 2573 4757 2631 nt

2846 2653 3076 2719 merito
3149 2653 3206 2718 si
3281 2655 3391 2736 qui
3458 2661 3616 2720 sunt
3686 2651 4003 2718 eiusmodi
4058 2655 4313 2737 possint
4370 2673 4521 2720 cum
4581 2672 4757 2738 grano

2846 2739 3161 2805 frumenti
3235 2738 3406 2822 quod
3464 2739 3799 2823 palearum
3863 2739 4032 2805 mole
4091 2739 4337 2824 tegitur
4391 2738 4755 2825 comparari.

2843 2826 3104 2892 Interea
3145 2826 3345 2904 Deus,
3388 2827 3485 2891 uti
3530 2823 3689 2909 dixi,
3742 2824 4044 2908 promissi
4090 2834 4288 2891 tenax
4331 2836 4454 2907 est,
4507 2827 4625 2892 etsi
4663 2845 4758 2889 ex·

2845 2919 3033 2978 terna
3093 2913 3289 2977 facies
3348 2911 3514 2976 nihil
3573 2911 3706 2976 tale
3749 2910 4278 2995 conspiciendum
4323 2913 4534 2978 oculis
4587 2909 4758 2977 subii·

2842 3001 2989 3063 ciat.
3079 2995 3340 3078 Quibus
3382 3008 3449 3062 et
3491 2996 3663 3063 istud
3710 2995 4165 3074 adiiciendum,
4210 2998 4585 3081 pontificios
4626 2997 4759 3061 baec

2844 3104 2972 3148 non
3043 3082 3359 3160 obiicere,
3434 3084 3564 3147 nisi
3622 3103 3825 3166 quum
3886 3082 4437 3149 animadvertunt
4493 3086 4692 3150 Deum
4726 3101 4759 3147 s

2843 3169 3031 3235 nobis
3052 3168 3528 3252 quodammodo
3562 3168 3924 3246 recessisse,
3971 3188 4219 3251 nosque
4255 3170 4464 3237 veluti
4499 3168 4758 3252 corporis

2844 3255 3041 3322 laceri
3096 3254 3388 3320 membra
3443 3256 3507 3319 in
3574 3254 3743 3320 banc
3799 3254 3902 3320 vel
3979 3254 4160 3320 illam
4218 3264 4476 3338 partem
4545 3252 4757 3321 divelli.

2845 3339 3169 3422 Querelae
3222 3341 3463 3406 veteris
3521 3340 3832 3407 ecclesiae
3879 3341 4080 3405 variis
4123 3341 4404 3408 afflictae
4451 3340 4759 3409 calamita·

2842 3426 3016 3493 tibus
3059 3426 3218 3494 satis
3261 3438 3479 3492 notae:
3527 3426 3739 3507 Eheu,
3787 3425 4071 3493 Domine
4116 3426 4378 3493 diruisti
4423 3448 4640 3512 sepem
4677 3426 4758 3492 vi-

2845 3534 3011 3579 neae
3068 3523 3237 3590 tuae,
3303 3524 3372 3578 et
3437 3512 3813 3596 discerpunt
3866 3532 4013 3577 eam
4078 3532 4306 3579 omnes
4369 3520 4761 3582 transeuntes

2845 3621 2963 3683 per
3022 3599 3214 3664 viam.
3315 3600 3602 3664 Vastant
3660 3619 3805 3663 eam
3866 3599 4007 3681 apri
4067 3619 4147 3664 ex
4201 3599 4433 3684 sylvis,
4502 3610 4568 3665 et
4617 3600 4763 3665 fene

2845 3686 2990 3769 agri
3057 3683 3413 3768 depascunt
3479 3705 3643 3750 eam.
3735 3683 4000 3766 Quanto
4063 3706 4213 3751 cum
4280 3686 4489 3751 animi
4550 3684 4764 3763 dolore,

2845 3789 3107 3855 quaeso,
3163 3770 3388 3837 fideles
3440 3770 3510 3836 in
3572 3772 3693 3835 bas
3749 3770 4045 3853 querelas
4101 3771 4292 3836 effusi
4348 3782 4529 3850 sunt,
4592 3789 4762 3854 quum

2846 3877 2990 3922 sese
3057 3856 3243 3922 velut
3311 3855 3591 3922 abiectos
3648 3876 3688 3921 a
3742 3858 3887 3921 Deo
3954 3857 4461 3939 promissionum
4527 3873 4766 3924 suarum

2846 3943 3244 4019 immemore‚
3304 3962 3379 4008 ac
3437 3941 3709 4026 proinde
3766 3964 3881 4027 spe
3937 3962 4058 4007 sua
4112 3944 4320 4009 veluti
4377 3944 4637 4010 delusos
4669 3961 4764 4007 ex-

2846 4028 3082 4097 cidisse
3125 4027 3621 4112 conspicerent?
3710 4029 3964 4093 Verum
4024 4049 4226 4112 quum
4288 4029 4394 4096 bic
4454 4030 4763 4098 videamus

2846 4115 3160 4199 populum
3217 4125 3491 4179 externa
3549 4113 3811 4197 quidem
3867 4115 4079 4197 specie
4138 4116 4338 4182 fuisse
4395 4137 4439 4181 a
4489 4118 4630 4182 Deo
4679 4134 4764 4179 re·

2848 4203 3113 4277 iectum,
3159 4210 3540 4282 tantamque
3586 4200 4069 4279 alienationem,
4134 4211 4209 4266 ut
4258 4201 4429 4267 nihil
4477 4202 4606 4267 nisi
4647 4200 4763 4266 exi·

2853 4288 3020 4352 tium
3079 4286 3387 4352 ecclesiae
3447 4286 3684 4351 minari
3728 4294 3966 4353 cuncta
4010 4284 4408 4366 viderentur,
4460 4286 4765 4353 nihilomi-

2851 4393 2976 4438 nus
2993 4383 3212 4437 tamen
3252 4381 3558 4452 erectum,
3601 4372 3745 4437 Deo
3783 4394 3852 4438 se
3889 4371 4214 4439 vindicem
4249 4394 4325 4440 ac
4359 4381 4765 4456 protectorem

2852 4458 3366 4523 demonstrante·
3396 4477 3623 4523 eorum
3683 4478 3844 4542 quos
3901 4467 4055 4523 ante
4111 4458 4371 4525 saecula
4437 4459 4657 4525 omnia
4709 4458 4766 4521 in

2852 4544 3179 4629 peculium
3224 4544 3544 4628 elegerat,
3609 4546 3720 4628 qui
3763 4544 3918 4609 licet
3957 4544 4435 4629 corruptissimi
4483 4543 4765 4619 moribus,

2854 4633 2924 4694 in
2962 4631 3098 4696 eius
3142 4628 3656 4697 misericordiam
3717 4640 4163 4713 speraverant,
4221 4652 4343 4697 nos
4395 4634 4597 4698 etiam
4631 4649 4770 4696 eun·

2854 4715 3002 4781 dem
3048 4717 3334 4782 favorem
3384 4717 3653 4782 Domini
3699 4736 3855 4800 erga
3920 4736 4103 4781 suam
4169 4717 4514 4785 ecclesiam
4559 4713 4767 4782 nostris

2851 4803 2997 4867 istis
3078 4803 3477 4884 temporibus
3554 4821 4003 4887 agnoscamus.
4110 4803 4282 4868 Nam
4360 4825 4570 4888 quum
4628 4800 4766 4866 adeo

2854 4888 3094 4955 densae
3141 4889 3447 4954 tenebrae
3493 4890 3560 4953 in
3605 4909 3682 4954 ea
3725 4896 3942 4954 essent
3984 4888 4269 4970 obortae,
4325 4898 4402 4954 ut
4459 4911 4590 4955 non
4645 4897 4767 4951 tsn-

2854 4983 2992 5040 tum
3075 4972 3499 5053 idolomania,
3578 4973 3693 5041 sed
3760 4975 3962 5041 variis
4027 4973 4315 5041 Satanae
4380 4972 4768 5041 illusionibus

2855 5059 3362 5140 dementaretur,
3426 5062 3657 5126 merito
3715 5062 3808 5126 sic
3867 5061 4208 5126 hominum
4253 5059 4767 5146 ingratitudinem

2857 5147 2997 5211 Deo
3050 5147 3385 5230 puniente,
3447 5156 3521 5211 ut
3580 5146 3761 5211 nulla
3805 5146 4036 5214 salutis
4080 5168 4229 5230 spes
4273 5147 4558 5230 amplius
4601 5140 4768 5211 afful-

2855 5240 3056 5317 geret,
3115 5243 3337 5298 tamen
3382 5235 3523 5316 ipse
3568 5232 3751 5299 Deus
3798 5243 4207 5317 peccatorum
4253 5242 4622 5300 nostrorum
4663 5232 4768 5295 im·
