5059 6059
841 349 968 417 247

839 540 1127 607 vinculis
1213 552 1279 604 et
1363 536 1691 621 repagulis
1777 536 1923 600 illos
2009 549 2296 613 coercet,
2400 557 2482 601 ne
2561 537 2788 619 pedem

850 636 1182 692 moveant:
1242 644 1325 688 ne
1383 623 1747 705 glorientur
1805 644 1875 687 se
1921 622 2139 688 hostes
2184 621 2428 705 praelio
2474 622 2679 688 victos
2723 622 2790 686 in

850 714 1073 795 fugam
1120 710 1417 785 vertisse,
1468 720 1533 773 et
1576 708 1859 773 Davidis
1904 711 2144 773 factum
2208 709 2482 786 elevent,
2542 708 2794 790 sibique

846 796 993 862 Deo
1053 795 1473 861 detrahentes
1534 795 1876 859 victoriam
1940 793 2288 860 ascribant.
2360 794 2590 875 Neque
2635 814 2792 858 vero

850 883 1130 949 Davidis
1190 884 1501 945 virtutem
1564 879 1895 944 decantari
1943 878 2127 944 Deus
2171 880 2397 956 voluit,
2443 880 2556 945 sed
2602 900 2793 944 suum

848 989 1015 1051 opus
1059 968 1327 1052 agnosci
1372 989 1487 1049 per
1532 966 1709 1031 illius
1755 966 2212 1043 ministerium,
2257 986 2448 1048 quem
2495 987 2566 1030 se
2618 967 2796 1030 Deus

849 1055 1127 1138 elegisse
1173 1052 1643 1118 demonstravit
1690 1074 1814 1115 non
1855 1051 1934 1115 ad
1975 1054 2173 1116 unius
2213 1061 2466 1117 tantum
2507 1050 2794 1136 gigantis

847 1141 1135 1216 eaedem,
1194 1137 1304 1203 sed
1370 1137 1449 1201 ad
1507 1138 1794 1221 ingentis
1853 1138 2028 1201 illius
2079 1137 2439 1202 excercitus
2484 1148 2791 1221 stragem,

848 1226 963 1309 qui
1010 1224 1323 1309 populum
1371 1223 1808 1289 Israeliticum
1865 1223 2048 1288 velut
2095 1223 2384 1289 oviculas
2427 1223 2793 1288 laniaturus

850 1310 1215 1376 videbatur.
1305 1309 1435 1373 Hic
1493 1309 2150 1373 animadvertendum
2208 1309 2415 1393 igitur
2471 1308 2792 1391 quomodo

853 1397 1040 1462 Deus
1061 1417 1172 1461 eos
1209 1394 1469 1460 deiiciat
1495 1395 1605 1477 qui
1651 1395 1973 1459 leoninam
2023 1416 2175 1477 prae
2218 1417 2290 1460 se
2313 1395 2556 1458 ‘ferunt
2597 1392 2794 1458 auda-

852 1484 1054 1548 ciam:
1102 1495 1168 1545 et
1208 1482 1304 1544 ita
1348 1493 1587 1545 terreat
1632 1492 1706 1543 ut
1751 1480 1928 1544 nullo
1972 1481 2352 1563 insequente
2388 1491 2567 1544 metu
2605 1477 2795 1544 diffu-

850 1567 1071 1652 giant:
1139 1568 1323 1632 cuius
1391 1566 1649 1649 pavoris
1714 1585 1753 1628 a
1797 1566 1939 1630 Deo
2004 1565 2402 1630 immittendi
2468 1585 2661 1647 saepe
2720 1566 2791 1629 in

850 1654 1054 1720 sacris
1099 1654 1237 1718 fieri
1286 1653 1680 1717 mentionem
1728 1651 2050 1715 videmus.
2137 1652 2315 1733 Quin
2364 1654 2560 1715 etiam
2610 1651 2789 1716 illam

852 1740 1260 1805 meretricem
1312 1737 1650 1801 Rahabam
1724 1737 2019 1802 videmus
2076 1737 2254 1802 illius
2312 1752 2526 1801 metus
2585 1738 2793 1802 facere

851 1827 1272 1901 mentionem,
1318 1823 1763 1905 exploratores
1787 1844 1827 1886 a
1849 1822 2042 1887 Iosue
2077 1823 2308 1888 missos
2335 1823 2792 1905 alloquentem,

853 1931 1022 1995 quae
1078 1922 1298 1974 tamen
1358 1930 1562 1991 neque
1623 1909 1784 1991 legis
1829 1908 2093 1972 divinae
2143 1929 2349 1990 neque
2393 1929 2596 1991 purae
2643 1908 2792 1973 reli·

851 1997 1065 2079 gionis
1109 1994 1311 2060 ullam
1363 1994 1638 2058 habebat
1676 1992 2011 2057 notitiam:
2055 2003 2120 2058 et
2141 2008 2476 2076 praeterea
2498 1995 2792 2060 confiteri

853 2082 1072 2147 Deum
1119 2081 1563 2147 Israelitarum
1623 2081 1748 2143 iam
1819 2079 2133 2163 populum
2200 2100 2395 2145 suum
2454 2079 2519 2144 in
2583 2089 2796 2144 terrae

852 2165 1290 2234 Chananacae
1348 2167 1821 2248 possessionem
1883 2164 2169 2242 misisse,
2239 2165 2388 2231 licet
2447 2178 2666 2229 tamen
2725 2166 2797 2230 in

856 2274 1000 2319 eam
1067 2254 1357 2317 nondum
1424 2263 1598 2316 esset
1663 2251 2102 2329 introductus;
2169 2251 2366 2334 Deice,
2432 2251 2665 2334 inquit,
2727 2252 2799 2316 in

857 2358 1075 2404 omnes
1115 2337 1305 2402 huius
1345 2338 1622 2419 reqionis
1667 2336 1898 2401 incolas
1941 2341 2229 2402 terrorem
2269 2356 2457 2402 suum
2514 2337 2797 2401 immisit.

857 2423 1086 2505 Quum
1108 2425 1309 2507 igitur
1332 2421 1536 2487 divini
1563 2423 1827 2486 terroris
1848 2423 2171 2504 scriptura
2194 2421 2535 2496 memimit,
2582 2433 2798 2487 osten·

859 2508 958 2574 dit
1001 2510 1280 2573 audaces
1334 2519 1530 2573 antea
1585 2507 1766 2572 viros
1810 2516 1877 2571 et
1917 2509 2219 2573 robustos
2262 2526 2338 2573 ac
2395 2517 2716 2587 strenuos,
2759 2528 2799 2572 a

856 2594 1003 2659 Deo
1046 2615 1247 2676 quum
1291 2592 1418 2675 ipsi
1459 2593 1781 2677 placuerit
1822 2592 2062 2678 exiguo
2095 2603 2425 2659 momento
2460 2594 2692 2659 terreri
2733 2605 2799 2658 et

857 2681 1183 2745 enervari.
1283 2678 1472 2743 Idem
1538 2679 1644 2746 hic
1708 2679 2042 2745 Philistais
2105 2679 2416 2745 accidisse
2483 2677 2798 2745 videmus.

860 2765 1188 2848 Equidem
1247 2765 1457 2829 fateor
1514 2765 1585 2828 in
1644 2764 1935 2847 profanis
1996 2765 2286 2831 historiis
2355 2764 2484 2847 legi
2523 2785 2800 2849 magnos

859 2851 1190 2916 exercitus
1246 2850 1594 2915 levissimis
1675 2848 1754 2911 de
1811 2849 2026 2916 causis
2082 2850 2481 2933 perterritos,
2547 2861 2622 2916 ut
2676 2850 2799 2916 sibi

1099 2936 1579 3002 consuluerint:
1663 2932 1778 3000 sed
1867 2936 1972 3002 hic
2036 2936 2420 3018 perculiaris
2482 2936 2799 3019 quaedam

861 3022 1034 3088 ratio
1080 3032 1197 3087 est.
1267 3020 1461 3103 Quod
1505 3041 1742 3103 nempe
1785 3020 1970 3086 Deus
2013 3020 2260 3086 Davidi
2307 3032 2557 3087 tantam
2602 3022 2803 3088 auda-

859 3107 1032 3174 ciam
1078 3106 1347 3185 dederit,
1406 3117 1482 3170 ut
1540 3105 1825 3171 hostium
1870 3118 2085 3173 castra
2127 3108 2397 3190 propius
2440 3108 2801 3184 accesserit,

861 3204 929 3259 et
964 3194 1033 3258 in
1060 3191 1444 3259 Goliathum
1479 3191 1771 3270 irruerit,
1812 3192 2151 3274 eidemque
2194 3203 2391 3275 caput
2425 3193 2801 3276 amputarit.

862 3279 954 3344 Et
998 3278 1262 3361 quidem
1312 3286 1652 3359 praesente
1696 3278 1983 3363 gigantis
2019 3279 2361 3361 armigero,
2408 3279 2522 3362 qui
2547 3287 2808 3362 poterat

861 3363 1128 3447 quidem
1172 3364 1245 3428 in
1290 3362 1617 3429 Davidem
1666 3363 1983 3445 impetum
2029 3363 2279 3429 facere:
2322 3363 2437 3429 sed
2481 3372 2806 3447 perterre·

867 3451 1076 3515 factus
1121 3449 1401 3533 diffugit.
1467 3447 1707 3513 Merito
1752 3449 1957 3532 igitur
1993 3447 2211 3514 David
2258 3448 2411 3514 alibi
2455 3449 2806 3532 praedicat,

863 3555 938 3600 se
981 3533 1126 3599 Deo
1172 3533 1529 3600 adiuvante
1570 3555 1791 3600 muros
1837 3533 2200 3600 transsilire
2229 3545 2298 3599 et
2319 3535 2385 3600 in
2432 3549 2649 3601 aerem
2694 3556 2808 3601 vo·

864 3619 1024 3697 lare,
1084 3618 1267 3685 velut
1327 3620 1407 3685 ab
1451 3620 1592 3702 ipso
1634 3640 1783 3686 acce
1832 3621 1918 3685 tis
1962 3641 2305 3703 caprarum
2352 3633 2419 3685 et
2463 3640 2805 3687 cervorum

912 3705 1164 3770 edibus.
1223 3704 1356 3771 Sed
1393 3704 1550 3788 quid
1584 3706 1756 3790 impe
1805 3706 1977 3772 iebat
1998 3706 2445 3772 Philisthaeos
2481 3715 2808 3790 prostrato

894 3793 1027 3857 icet
1071 3811 1225 3856 cum
1269 3799 1450 3856 tanto
1495 3790 1805 3858 dedecore
1846 3813 1966 3857 suo
2012 3795 2296 3877 gigante,
2346 3793 2698 3876 quominus
2738 3793 2808 3857 in

867 3875 1198 3941 Davidem
1256 3876 1574 3960 impetum
1632 3876 1963 3944 facerent?
2049 3878 2193 3943 Nae
2250 3900 2382 3943 non
2435 3887 2694 3942 tantum
2741 3880 2809 3942 in

872 3961 1226 4040 Davidem,
1268 3964 1381 4028 sed
1427 3962 1496 4026 in
1541 3962 1754 4045 ipsum
1779 3962 2232 4028 Israelitarum
2258 3964 2616 4030 exercitum
2643 3964 2809 4029 irru-

867 4068 982 4114 ere
1033 4057 1337 4130 poterant
1381 4048 1899 4131 quandoquidem
1945 4048 2278 4132 ingentem
2326 4048 2653 4116 habebant
2696 4053 2815 4115 mi-

862 4132 1056 4199 litum
1085 4154 1316 4197 numer
1328 4154 1461 4198 um.
1525 4134 1777 4199 Verum
1803 4145 1987 4218 terga
2009 4133 2348 4212 dederunt,
2372 4148 2441 4200 et
2462 4143 2809 4218 antequam

863 4219 1104 4286 ictibus
1162 4218 1314 4284 ullis
1373 4229 1765 4302 urgerentur
1823 4220 2148 4302 profligati
2190 4230 2366 4287 sunt.
2453 4218 2604 4301 Quo
2646 4222 2813 4286 facto

868 4303 1215 4370 evidenter
1278 4305 1582 4387 apparuit
1647 4303 1910 4369 divinae
1973 4327 2214 4370 manus
2273 4306 2379 4372 vis
2435 4318 2512 4371 ut
2566 4305 2811 4372 nullam

869 4389 1212 4457 Israelitae
1291 4390 1690 4456 occasionem
1755 4389 2112 4455 habuerint
2180 4392 2488 4457 victoriae
2556 4390 2815 4457 laudem

868 4475 995 4542 sibi
1040 4475 1391 4542 tribuendi.
1479 4475 1673 4556 Quod
1721 4497 1875 4540 vero
1919 4474 2158 4542 dicitur
2200 4478 2418 4543 David
2465 4479 2813 4561 evaginato

867 4561 1090 4645 gladio
1116 4561 1459 4626 Philistaei
1502 4574 1701 4644 caput
1743 4562 1843 4625 illi
1885 4562 2348 4645 amputavisse,
2391 4584 2467 4627 eo
2508 4562 2815 4629 docemur

867 4646 1158 4713 hostium
1205 4668 1389 4712 arma
1430 4657 1496 4711 et
1539 4648 1861 4730 praesidia
1920 4649 2155 4730 quibus
2210 4649 2566 4731 plurimum
2612 4652 2810 4715 eonfi-

871 4734 1060 4808 dunt,
1106 4733 1174 4796 in
1220 4734 1665 4798 confusionem
1711 4746 1775 4797 et
1819 4733 2090 4798 exitium
2137 4735 2296 4817 ipsis
2341 4734 2811 4800 convertenda:

869 4829 941 4885 et
986 4818 1265 4901 propriis
1309 4819 1510 4883 armis
1553 4819 2008 4896 conficiendos,
2054 4828 2120 4883 et
2163 4821 2424 4902 proprio
2461 4819 2678 4904 gladio
2713 4822 2814 4885 iu·

868 4904 1215 4987 gulandos.
1323 4903 1524 4970 Utilis
1603 4926 1761 4970 sane
1834 4903 2047 4970 modis
2113 4905 2418 4970 omnibus
2483 4902 2812 4973 doctrina:

870 5010 1022 5054 nam
1053 4991 1188 5054 fere
1216 4989 1402 5054 nobis
1437 4990 1906 5073 persuademus
1940 4990 2165 5055 hostes
2203 4992 2403 5056 armis
2436 4990 2814 5075 instructos,

870 5075 1108 5157 quibus
1175 5075 1592 5140 vehementer
1651 5086 1942 5153 noceant,
2008 5077 2212 5141 immo
2278 5097 2395 5142 nos
2460 5078 2816 5162 profligent

870 5163 1165 5242 superari
1211 5183 1251 5225 a
1294 5162 1474 5228 nobis
1520 5183 1652 5226 non
1697 5183 1886 5245 posse
1930 5161 2054 5226 nisi
2089 5161 2319 5226 iisdem
2358 5163 2558 5228 armis
2596 5167 2812 5231 muni·

865 5262 1081 5326 amur,
1124 5258 1191 5311 et
1233 5248 1405 5314 vires
1450 5246 1701 5314 viribus
1743 5268 2163 5331 opponemus.
2230 5247 2400 5313 Nam
2427 5246 2556 5312 Dei
2599 5252 2812 5318 virtu·

2492 345 2904 414 HOMILIA
2949 345 3170 413 LXV.

4652 342 4744 408 248

2896 548 3028 604 tem
3086 559 3344 623 semper
3399 537 3743 622 alligamus
3798 537 3880 602 iis
3936 557 4101 619 quae
4144 536 4432 602 exterius
4473 543 4751 617 apparent:

2894 625 3314 707 quamobrem
3380 644 3458 690 eo
3522 624 3836 689 attentius
3898 622 4062 688 haec
4120 621 4413 687 doctrina
4467 629 4559 683 est
4604 618 4754 681 medi-

2895 711 3111 790 tanda,
3155 729 3286 794 quo
3321 710 3735 794 procliviores
3773 730 3999 774 sumus
4034 709 4103 773 in
4139 707 4529 772 contrarium
4560 705 4753 780 vidum,

2896 816 3129 879 nempe
3183 797 3462 861 sciamus
3509 803 3766 879 oportet
3811 794 4026 859 Deum
4071 814 4226 859 suae
4270 790 4612 857 maiestatis
4646 809 4756 853 con·

2895 893 3248 965 temptores
3293 881 3396 947 vel
3441 882 3720 964 propriis
3763 882 3962 945 armis
4000 880 4479 945 confessurum:
4522 875 4759 957 solonge

2894 969 3051 1053 ipsis
3097 968 3232 1033 fore
3290 967 3647 1035 consultius
3704 967 3758 1031 si
3818 966 4014 1031 nullis
4072 965 4305 1048 gladiis
4360 982 4565 1044 neque
4614 960 4763 1024 armis

2895 1055 3342 1119 munirentur:
3384 1051 3905 1135 quandoquidem
3944 1073 4071 1135 quo
4108 1053 4347 1115 fuerint
4384 1048 4515 1113 illis
4547 1047 4763 1109 instruc·

2895 1140 3107 1221 tiores,
3165 1159 3242 1204 eo
3285 1140 3490 1204 maior
3548 1140 3635 1202 sit
3674 1138 3964 1220 ipsorum
4009 1137 4381 1220 arrogantia
4426 1153 4631 1198 casum
4664 1150 4762 1194 ms·

2894 1227 3094 1291 iorem
3141 1225 3437 1290 allatura.
3525 1224 3608 1288 In
3669 1223 3896 1306 primis
3938 1220 4415 1289 observandum
4461 1217 4657 1282 Deum
4692 1236 4765 1279 res

2894 1332 3121 1377 omnes
3177 1321 3427 1376 creatas
3485 1308 3723 1374 habere
3778 1310 3846 1374 in
3906 1329 4119 1384 manu,
4183 1317 4249 1373 et
4306 1305 4440 1370 illis
4483 1304 4561 1369 ad
4598 1322 4767 1385 quem-

2893 1418 3170 1480 cumque
3217 1417 3405 1461 usum
3454 1395 3610 1461 velit
3653 1395 3781 1460 uti:
3850 1404 4043 1477 atque
4088 1396 4180 1459 ita
4222 1393 4637 1460 confirmatur
4670 1407 4769 1450 ma·

2892 1483 2992 1567 gis
3035 1506 3109 1548 ac
3146 1482 3354 1565 magis
3397 1481 3508 1546 illa
3542 1502 3734 1564 quam
3770 1480 4185 1562 exposuimus
4219 1478 4563 1548 sententia,
4604 1474 4767 1537 Deum

2894 1589 3159 1633 servare
3204 1567 3346 1633 sine
3391 1566 3614 1632 lancea
3656 1574 3725 1632 et
3766 1566 3819 1631 cl
3996 1618 4010 1631 .
4081 1566 4246 1629 Nam
4293 1563 4416 1629 etsi
4464 1563 4771 1642 frequentes

2895 1654 3144 1739 gladios
3186 1664 3254 1718 et
3297 1653 3496 1718 alium
3544 1652 3845 1718 bellicum
3892 1663 4272 1735 apparatum
4322 1649 4546 1713 hostes
4577 1645 4771 1710 affatim

2896 1741 3197 1820 habeant,
3261 1738 3448 1804 Deus
3511 1749 3733 1803 tamen
3787 1737 3934 1802 illos
3991 1738 4184 1801 etiam
4247 1736 4392 1801 sine
4442 1735 4573 1798 ictu
4616 1741 4777 1828 potest

2895 1826 3161 1890 caedere
3227 1834 3293 1890 et
3356 1823 3712 1889 debellare:
3794 1822 3965 1906 quod
4033 1821 4418 1888 Madianitis
4482 1819 4775 1899 contigisse

2900 1912 3211 1988 videmus,
3273 1913 3384 1994 qui
3441 1911 3685 1975 mutuis
3741 1931 3882 1974 sese
3939 1907 4316 1974 vulneribus
4382 1902 4774 2000 confoderunt:

2896 1998 3026 2063 Hic
3071 2018 3227 2062 vero
3272 1997 3464 2060 aliter
3509 1997 3693 2061 Deus
3737 2006 4044 2078 operatus
4085 2005 4201 2060 est.
4282 1994 4456 2058 Nam
4498 1988 4777 2053 Philistum

2896 2082 3073 2148 illius
3118 2083 3403 2166 gladium
3448 2080 3632 2147 Deus
3678 2078 3917 2146 Davidi
3961 2080 4031 2144 in
4087 2101 4350 2145 manum
4402 2075 4631 2160 posuit.
4692 2072 4780 2170 ,131

2897 2189 3022 2251 quo
3066 2170 3455 2252 sperandum
3502 2178 3603 2233 est
3646 2168 3857 2232 Deum
3904 2166 4188 2231 hostium
4233 2175 4608 2230 nostrorum
4656 2176 4781 2222 vire·

2898 2255 2969 2318 in
3027 2265 3285 2321 nostras
3340 2274 3574 2318 manus
3629 2251 4056 2318 traditurum:
4119 2263 4185 2317 et
4248 2270 4455 2335 quum
4522 2246 4779 2342 adversus

2901 2362 3020 2406 nos
3073 2339 3464 2406 sententiam
3523 2339 3753 2402 mortis
3797 2336 4115 2419 dederint,
4172 2348 4248 2403 ut
4294 2336 4438 2403 sola
4484 2334 4783 2428 voluntas:

2900 2428 3188 2508 ipsorum
3236 2435 3647 2507 exspectetur
3690 2424 4000 2507 impletio,
4059 2433 4124 2487 et
4168 2425 4297 2488 iam
4343 2421 4595 2487 nostris
4634 2436 4787 2482 cem·

2902 2511 3082 2577 cibus
3147 2510 3395 2595 gladios
3458 2507 3907 2593 impendentes
3971 2509 4344 2584 viderimus,
4418 2521 4578 2571 tunc
4626 2502 4790 2567 Deum

2906 2597 3088 2662 nobis
3131 2596 3528 2674 adfuturum,
3574 2606 3641 2659 et
3678 2592 3832 2677 quid
3868 2616 4032 2678 opus
4073 2595 4240 2658 facto
4283 2596 4375 2659 sit
4413 2593 4791 2677 provisurum,

2905 2703 3116 2765 neque
3173 2701 3462 2763 unquam
3521 2702 3639 2747 nos
3692 2681 3761 2744 in
3820 2680 4140 2764 angustiis
4185 2679 4625 2745 deserturum.
4698 2672 4790 2736 Vo-

2904 2789 3053 2832 rum
3101 2779 3321 2833 tamen
3366 2766 3542 2831 istud
3586 2765 3874 2831 maxime
3918 2767 3988 2829 in
4047 2763 4341 2831 hostibus
4402 2760 4791 2855 spiritualibus

2906 2855 3121 2919 locum
3167 2851 3400 2918 habet:
3445 2850 3611 2934 quod
3657 2852 3787 2917 nisi
3829 2861 4048 2916 mente
4097 2852 4385 2916 infixum
4435 2851 4706 2928 haereat,
4747 2864 4793 2907 m

2907 2942 3228 3005 maximas
3307 2937 3718 3003 difficultates
3795 2937 4179 3021 praecipites
4260 2939 4572 3003 feremur.
4669 2931 4793 2996 Nm

2908 3024 3203 3091 diabolus
3248 3023 3475 3089 multis
3518 3043 3639 3088 nos
3681 3023 3933 3087 artibus
3977 3022 4383 3106 aggreditur,
4433 3032 4505 3087 et
4540 3041 4663 3085 non
4692 3029 4793 3080 tan·

2908 3123 3048 3176 tum
3092 3131 3210 3175 nos
3251 3108 3605 3175 mendaciis
3648 3107 3961 3182 adoritur,
4008 3106 4120 3173 sed
4169 3109 4386 3192 ipsum
4414 3108 4549 3173 Dei
4581 3102 4793 3172 verbum

2910 3211 2986 3260 ut
3027 3193 3357 3263 confodiat
3400 3193 3689 3259 assumit.
3778 3192 3957 3275 Quid
4002 3215 4159 3279 ergo
4203 3193 4400 3260 nobis
4448 3191 4691 3260 miseris
4716 3188 4795 3251 fie-

2907 3290 3031 3364 ret,
3093 3281 3222 3347 nisi
3288 3279 3575 3361 gladium
3633 3279 3730 3344 illi
3908 3301 4124 3345 semus
4183 3282 4250 3344 in
4308 3302 4513 3346 usum
4558 3287 4795 3343 nostrum

2908 3368 3223 3433 adversus
3265 3368 3483 3449 ipsum
3529 3365 3779 3450 eripere
3913 3366 4006 3431 At
4040 3366 4221 3431 Deus
4278 3367 4657 3432 misericors
4691 3377 4796 3444 gr·-

2910 3453 3067 3518 tiam
3125 3452 3306 3517 illam
3366 3452 3551 3517 nobis
3594 3451 3889 3535 largitur,
3958 3462 4033 3517 ut
4097 3471 4298 3533 quum
4372 3450 4665 3518 diabolus
4714 3464 4797 3510 noe

2909 3537 3322 3623 iugulatums
3377 3538 3665 3622 gladium
3725 3536 4002 3616 attollit,
4067 3538 4290 3602 eodem
4366 3538 4486 3603 illo
4548 3549 4794 3616 tanquam

2910 3623 3131 3709 clypeo
3186 3624 3337 3689 tecti
3393 3624 3788 3705 repellamus
3843 3624 4010 3689 ictus
4076 3623 4472 3704 adversarii,
4539 3633 4604 3688 et
4659 3618 4797 3704 plane

2908 3711 3121 3794 ipsum
3172 3708 3634 3776 confodiamus.
4768 3786 4779 3798 .

3085 3794 3427 3877 Sequitur:
3495 3795 3847 3859 Ass-umens
3904 3797 4110 3857 autem
4164 3793 4395 3860 David
4455 3797 4640 3876 eaput
4684 3786 4794 3854 Plu·

2914 3882 3138 3958 listaei,
3207 3881 3413 3946 attulit
3475 3880 3637 3946 illud
3701 3879 3771 3943 in
3833 3879 4208 3944 Ierusalem:
4266 3900 4466 3945 arma
4522 3897 4659 3944 vero
4705 3875 4797 3937 eius

2903 3969 3116 4050 posuit
3172 3968 3242 4032 in
3299 3965 3690 4031 tabernaculo
3745 3983 3896 4030 suo:
3959 3964 4193 4030 deinde
4236 3964 4524 4031 Saulem
4586 3959 4794 4044 inquis·

2915 4053 3085 4120 visse
3132 4051 3211 4116 de
3255 4050 3540 4116 Davide:
3603 4051 3771 4132 Quis
3815 4049 3925 4115 ille
3967 4067 4139 4116 esset
4180 4051 4474 4136 iuvenis,
4532 4048 4694 4116 unde
4725 4063 4796 4128 ge·

2916 4161 3039 4205 nus
3099 4138 3379 4203 duceret.
3471 4135 3605 4204 Sed
3674 4156 3802 4201 non
3863 4148 4120 4201 servata
4179 4146 4276 4203 est
4336 4138 4645 4203 hocloco
4682 4143 4796 4196 tem·

2913 4224 3091 4310 poris
3131 4225 3348 4299 series,
3408 4244 3561 4288 nam
3607 4220 3775 4305 quod
3821 4222 4143 4305 posterius
4187 4235 4457 4306 gestum
4505 4233 4605 4288 est
4641 4219 4797 4304 prime

2915 4312 3053 4376 loco
3099 4310 3510 4394 exprimitur,
3555 4307 3665 4373 sed
3710 4328 3840 4371 non
3877 4308 3968 4371 ita
4003 4307 4277 4374 sollicite
4312 4309 4625 4374 observat
4649 4303 4793 4383 scrip·

2916 4406 3066 4461 tura
3111 4396 3360 4460 dierum
3405 4403 3521 4459 aut
3563 4393 3881 4458 dictorum
3927 4392 4184 4474 seriem,
4229 4396 4342 4460 sed
4384 4413 4696 4460 summam
4729 4407 4797 4485 qo·

2917 4503 3062 4547 rum
3122 4487 3404 4559 tantum,
3462 4500 3626 4562 quae
3683 4478 4051 4564 cognitione
4110 4479 4311 4564 digna
4372 4493 4535 4547 sunt
4576 4477 4794 4556 attinfflt

2916 4567 3148 4651 Neque
3192 4567 3364 4632 enim
3413 4579 3901 4632 auresanostras
3942 4565 4227 4631 iucunda
4270 4566 4562 4649 quadam
4602 4573 4664 4629 et
4708 4558 4793 4624 elo-

2917 4665 3154 4736 quente
3198 4673 3416 4716 rerum
3463 4661 3792 4735 gestarum
3841 4652 4214 4716 narratione
4261 4653 4416 4718 vult
4462 4647 4791 4716 demulcere:

2916 4738 3028 4806 sed
3075 4759 3293 4804 rerum
3331 4736 3411 4802 ad
3449 4738 3720 4802 salutem
3747 4747 4035 4801 nostram
4061 4741 4583 4804 necessariarum
4604 4745 4792 4800 summ

2922 4828 3136 4908 capita
3181 4844 3564 4906 proponere.
3651 4822 3947 4887 Primum
3993 4823 4195 4905 igitur
4240 4845 4449 4906 quum
4499 4820 4694 4888 David
4726 4833 4790 4879 en·

2920 4922 3041 4994 put
3082 4909 3423 4976 Philistaei
3470 4908 3623 4973 tulit
3668 4907 4149 4991 lerosolymam.
4196 4909 4445 4975 factum
4494 4918 4589 4973 est
4628 4903 4694 4970 ad
4720 4917 4789 4996 pq>

2922 4996 3058 5079 puli
3123 4994 3708 5062 confirmationem:
3796 4993 3950 5059 licet
4028 5004 4247 5059 tamen
4316 5007 4488 5061 tunc
4552 5003 4789 5072 tempos!

2919 5082 3384 5165 Hierosolyma
3426 5101 3556 5145 non
3602 5089 3772 5145 esset
3817 5079 4001 5145 sedes
4044 5081 4255 5164 regia:
4315 5103 4475 5147 nam
4521 5075 4669 5144 Saul
4702 5085 4789 5136 ποθ

2920 5168 3256 5234 habitabat
3298 5166 3825 5250 Hierosolymae:
3885 5187 4054 5249 quae
4110 5167 4347 5233 deinde
4404 5169 4597 5232 etiam
4634 5162 4691 5225 in
4724 5156 4789 5220 Ie·

2917 5255 3312 5322 busaeorum
3376 5261 3764 5337 potestatem
3828 5252 4046 5317 venit:
4110 5253 4225 5318 sed
4293 5274 4541 5320 arcano
4579 5243 4785 5332 quodam
