5059 6059
286 324 397 390 409

284 527 521 581 nentem
559 518 880 589 metuant,
918 518 987 576 et
1021 511 1335 576 adversus
1370 510 1544 592 ipsos
1578 508 1771 572 multi
1807 508 2197 592 conspirent,

283 611 347 666 ut
406 597 733 680 deplorata
796 593 1000 662 salusv
1031 598 1366 672 videatur,
1436 605 1499 660 et
1560 593 1716 660 hinc
1767 592 1921 659 inde
1979 593 2204 659 multis

282 682 737 753 calamitatibus
779 692 848 747 et
889 682 1349 748 afflictionibus
1395 690 1797 766 premantur,
1842 679 2198 744 remedium

285 783 482 837 tamen
527 767 842 835 adversus
885 779 984 833 tot
1027 767 1202 832 mala
1247 777 1315 831 et
1359 766 1735 832 discrimina
1774 765 2009 848 quibus
2045 765 2203 832 alio·

281 857 421 942 quin
478 855 928 933 obruerentur,
988 854 1396 930 inventuros,
1458 852 1648 916 modo
1703 872 1885 936 spem
1944 872 2202 943 omnem

282 963 447 1008 suam
509 940 582 1004 in
637 940 781 1005 Deo
837 939 1185 1006 collocent:
1245 939 1368 1003 hac
1425 951 1646 1003 tamen
1704 936 2073 1004 conditione
2130 946 2205 1002 ut

281 1028 474 1092 Deum
521 1027 802 1092 sciamus
843 1026 1158 1092 auxilium
1208 1046 1398 1090 suum
1443 1025 1630 1090 nobis
1674 1023 2090 1107 pollicentem
2136 1033 2204 1089 et

281 1112 536 1178 tutelam
569 1132 645 1178 ac
683 1113 1178 1196 protectionem,
1215 1111 1384 1176 nolle
1417 1120 1634 1175 tamen
1662 1108 1943 1175 molliter
1966 1109 2202 1188 fovere,

277 1218 472 1280 nequo
530 1197 995 1263 beatitudinem
1054 1195 1383 1280 quandam
1444 1205 1751 1278 tanquam
1795 1196 1864 1259 in
1909 1196 2201 1261 terrestri

276 1281 559 1368 paradiso
603 1283 914 1367 polliceri.
1004 1282 1176 1348 Nam
1219 1303 1351 1348 non
1394 1281 1667 1364 impedit
1709 1281 1834 1347 Dei
1880 1280 2201 1346 auxilium

273 1380 334 1434 et
387 1369 641 1434 bonitas
697 1369 1046 1452 quominus
1102 1389 1221 1434 nos
1279 1369 1417 1451 ipse
1459 1367 1680 1432 multis
1722 1365 2202 1433 calamitatibus

275 1463 334 1519 et
401 1455 683 1521 miseriis
751 1466 1070 1521 exerceat.
1179 1453 1402 1534 Quare
1465 1463 1810 1520 contentos
1875 1472 1995 1517 nos
2059 1471 2202 1518 esse

273 1550 513 1623 oportet
551 1541 676 1606 hac
710 1539 1278 1616 conditione‚.fore
1323 1551 1395 1604 ut
1436 1560 1554 1604 nos
1597 1539 1812 1622 ipsum
1856 1558 1939 1603 ex
1984 1539 2200 1603 animo

270 1627 642 1692 invocantes
698 1646 785 1691 ex
838 1625 1138 1691 omnibus
1181 1624 1672 1691 difficultatibus
1715 1634 1925 1699 eruat,
1982 1625 2201 1691 nobis-

269 1731 384 1794 que
436 1733 550 1778 eas
609 1713 782 1777 vires
839 1712 1142 1791 sufficiat,
1200 1710 1435 1794 quibus
1493 1712 1775 1776 victores
1831 1708 2201 1788 evadamus,

267 1809 329 1862 et
390 1798 604 1864 nostri
668 1817 1004 1881 nunquam
1070 1796 1509 1873 obliviscatur,
1578 1817 1783 1879 quum
1851 1794 1934 1860 ad
2000 1797 2202 1881 ipsius

271 1883 536 1950 verbum
605 1884 838 1949 attenti
891 1883 1229 1959 fuerimus,
1295 1894 1362 1947 et
1417 1881 1852 1947 obedientiam
1911 1899 2200 1948 nostram

265 1982 573 2053 tanquam
619 1970 1009 2035 sacrificium
1055 1978 1314 2052 gratum
1359 1967 1613 2044 habeat,
1670 1988 1869 2052 quum
1916 1967 2037 2051 ipsi
2084 1989 2202 2034 nos

264 2054 798 2133 dedicaverimus,
845 2066 914 2121 et
949 2054 1029 2119 de
1063 2055 1341 2137 acceptis
1386 2053 1717 2122 beneficiis
1760 2053 2010 2138 gratias
2051 2075 2199 2139 ege·

261 2142 478 2220 rimus,
542 2140 940 2224 tandemque
998 2140 1069 2204 in
1125 2150 1367 2205 rectam
1427 2140 1602 2204 viam
1651 2140 1748 2205 ita
1788 2137 2083 2218 deducat,
2129 2149 2202 2204 ut

264 2225 525 2326 tandem
606 2227 691 2292 ad
766 2225 1148 2311 promissam
1218 2225 1406 2290 nobis
1470 2226 1550 2289 ab
1618 2226 1757 2308 ipso
1823 2222 2198 2292 felicitatem

261 2332 742 2393 perveniamus.

427 2398 575 2464 Iam
625 2419 777 2465 vero
822 2399 1014 2483 agite,
1057 2402 1158 2462 etc.

771 2967 1255 3051 HOMILIA
1311 2964 1690 3047 LXXIX.

1001 3086 1200 3153 oAP.
1246 3085 1477 3151 xxn.

421 3312 482 3374 1.
552 3310 733 3375 Abiit
789 3330 930 3394 erqo
970 3309 1192 3377 David
1244 3310 1391 3375 inde
1432 3314 1487 3375 et
1525 3309 1693 3392 Γηρᾶ
1732 3309 1803 3373 in
1845 3308 2200 3390 speluncam

248 3395 570 3462 odollam,
647 3397 825 3478 Quod
859 3416 1049 3477 quum
1090 3395 1414 3461 audissent
1451 3395 1684 3477 fratres
1726 3395 1863 3460 eius
1904 3399 1960 3460 et
2001 3396 2205 3460 omnis

237 3482 466 3548 domus
498 3483 730 3565 patris
770 3482 909 3548 eius
950 3482 1391 3547 descenderunt
1432 3482 1517 3546 ad
1558 3499 1699 3545 eum
1749 3480 1917 3546 illuc.
2005 3481 2066 3545 2.
2111 3478 2202 3545 Et

238 3573 666 3635 convenerunt
700 3567 785 3632 ad
819 3587 958 3632 eum
994 3588 1203 3633 omnes
1246 3568 1356 3649 qui
1399 3571 1574 3633 erant
1614 3567 1686 3630 in
1727 3566 2022 3650 anqustia
2063 3586 2201 3631 con-

235 3655 446 3720 stituti
517 3660 579 3719 et
644 3654 924 3735 oppressi
989 3675 1130 3718 aere
1191 3654 1393 3719 alieno
1457 3658 1511 3718 et
1566 3673 1786 3717 amaro
1844 3651 2084 3719 animo:
2146 3656 2203 3717 et

233 3742 449 3821 factus
512 3744 613 3805 est
665 3758 880 3803 eonem
920 3740 1235 3821 princeps,
1292 3740 1659 3820 fueruntque
1710 3758 1849 3803 cum
1904 3758 1972 3803 eo
2016 3738 2203 3820 quasi

235 3826 708 3909 quadrinyenti
747 3824 889 3890 viri.
979 3824 1039 3889 3.
1085 3825 1172 3890 Et
1205 3825 1516 3908 profectus
1557 3829 1642 3888 est
1684 3823 1905 3911 David
1945 3823 2092 3888 inde
2130 3824 2201 3887 in

239 3911 537 3995 Maspha
599 3930 755 3992 quae
811 3914 898 3976 est
955 3909 1178 3992 Moab,
1247 3917 1301 3975 et
1358 3910 1551 3976 dix-it·
1582 3908 1667 3975 ad
1720 3929 1927 3992 reyem
1979 3908 2200 3989 Moab,

236 4004 501 4063 maneat
563 4016 673 4060 oro
719 4001 907 4078 pater
943 4016 1119 4062 meus
1160 4003 1217 4062 et
1255 4002 1453 4061 mater
1489 4015 1626 4061 mea
1666 3995 1974 4061 vobiscum
2018 3995 2201 4061 donec

233 4084 441 4150 sciam
515 4082 684 4165 quid
742 4081 942 4163 faciat
1001 4081 1161 4147 mihi
1212 4082 1405 4149 Deus.
1506 4081 1569 4146 4.
1635 4078 1723 4145 Et
1784 4081 2039 4162 reliquit
2101 4100 2203 4146 eos

235 4176 382 4234 ante
446 4169 696 4253 faeiem
759 4170 929 4253 reyis
991 4167 1213 4233 Moab.-
1287 4171 1762 4249 manseruntque
1826 4166 1998 4247 apud
2059 4185 2200 4231 eum

229 4257 486 4323 cunctis
586 4252 804 4318 diebus
888 4254 1109 4334 quibus
1194 4252 1412 4319 David
1491 4251 1616 4334 fuit
1700 4252 1769 4316 in
1853 4251 2198 4332 praesidio.

231 4342 295 4406 5.
339 4341 680 4421 Dixitque
707 4337 873 4405 Gath
904 4339 1218 4420 propheta
1258 4337 1614 4404 adDavid:
1695 4337 1846 4402 Noli
1888 4358 2202 4403 remanere

229 4429 301 4491 in
353 4425 731 4511 praesidio,
783 4425 1196 4508 proficiscere,
1252 4429 1308 4489 et
1359 4425 1515 4490 vade
1570 4426 1639 4487 in
1695 4429 1926 4488 terram
1979 4423 2200 4489 Iudae.

229 4512 326 4578 Et
359 4514 711 4599 profectus
752 4517 843 4577 est
887 4509 1106 4576 David
1146 4516 1200 4575 et
1236 4510 1401 4575 venit
1440 4510 1509 4574 in
1551 4508 1782 4575 saltum
1829 4508 2085 4574 Hareth.

409 4702 744 4767 Vidimus
800 4698 1119 4764 hactenus
1176 4718 1305 4782 qua
1357 4698 1608 4764 ratione
1682 4718 1940 4765 servum
2008 4718 2198 4763 suum

231 4786 593 4854 Davidem
660 4783 844 4850 Deus
923 4804 1007 4849 ex
1062 4784 1447 4850 imminente
1528 4783 1760 4848 mortis
1827 4782 2198 4849 discrimine

226 4874 412 4957 apud
485 4871 898 4938 Philistaeos
952 4871 1222 4946 eruerit,
1291 4888 1456 4952 quae
1512 4869 1662 4934 licet
1719 4867 1932 4952 prima
1987 4868 2200 4935 fr0nte

225 4960 542 5024 intuenti
613 4956 889 5023 ridicula
945 4955 1279 5032 videatur,
1351 4954 1521 5036 quod
1591 4953 1913 5020 insaniam
1978 4954 2197 5020 David

220 5045 614 5120 simularit,
659 5041 1083 5107 nihilominus
1129 5052 1346 5105 tamen
1392 5038 1760 5105 admirabili
1781 5039 1907 5104 Dei
1953 5040 2199 5105 virtute

1555 318 1654 383 IN
1702 318 1751 383 Ι.
1800 316 1974 383 LIB.
2022 316 2423 385 SAMUEL.
2473 316 2673 383 CAP.
2718 314 2949 381 XXII.

4120 322 4249 387 410

2308 506 2613 572 omnibus
2680 507 2954 571 terrenis
3019 505 3463 584 adminiculis,
3532 505 3700 588 quod
3770 527 3873 573 res
3936 507 4079 591 ipsa
4144 508 4249 575 de·

2307 593 2719 658 monstravit.
2809 590 2980 655 Nam
3022 591 3222 656 Achis
3267 590 3437 658 oculi
3482 612 3748 675 prorsus
3793 593 4249 679 caligaverunt

2307 677 2389 743 ad
2448 677 2745 762 Davidis,
2801 679 3126 743 insaniam
3184 676 3581 755 simulantis,
3632 688 4071 761 conspectum,
4133 681 4267 764 qui.

2307 774 2523 829 tamen
2585 770 2841 846 poterat
2912 762 3082 846 apud
3140 784 3211 827 se
3270 765 3587 847 cogitare,
3647 765 4020 830 simulatam
4081 765 4249 832 hanc

2305 872 2444 915 esse
2504 850 2851 927 insaniam,
2913 869 3081 931 quae
3148 870 3278 912 non
3348 857 3569 933 posset
3636 850 3702 913 in
3765 850 4085 915 Davidem
4152 864 4248 915 tot

2305 934 2633 1018 tantisque
2706 933 3063 1000 virtutibus
3128 933 3375 999 clarum
3447 933 3679 1000 cadere
3703 983 3721 1018 ,
3821 957 3894 1000 ac
3973 936 4248 1020 proinde

2305 1020 2640 1098 sciscitari,
2707 1040 2835 1104 quo
2900 1041 3057 1086 casu
3125 1041 3339 1102 quave
3403 1021 3734 1086 occasione
3806 1030 4063 1086 tantum
4123 1023 4246 1106 ipsi

2304 1108 2739 1172 infortunium
2785 1106 3154 1172 accidisset:
3199 1105 3312 1171 sed
3359 1116 3515 1170 tunc
3552 1107 3755 1174 Achis
3796 1127 4055 1171 omnem
4100 1129 4247 1172 sen-

2305 1213 2452 1260 sum
2498 1202 2566 1257 et
2610 1192 2883 1258 rationis
2928 1212 3121 1256 usum
3168 1190 3311 1257 Deo
3356 1192 3633 1258 faciente
3693 1194 3929 1270 amisit,
3989 1200 4063 1257 ut
4128 1194 4248 1260 hac

2304 1278 2556 1345 ratione
2603 1277 2846 1343 Davidi
2892 1276 3077 1343 velut
3120 1298 3156 1342 e
3209 1277 3415 1343 leonis
3477 1278 3768 1345 faucibus
3825 1278 4040 1343 exitus
4097 1300 4247 1345 con·

2303 1364 2660 1439 cederetur,
2708 1385 2900 1445 quem
2945 1373 3018 1427 ut
3062 1370 3215 1428 ante
3262 1362 3540 1429 vidimus
3585 1362 3974 1429 Philisthaei
4019 1384 4247 1429 omnes

2303 1451 2573 1516 oderant
2632 1471 2796 1516 cane
2852 1450 3039 1533 peius
3099 1457 3165 1514 et
3221 1469 3454 1532 angue.
3562 1448 3968 1514 Admiranda
4041 1450 4245 1534 igitur

2306 1537 2427 1601 fuit
2469 1536 2595 1600 ista
2640 1534 2955 1612 liberatio,
3002 1554 3041 1598 a
3086 1535 3212 1599 Dei
3261 1536 3548 1599 bonitate
3592 1532 4056 1601 inexstimabili
4100 1557 4247 1619 pro-

2305 1641 2579 1688 manans
2623 1622 2808 1687 cuius
2851 1621 2904 1685 si
2952 1640 3079 1685 non
3127 1621 3316 1686 initio
3375 1621 3596 1685 statim
3659 1621 3868 1686 virtus
3923 1641 3960 1684 a
4009 1621 4243 1703 paruit,

2305 1718 2525 1773 tamen
2568 1726 2732 1790 opus
2776 1725 2967 1771 suum
3014 1705 3197 1771 Deus
3240 1707 3308 1771 in
3349 1707 3731 1771 infirmitate
3776 1642 4050 1772 Davidis
4096 1728 4243 1789 per·

2303 1793 2478 1876 fecit,
2524 1804 2596 1856 ut
2639 1792 2925 1877 amplam
2970 1791 3312 1858 materiam
3358 1792 3426 1856 in
3474 1792 3613 1857 Deo
3656 1791 3975 1875 gloriandi
4028 1790 4243 1857 David

2303 1877 2603 1945 habuerit
2626 1895 2643 1941 ε
2688 1875 2856 1961 quod
2879 1877 3076 1943 etiam
3099 1876 3287 1942 illum
3310 1877 3566 1961 publica
3587 1878 3948 1962 gratiarum
3986 1878 4244 1942 actione

2303 1968 2614 2031 testatum
2659 1984 2801 2029 esse
2843 1963 3152 2029 concione
3193 1964 3525 2045 superiore
3569 1961 3867 2028 vidimus.

2473 2048 2807 2133 Sequente
2868 2068 3021 2113 vero
3078 2049 3207 2112 iam
3251 2049 3461 2131 capite
3519 2047 3754 2114 dicitur
3778 2044 4033 2115 ‘David
4089 2046 4242 2113 inde

2303 2135 2609 2201 recedens
2654 2134 2898 2218 fugisse
2938 2134 3006 2198 in
3050 2133 3424 2217 speluncam
3471 2131 3796 2200 Odollam.
3868 2134 4055 2216 Quae
4098 2144 4240 2200 ten-

2304 2221 2463 2285 tatio
2522 2219 2799 2286 Davidis
2856 2219 3061 2284 altera
3136 2219 3261 2285 fuit
3332 2220 3751 2302 gravissima:
3826 2241 3979 2286 nam
4051 2220 4241 2285 illum

2303 2306 2635 2390 opportuit
2677 2303 2758 2371 ad
2817 2305 2997 2370 vitae
3039 2304 3437 2389 praesidium
3499 2305 3683 2371 velut
3739 2305 3806 2370 in
3867 2306 4238 2390 sepulcrum

2305 2391 2578 2475 ingredi,
2624 2398 2690 2455 et
2711 2397 2939 2455 contra
2964 2400 3268 2455 naturam
3294 2391 3546 2456 vivere:
3595 2412 3743 2456 nam
3778 2405 3929 2457 aere
3955 2392 4239 2459 vivimus

2302 2488 2368 2542 et
2408 2479 2477 2541 in
2525 2475 2867 2541 hominum
2912 2475 3235 2541 societate.
3323 2475 3645 2542 Davidem
3703 2486 3921 2543 autem
3980 2486 4238 2560 oportet

2304 2562 2644 2628 hominum
2701 2560 3008 2627 societate
3060 2568 3386 2627 extorrem
3454 2561 3525 2626 in
3581 2563 4024 2629 subterraneis
4082 2561 4238 2627 locis

2304 2649 2505 2713 vitam
2565 2646 2833 2732 degere:
2906 2666 3072 2730 quae
3130 2667 3288 2712 sane
3463 2647 3732 2714 vissima
3783 2649 3908 2714 fuit
3964 2645 4237 2713 tentatio

2301 2735 2355 2798 si
2400 2733 2838 2799 conditionem
2877 2732 3084 2814 ipsius
3106 2753 3319 2815 cxpen
3368 2752 3587 2798 amus:
3635 2733 3750 2799 vix
3785 2733 3961 2798 enim
3984 2733 4236 2818 pericu·

2299 2819 2433 2884 lum
2480 2820 2688 2885 evasit
2708 2839 2905 2902 quum
2931 2818 2999 2882 in
3042 2817 3217 2883 aliud
3261 2838 3393 2882 non
3429 2818 3644 2884 minus
3679 2818 3913 2884 durum
3960 2831 4026 2883 et
4059 2837 4237 2883 acer-

2302 2904 2454 2970 bum
2499 2904 2745 2984 incidit,
2790 2926 2871 2969 ex
2895 2923 3023 2987 quo
3066 2902 3350 2969 iudicare
3370 2923 3721 2986 possumus
3757 2904 3919 2970 duro
3945 2903 4233 2969 examini

2302 2989 2632 3056 Davidem
2673 2989 3075 3056 subiectum:
3122 2990 3362 3055 scimus
3405 2989 3578 3054 enim
3603 3010 3796 3073 quam
3822 2988 4236 3073 impatienter

2304 3076 2599 3141 homines
2664 3072 3235 3159 persequutionem
3311 3074 3559 3155 ferant,
3629 3087 3696 3140 et
3768 3095 3963 3157 quam
4050 3071 4235 3138 facile

2304 3172 2449 3244 post
2493 3181 2697 3226 unum
2743 3171 2859 3226 aut
2901 3159 3178 3226 alterum
3222 3171 3552 3227 certamen
3604 3161 3671 3224 in
3717 3159 4234 3243 desperationem

2305 3247 2593 3314 veniant.
2711 3246 2852 3311 Iam
2928 3266 3087 3312 vero
3164 3246 3387 3311 multis
3466 3244 3930 3311 tentationibus
4010 3242 4229 3308 David

2303 3334 2655 3411 restiterat,
2715 3332 2951 3416 quibus
2995 3340 3252 3397 tantum
3298 3330 3480 3397 abest
3523 3342 3595 3396 ut
3639 3330 3820 3396 Deus
3863 3332 4061 3395 finem
4105 3330 4229 3392 im-

2303 3428 2519 3500 ponat,
2566 3426 2640 3482 ut
2682 3428 2909 3484 contra
2951 3437 3207 3501 semper
3248 3416 3411 3482 aliae
3455 3438 3540 3480 ex
3585 3416 3729 3481 aliis
3787 3430 4229 3482 renascantur.

2302 3503 2391 3568 Et
2433 3504 2560 3570 hoc
2602 3503 2890 3587 profecto
2934 3502 3155 3568 David
3212 3524 3343 3568 non
3388 3501 3789 3568 obliviscitur
3848 3502 4093 3583 psalmo
4151 3498 4230 3565 de

2301 3608 2431 3672 quo
2475 3599 2627 3654 ante
2685 3590 2936 3672 egimus
2979 3588 3081 3654 34.
3129 3609 3327 3671 quum
3374 3589 3491 3665 ait,
3536 3587 3766 3654 multas
3805 3586 4234 3652 tribulationes

2301 3676 2610 3741 iustorum
2629 3693 2790 3741 esse:
2834 3675 2946 3741 sed
2977 3675 3055 3741 de
3089 3674 3377 3740 omnibus
3395 3671 3658 3739 liberare
3676 3674 3846 3755 ipsos
3867 3671 4228 3738 Dominum.

2301 3759 2699 3844 Respexisse
2743 3769 2963 3825 autem
3011 3759 3331 3825 Davidem
3377 3758 3452 3823 ad
3502 3758 3670 3825 hanc
3729 3758 4067 3825 historiam
4115 3778 4228 3821 ne-

2303 3846 2464 3910 mini
2524 3845 2794 3911 dubium
2852 3855 2970 3912 est.
3070 3845 3290 3928 Quare
3347 3843 3562 3910 David
3631 3862 4023 3929 cognoscens
4081 3843 4224 3908 Deo

2301 3930 2556 4015 placere
2601 3933 2812 4014 ipsum
2858 3940 2954 3996 tot
2997 3931 3320 4014 tantisque
3378 3929 3866 3997 difficultatibus
3909 3948 4228 4007 exercere,

2303 4017 2557 4082 animos
2578 4018 2780 4083 sumit
2800 4027 2866 4081 et
2887 4037 2957 4081 se
2980 4016 3196 4099 ipsum
3219 4017 3362 4081 istis
3386 4016 3600 4082 verbis
3620 4016 3890 4093 solatur,
3913 4014 4226 4097 inquiens,

2302 4102 2557 4167 etiamsi
2598 4104 2758 4169 iusti
2781 4103 2987 4168 multa
3027 4104 3195 4167 ferre
3218 4100 3455 4167 debent
3477 4100 3883 4166 incommoda
3918 4106 3985 4164 et
4008 4098 4227 4163 multis

2304 4209 2378 4253 ac
2422 4188 2627 4254 variis
2666 4185 3129 4254 tentationibus
3173 4187 3480 4266 exerceri,
3523 4196 3589 4252 et
3630 4185 3820 4252 modo
3864 4205 3979 4268 per
4022 4184 4227 4267 ignee,

2302 4272 2497 4337 modo
2540 4295 2657 4357 per
2704 4294 2904 4357 aquas
2960 4271 3194 4339 deduci
3246 4272 3587 4356 variasque
3645 4269 4033 4337 tentationes
4089 4280 4227 4331 tam

2301 4377 2340 4422 a
2396 4358 2646 4425 dextris
2703 4378 2899 4442 qnam
2955 4379 2994 4424 a
3050 4357 3337 4424 sinistris
3391 4359 3547 4442 pati,
3610 4366 3678 4422 et
3734 4355 4036 4421 omnibus
4087 4373 4228 4418 esse

2303 4441 2605 4525 ludibrio,
2648 4444 3076 4510 nihilominus
3119 4452 3336 4508 tamen
3371 4444 3585 4509 Deum
3631 4439 3910 4507 miseriis
3949 4449 4014 4505 et
4057 4439 4225 4504 cala·

2303 4528 2641 4596 mitatibus
2681 4533 2968 4613 ipsorum
3012 4550 3265 4613 semper
3308 4529 3556 4595 felicem
3595 4528 3843 4592 exitum
3885 4544 4226 4591 concessu-

2303 4635 2470 4695 rum,
2517 4626 2596 4680 ut
2637 4637 2893 4699 semper
2935 4614 3216 4701 amplam
3266 4615 3387 4681 Dei
3491 4609 3842 4678 lorificandi
3889 4609 4223 4675 materiam

2304 4699 2605 4767 habeant.
2693 4702 2799 4767 Ex
2835 4700 3068 4786 quibus
3112 4710 3384 4784 apparet
3523 4719 3631 4762 um
3677 4696 3877 4761 variis
3920 4693 4227 4779 periculis

2300 4794 2368 4850 et
2410 4784 2900 4853 difficultatibus
2943 4807 3097 4853 suos
3142 4796 3548 4852 exercentem
3596 4785 3766 4849 vires
3808 4782 4002 4847 etiam
4046 4779 4226 4845 suffi-

2298 4891 2478 4951 cere,
2536 4880 2601 4938 et
2655 4874 2904 4941 invicta
2960 4872 3327 4938 constantia
3382 4889 3656 4934 armare.
3745 4867 3965 4950 Quare
4020 4885 4225 4949 quum

2299 4954 2575 5023 Davidis
2620 4958 2828 5026 luctas
2872 4968 2936 5024 et
2978 4976 3266 5024 summas
3307 4955 3643 5038 angustias
3685 4954 4035 5027 intuemur.
4079 4951 4225 5016 illa-

2297 5061 2444 5105 rum
2512 5043 2709 5109 etiam
2774 5045 3024 5110 exitum
3091 5063 3173 5108 ne
3234 5040 3709 5106 obliviscamur.
3813 5039 3980 5103 Nam
4045 5036 4102 5102 si
4157 5037 4227 5101 in

221 5132 629 5231 perfectum
662 5148 810 5228 ‘esse
846 5137 1097 5193 certum
1141 5137 1259 5191 est.
1326 5126 1427 5191 Ac
1468 5125 1617 5192 licet
1652 5127 1729 5226 ‘in
1753 5124 1963 5207 specie
1994 5125 2198 5224 ‘valde
2297 5126 2503 5227 ipsips
2560 5130 2953 5196 tentationes
3018 5136 3271 5193 tantum
3318 5125 3538 5225 oculos
3603 5124 4029 5225 defigeremus
4072 5120 4228 5223 quid

218 5218 516 5284 infirma
613 5212 911 5280 videatur
997 5212 1189 5296 longe
1270 5222 1487 5276 tamen
1581 5211 1779 5277 fuisse
1864 5212 2196 5276 fortiorem
2298 5211 2481 5279 nobis
2524 5214 2754 5280 fieret?
2800 5215 3022 5297 Quum
3067 5214 3327 5296 inquam
3373 5211 3669 5277 audimus
3721 5209 4035 5277 Davidem
4079 5207 4231 5275 odio
