5059 6059
299 257 410 326 541

1556 260 1653 327 IN
1698 260 1755 328 1.
1801 262 1982 329 LIB.
2030 260 2435 329 SAMUEL.
2483 260 2683 328 OAP.
2743 262 2966 328 XXV.

4133 264 4261 330 542

291 448 597 526 debemus,
655 452 722 512 et
777 447 847 511 in
905 448 1050 530 ipsa
1105 455 1414 531 tanquam
1471 450 1539 515 in
1586 451 1849 535 speculo
1891 451 2084 536 quale
2126 453 2217 518 sit
2320 462 2420 519 est
2457 453 2519 518 N
2523 453 2727 519 abalis
2762 450 3031 528 malitia,
3076 469 3158 514 ex
3205 469 3331 531 quo
3375 457 3450 513 ut
3484 458 3636 514 ante
3679 449 3987 516 admonui
4033 471 4261 537 sapere

292 542 570 601 nostrum
640 533 925 599 officium
986 534 1444 617 contemplari,
1502 556 1695 619 quam
1763 536 1886 604 Dei
1941 539 2213 622 spiritus

288 620 644 687 testimonio
723 619 1021 685 videmus
1097 618 1285 685 donis
1363 620 1810 706 singularibus
1886 623 2213 710 insignem

287 711 491 785 fuisse,
546 715 614 773 et
658 714 878 771 tamen
925 705 1146 774 mariti
1193 726 1407 771 mores
1451 727 1657 790 aequo
1702 709 1921 774 animo
1965 711 2212 791 tulisse,

283 805 344 861 et
375 792 622 876 placide
656 794 883 876 iugum
930 791 1057 856 sibi
1100 792 1478 874 impositum
1521 812 1560 857 a
1585 792 1874 860 Domino
1917 795 2211 876 subiisse,

283 884 533 963 eiusque
576 898 646 944 se
691 876 1021 942 voluntati
1064 875 1458 943 submisisse.

442 964 624 1031 Idem
668 965 739 1028 in
783 983 975 1028 servo
1019 972 1294 1046 apparet
1335 962 1625 1046 Nabalia,
1686 964 1768 1031 de
1810 985 1939 1050 quo
1986 968 2094 1036 hic
2138 970 2214 1035 fit

280 1052 549 1130 mentio,
627 1050 743 1134 qui
808 1048 1339 1116 animadvertens
1408 1049 1745 1117 dominnm
1825 1073 2018 1118 suum
2086 1055 2209 1121 sibi

277 1139 631 1204 maximum
669 1134 917 1202 malum
954 1134 1394 1214 accersivisse,
1437 1144 1503 1200 et
1548 1135 1628 1201 de
1673 1138 1811 1204 vita
1856 1140 2210 1222 periclitari

274 1245 393 1289 non
451 1221 535 1287 ad
595 1222 811 1306 ipsum
870 1221 1173 1300 accessit,
1230 1221 1749 1304 quandoquidem
1810 1224 2211 1294 difficillimis

273 1309 562 1377 moribus
620 1321 764 1375 erat
823 1306 1150 1384 dominus,
1211 1316 1278 1371 et
1335 1307 1518 1373 nullo
1577 1309 1809 1375 timore
1867 1325 1976 1376 aut
2026 1334 2213 1379 vere·

267 1395 501 1463 cundia
558 1395 985 1472 retinebatur,
1046 1413 1253 1475 neque
1312 1401 1533 1458 tamen
1589 1395 1857 1461 omnino
1902 1396 2210 1478 deseruit,

266 1497 328 1546 et
382 1483 463 1548 ab
520 1479 737 1548 officio
783 1479 1071 1560 recessit,
1126 1478 1245 1544 sed
1288 1478 1462 1544 malo
1502 1478 1596 1544 illi
1645 1481 2003 1548 remedium
2050 1486 2209 1552 utile

262 1568 605 1652 quaesivit,
643 1566 977 1632 admonita
1013 1563 1192 1645 hera,
1237 1575 1304 1629 et
1355 1585 1427 1630 re
1477 1575 1631 1643 tota,
1689 1578 1759 1632 ut
1805 1583 1948 1633 erat
1999 1581 2209 1637 trans-

261 1665 417 1733 acta,
465 1652 551 1720 ad
597 1655 812 1738 ipsum
858 1650 1143 1735 perlatae
1204 1669 1437 1733 nempe
1482 1649 1712 1716 herum
1758 1652 1884 1719 sibi
1927 1676 2210 1740 suaeque

259 1740 543 1805 familiae
565 1739 697 1805 nisi
722 1746 1098 1820 promptum
1136 1733 1455 1802 auxilinm
1492 1734 1844 1819 adferatur,
1877 1759 2207 1808 summum

257 1827 532 1892 exitium
581 1824 1020 1892 aocet-sivisse.
1098 1819 1586 1888 Providendum
1633 1823 1838 1909 igitur
1882 1824 2209 1906 admonet,

258 1924 323 1975 et
354 1912 501 1978 istis
545 1910 914 1976 rationibus
960 1910 1188 1974 heram
1233 1907 1612 1973 cohortatur
1651 1910 1872 1976 multis
1902 1910 2213 1994 beneficiis

261 1996 585 2065 Nubelem
636 1997 986 2062 devinctum
1041 2014 1175 2060 esse
1215 1993 1483 2073 Davidi,
1542 1999 1600 2059 et
1640 1994 1849 2077 ipsius
1889 1998 2211 2080 militibus,

254 2086 412 2165 quod
468 2084 722 2167 fuerint
773 2081 941 2164 ipsis
985 2097 1108 2164 pro
1163 2100 1345 2146 muro
1396 2083 1526 2146 tam
1584 2081 1656 2146 in
1696 2085 1867 2149 nocte
1906 2104 2098 2166 quam
2140 2087 2212 2152 in

250 2171 368 2250 die,
436 2178 498 2237 et
560 2167 728 2234 nihil
779 2166 1057 2250 periisse
1109 2167 1294 2249 ipsis,
1345 2163 1648 2231 omnibus
1710 2167 1930 2234 diebus
1985 2170 2214 2253 quibus

244 2260 561 2338 paverunt
590 2273 809 2340 yreqes
847 2272 996 2318 suo-s
1037 2254 1110 2317 in
1150 2254 1404 2318 deser-to.
1471 2250 1665 2332 Quod
1710 2261 1968 2320 tantum
2014 2257 2209 2323 bene·

248 2344 473 2408 ficium
573 2342 868 2426 praemio
961 2346 1028 2403 et
1101 2339 1633 2404 remuneratione
1711 2338 1988 2424 dignum
2067 2364 2209 2410 esse

247 2427 457 2496 docet.
552 2429 911 2495 Praeterea
953 2423 1284 2490 Davidem
1342 2423 1653 2490 admonet
1698 2446 1829 2491 non
1874 2427 2062 2493 facile
2105 2429 2205 2495 in-

242 2515 452 2581 iurias
529 2514 688 2579 illas
760 2508 995 2595 quibus
1057 2529 1204 2574 eum
1264 2509 1476 2575 Nabal
1533 2509 1839 2577 affecerat
1895 2511 2209 2597 laturum,

242 2624 319 2668 ac
401 2599 693 2685 proinde
760 2609 1014 2662 mature
1078 2596 1571 2662 occurrendum.
1681 2596 1874 2662 Unde
1940 2613 2211 2683 apparet

240 2688 423 2753 servi
492 2686 692 2752 istius
759 2684 1007 2759 virtus,
1075 2681 1444 2764 prudentia,
1510 2693 1576 2745 et
1641 2681 1949 2750 honestas
2014 2685 2122 2751 lon
2173 2709 2209 2752 e

238 2774 459 2839 maior
516 2792 720 2856 quam
780 2768 928 2836 heri
983 2767 1107 2847 sui,
1161 2774 1231 2832 et
1273 2777 1490 2832 tamen
1536 2787 1799 2832 servum
1846 2789 1991 2836 esse
2036 2772 2098 2838 vi
2148 2795 2206 2837 e-

237 2881 407 2934 mus,
471 2874 544 2925 et
602 2857 813 2923 officio
857 2874 977 2920 suo
1021 2854 1210 2937 fungi
1254 2853 1376 2918 sub
1419 2853 1595 2918 illius
1639 2853 1782 2918 heri
1826 2854 1914 2919 im
2002 2855 2098 2924 rio
2142 2867 2210 2924 et

237 2944 725 3020 dominatione,
770 2942 884 3025 qui
930 2939 1144 3023 potius
1187 2939 1256 3003 in
1301 2937 1523 3005 bestiis
1567 2958 1764 3022 quam
1809 2940 1880 3006 in
1972 2945 2206 3009 omini·

235 3032 358 3098 bus
419 3026 883 3096 numerandus
928 3024 1307 3102 videbatur,
1365 3034 1823 3109 agnoscentem
1867 3047 1938 3092 se
1980 3047 2019 3092 a
2065 3027 2208 3096 Deo

232 3118 314 3183 ad
379 3118 570 3184 hanc
626 3114 1030 3181 vocationem
1077 3119 1143 3175 et
1188 3111 1360 3176 vitae
1403 3121 1648 3179 stat-um
1692 3131 1838 3178 esse
1883 3125 2204 3183 vocatum.

228 3204 416 3269 Hinc
463 3205 703 3285 itaque
748 3199 1092 3275 discamus,
1137 3196 1288 3262 licet
1329 3197 1377 3262 ii
1421 3197 1531 3280 qui
1578 3198 1658 3263 ad
1706 3195 2047 3283 dignitatis
2091 3200 2205 3266 ali·

226 3311 431 3373 quem
498 3287 789 3374 gradum
833 3284 1041 3351 evecti
1084 3293 1256 3362 sunt,
1307 3305 1437 3349 non
1484 3282 1785 3349 omnibus
1826 3285 1957 3351 illis
2002 3286 2208 3353 virtu-

224 3377 409 3442 tibus
467 3375 697 3441 crnati
756 3372 910 3448 sint,
970 3389 1139 3454 quae
1192 3368 1275 3433 ad
1333 3370 1621 3438 officium
1680 3369 2050 3437 faciendum
2103 3395 2207 3438 re-

225 3462 650 3546 quiruntur,
726 3455 1157 3522 nihilominus
1236 3463 1458 3521 tamen
1540 3465 1771 3539 sponte
1852 3477 1971 3524 nos
2049 3457 2210 3543 ipsis

224 3548 610 3624 subiicere,
668 3554 736 3610 et
790 3543 1105 3608 honorem
1161 3538 1452 3607 debitum
1506 3540 1834 3622 exhibere,
1892 3564 1978 3609 ne
2034 3566 2210 3610 arro-

220 3633 473 3717 gantia
517 3642 594 3698 et
638 3629 944 3714 superbia
988 3626 1144 3692 elati
1185 3634 1680 3693 contemnamus
1725 3648 1837 3693 eos
1881 3639 1949 3695 et
1992 3630 2206 3713 despi-

218 3720 516 3799 ciamus,
584 3717 861 3799 ideoque
917 3712 1215 3779 ordinem
1271 3733 1311 3776 a
1353 3710 1501 3778 Deo
1559 3713 1988 3780 constitutum
2033 3716 2209 3781 inter

221 3805 555 3871 homines
616 3802 953 3869 violemus.
1042 3798 1425 3866 Necessaria
1480 3798 1702 3882 itaque
1745 3804 1847 3864 est
1889 3799 2208 3868 modestia

215 3905 287 3956 et
349 3890 722 3957 humilitas
784 3908 915 3971 qua
972 3884 1263 3968 reliquae
1318 3904 1546 3950 omnes
1603 3884 1920 3968 virtutes,
1983 3895 2054 3953 ut
2111 3888 2205 3953 ita

217 3977 447 4045 dicam
472 4028 491 4059 ,
568 3973 981 4043 condiantur.
1091 3971 1263 4036 Nam
1327 3970 1633 4053 superbia
1696 3979 1762 4040 et
1824 3974 2206 4059 arrogantia

217 4066 530 4132 virtutes
589 4080 817 4126 omnes
860 4059 1038 4124 infici
1083 4068 1150 4122 et
1192 4057 1521 4140 corrumpi
1564 4065 1812 4123 certum
1858 4066 1976 4125 est.
2065 4057 2204 4125 Ita-

211 4172 350 4234 que
423 4151 490 4218 si
569 4148 720 4231 quis
784 4144 1091 4210 maximis
1157 4142 1344 4207 donis
1410 4142 1831 4222 excelluerit,
1910 4151 1977 4209 et
2041 4144 2205 4210 alios

212 4248 463 4303 tamen
492 4254 755 4319 praese
790 4228 1256 4314 contempserit
1287 4227 1599 4311 quidquid
1638 4229 1904 4295 virtutis
1940 4229 2204 4297 habebit

210 4345 460 4390 coram
517 4322 673 4387 Deo
729 4336 912 4383 mera
968 4314 1301 4400 corruptio
1359 4324 1427 4379 et
1482 4314 1757 4398 pollutio
1815 4315 2200 4382 censebitur.

209 4410 429 4476 Licet
489 4407 726 4489 itaque
784 4423 1001 4471 coram
1047 4398 1421 4466 hominibus
1469 4400 1593 4466 viri
1630 4401 1784 4467 boni
1827 4400 2202 4482 habeamur,

206 4498 271 4563 si
346 4510 604 4561 tamen
670 4490 922 4574 reliqua
988 4486 1185 4553 fuerit
1254 4486 1509 4553 vanitas
1574 4498 1640 4551 et
1698 4487 2078 4572 arrogantia
2131 4488 2201 4553 in

207 4582 425 4649 nobis
454 4630 475 4663 ,
558 4576 991 4643 nihilominus
1053 4572 1137 4638 ab
1192 4574 1332 4656 ipso
1395 4571 1540 4637 Deo
1598 4572 2201 4640 condemnabimur.

204 4669 613 4736 Discamus
657 4661 879 4748 igitur,
924 4668 1003 4724 ut
1046 4667 1202 4724 ante
1246 4657 1402 4735 dixi,
1451 4658 1829 4726 modestiam
1877 4668 1944 4723 et
1988 4658 2202 4724 humi-

204 4755 502 4821 litatem
546 4770 693 4815 esse
728 4748 937 4815 salem
979 4766 1105 4828 quo
1147 4744 1438 4828 reliquae
1483 4745 1763 4812 virtutes
1803 4744 2205 4812 condiendas

199 4851 423 4919 sunt,
496 4858 588 4903 ao
640 4833 916 4918 proinde
976 4829 1426 4914 prudentiam,
1483 4830 1979 4911 liberalitatem,
2037 4831 2201 4916 vigi·

197 4928 524 4994 lantiam
550 4972 569 4999 ,
650 4917 1290 5005 magnanimitatem,
1370 4914 1821 4982 fortitudinem
1899 4923 1967 4982 et
2043 4916 2206 4983 alias

192 5003 628 5082 istiusmodi
693 5007 969 5072 virtutes
1027 5001 1242 5067 nullas
1304 5022 1448 5068 esse
1503 5002 1632 5069 nisi
1688 4999 2005 5068 modestia
2058 5024 2207 5069 con-

194 5101 810 5249 mffleamns
831 5177 965 5242 iam
987 5171 1071 5241 ad
1093 5173 1418 5241 Davidem
1454 5173 1643 5242 cuius
1678 5173 1851 5240 victa
1885 5173 2203 5258 patientia

2318 559 2440 603 nos
2470 547 2744 623 oportet,
2789 546 2857 601 et
2892 534 3080 602 nobis
3122 534 3285 619 ipsis
3330 535 3466 599 vim
3512 533 3983 618 quodammodo
4027 538 4259 620 facere,

2316 625 2639 708 siquidem
2681 624 2823 690 fieri
2889 629 3104 706 potest
3162 631 3234 686 ut
3299 620 3409 704 qui
3475 620 3703 687 multis
3762 624 4024 708 egregie
4069 625 4258 691 factis

2315 710 2578 778 laudem
2633 709 2758 776 sibi
2813 707 3242 791 compararit,
3303 718 3636 772 momento
3689 717 3905 773 tamen
3965 711 4261 794 graviter

2315 796 2593 864 labatur.
2683 796 2878 862 Hanc
2934 794 3016 859 ob
3074 812 3340 860 causam
3384 792 3633 857 Paulus
3695 794 3751 858 1.
3802 793 3950 861 Cor.
4002 796 4104 873 10,
4149 795 4254 863 12.

2317 883 2542 950 fideles
2598 883 2908 947 hortatur
2961 877 3043 946 ad
3089 878 3542 958 sobrietatem,
3598 878 3903 963 iubetque
3947 902 4100 947 eum
4144 883 4256 966 qui

2316 969 2439 1036 sibi
2502 968 2759 1034 videtur
2817 978 3011 1049 stare,
3069 986 3300 1030 cavere
3354 983 3436 1028 ne
3477 964 3686 1045 cadat,
3731 967 4256 1050 quandoquidem

2317 1054 2479 1121 adeo
2546 1053 2811 1138 fragiles
2878 1061 2944 1117 et
3007 1050 3313 1116 imbecilli
3368 1070 3630 1128 sumus,
3698 1060 3765 1116 et
3821 1053 4062 1118 idcirco
4123 1053 4258 1119 vita

2318 1150 2547 1207 nostra
2580 1141 2724 1206 viae
2767 1137 3014 1205 difficili
3056 1146 3469 1219 comparatur
3511 1135 3579 1201 in
3626 1156 3755 1219 qua
3799 1138 4007 1203 multa
4049 1139 4257 1223 impe-

2319 1225 2613 1291 dimenta
2671 1233 3042 1298 occurrunt,
3098 1233 3166 1287 et
3209 1222 3457 1288 multae
3502 1222 3793 1305 undique
3839 1224 4258 1291 difficultates

2314 1322 2644 1397 premunt.
2744 1311 2916 1376 Nam
2974 1308 3300 1374 incedenti
3359 1327 3479 1390 per
3537 1307 3799 1390 planam
3859 1321 3925 1375 et
3979 1331 4253 1394 aequam

2322 1400 2493 1463 viam
2532 1398 2932 1480 voluptatem
2971 1395 3187 1478 potius
3229 1394 3504 1476 percipit
3548 1415 3745 1476 quam
3788 1396 4096 1474 taedium,
4144 1395 4253 1462 sed

2314 1485 2385 1549 in
2442 1483 2666 1549 lutosa
2724 1483 2833 1549 via
2887 1481 3068 1545 saxis
3129 1490 3193 1544 et
3249 1481 3454 1563 spinis
3512 1478 3707 1563 plena
3766 1480 4133 1566 ambulans,
4192 1489 4261 1547 et

2314 1570 2508 1653 plena
2551 1568 2763 1646 fossis,
2824 1566 3073 1645 rivulis,
3135 1574 3249 1631 aut
3309 1565 3604 1640 collibus,
3648 1567 3772 1632 iter
3816 1565 4253 1633 difficilimum

2314 1655 2670 1739 experitur,
2715 1661 2779 1718 et
2800 1652 3087 1717 maxime
3109 1649 3488 1732 taediosum,
3531 1651 3662 1717 imo
3697 1661 3764 1718 et
3796 1653 4253 1738 periculosum,

2313 1741 2483 1825 quod
2545 1741 2661 1806 vix
2713 1759 2976 1822 passum
3034 1758 3239 1802 unum
3300 1745 3417 1801 aut
3471 1736 3750 1803 alterum
3795 1738 3937 1804 sine
3979 1738 4255 1823 impedi-

2313 1836 2534 1891 mento
2576 1823 3078 1910 progrediamur
3120 1832 3189 1888 et
3232 1823 3373 1888 eine
3420 1823 3592 1889 vitae
3637 1824 3945 1907 periculo.
4004 1825 4256 1890 Eadem

2313 1913 2517 1996 igitur
2553 1912 2722 1977 ratio
2766 1920 2867 1975 est
2912 1910 3085 1974 vitae
3129 1908 3511 1991 praesentis,
3554 1910 3625 1975 in
3671 1931 3799 1993 qua
3842 1910 4087 1976 multae
4130 1909 4257 1976 dif-

2313 1997 2661 2075 ficultates,
2705 1995 2914 2061 multa
2956 1994 3350 2061 offendicula
3393 2016 3534 2060 sese
3579 1996 3886 2077 offerunt,
3946 2006 4021 2061 ut
4061 1996 4257 2061 modo

2314 2083 2396 2150 ad
2423 2082 2705 2167 lapidem
2730 2080 3143 2146 offendamus
3176 2080 3371 2146 modo
3407 2102 3445 2146 a
3481 2081 3589 2146 via
3632 2081 4025 2160 aberremus,
4061 2080 4257 2147 modo

2315 2178 2504 2234 tanta
2549 2167 3013 2254 defatigatione
3056 2165 3451 2246 laboremus,
3508 2179 3581 2232 ut
3639 2168 3751 2233 vix
3796 2187 3987 2234 crura
4032 2167 4255 2233 traha-

2314 2276 2484 2339 mus,
2528 2253 2805 2336 ideoque
2848 2262 3092 2336 quanto
3133 2251 3387 2319 facilior
3431 2253 3653 2335 lapsus
3696 2263 3817 2330 est,
3879 2263 4062 2318 tanto
4108 2252 4255 2317 dili·

2399 2341 2579 2407 ntius
2622 2339 2917 2407 doctrina
2963 2338 3077 2403 illa
3113 2337 3307 2404 Pauli
3351 2338 3729 2404 meditanda
3772 2349 3889 2418 est,
3935 2348 4008 2404 ut
4052 2337 4107 2404 si
4147 2338 4257 2403 ho-

2359 2427 2420 2492 ie
2480 2437 2765 2505 stamus,
2831 2422 3045 2490 Deum
3105 2444 3453 2507 precemur
3509 2444 3593 2490 ne
3639 2445 3759 2491 nos
3804 2423 4079 2503 deserat,
4140 2423 4253 2489 sed

2314 2534 2514 2578 manu
2550 2533 2670 2579 sua
2693 2508 2987 2587 deducat,
3032 2518 3098 2573 et
3142 2509 3460 2577 adversus
3503 2511 3724 2576 omnia
3780 2510 4253 2593 impedimenta

2314 2607 2380 2663 et
2422 2619 2650 2664 omnes
2695 2597 3089 2663 tentationes
3132 2597 3478 2662 confirmet
3535 2606 3601 2661 et
3642 2597 3914 2676 muniat,
3972 2617 4249 2679 eamque

2315 2681 2877 2767 perseverantiam
2892 2680 3231 2767 largiatur,
3265 2690 3337 2747 ut
3367 2681 3476 2765 qui
3509 2681 3879 2748 hodiebene
3894 2684 4248 2765 coepimus,

2314 2790 2459 2835 cras
2504 2789 3030 2855 perseveremus,
3099 2766 3306 2833 donec
3352 2767 3552 2833 huius
3617 2768 3795 2834 vitae
3859 2768 4252 2832 curriculum

2314 2855 2817 2922 decurrerimus.
2904 2853 3192 2937 Ideoque
3233 2853 3429 2918 etiam
3474 2852 3755 2919 Davidis
3811 2853 3988 2920 istud
4032 2874 4253 2919 exem-

2309 2941 2494 3025 plum
2530 2938 3010 3007 observandum
3048 2949 3147 3005 est
3181 2938 3369 3005 ouius
3412 2939 3564 3004 licet
3607 2939 3809 3004 animi
3853 2939 4251 3016 facilitatem,

2312 3038 2381 3092 et
2447 3027 2849 3113 singularem
2920 3024 3302 3109 patientiam
3362 3023 3758 3103 viderimus,
3825 3035 3891 3090 et
3949 3023 4253 3107 deinceps

2312 3115 2505 3179 etiam
2548 3111 2773 3181 .visuri
2831 3110 3053 3192 simus,
3109 3119 3328 3176 tamen
3377 3117 3716 3192 tantopere
3757 3110 4093 3176 irritatum
4140 3129 4254 3193 ap·

2312 3209 2516 3282 paret,
2585 3207 2659 3264 ut
2702 3195 3019 3264 adversus
3073 3195 3390 3261 Nabalem
3437 3194 3881 3274 excanduerit,
3930 3196 4107 3261 illius
4151 3195 4252 3260 in·

2310 3285 2498 3349 iuriis
2565 3293 2989 3368 provocatus,
3070 3281 3231 3347 adeo
3308 3280 3572 3366 quidem
3650 3290 3726 3348 ut
3790 3280 4059 3347 modum
4117 3301 4249 3347 non

2312 3371 2616 3436 tenuerit.
2660 3368 2880 3453 Atque
2898 3368 3035 3450 ille,
3081 3369 3304 3444 fateor,
3350 3388 3390 3433 a
3410 3367 3663 3434 Nabale
3706 3366 3921 3433 fuerat
3966 3378 4041 3431 tu
4124 3367 4253 3431 iter

2309 3455 2669 3536 lacessitus,
2728 3477 2860 3521 uon
2919 3461 3175 3519 tantum
3234 3465 3579 3520 recusante
3637 3452 3736 3518 illi
3782 3474 4024 3538 panem
4116 3472 4252 3531 are,

2309 3541 2423 3608 sed
2491 3542 2690 3607 etiam
2736 3541 3038 3626 gravium
3083 3538 3435 3606 criminum
3492 3548 3871 3619 accusante,
3934 3558 4252 3624 spemque

2308 3628 2515 3710 ipsius
2558 3626 2640 3693 de
2682 3645 2960 3693 coronae
3003 3625 3327 3711 dignitate
3368 3623 3794 3691 exsibilante:
3854 3643 3931 3692 ao
3974 3622 4253 3708 proinde

2310 3733 2438 3778 non
2497 3723 2756 3778 tantum
2799 3710 3129 3777 Davidem
3188 3709 3552 3790 reiiciente,
3607 3709 3719 3776 sed
3771 3712 3791 3775 i
3839 3731 3986 3777 sum
4032 3710 4246 3776 Deum

2307 3799 2494 3884 gravi
2540 3797 2942 3882 blasphemia
2984 3796 3301 3862 laedente.
3358 3795 3640 3880 Ideoque
3683 3796 3788 3862 Na
3833 3796 3892 3861 al
3940 3797 4243 3861 omnibus

2309 3883 2518 3950 modis
2554 3882 3128 3968 reprehendendus
3174 3893 3293 3962 eet,
3335 3880 3451 3947 sed
3496 3881 3819 3965 quomodo
3864 3882 3994 3948 huc
4038 3901 4242 3964 usque

2309 3969 2574 4036 devenit
2631 3969 3004 4035 iracundiae
3045 3965 3285 4042 David,
3344 3979 3422 4031 ut
3480 3978 3761 4034 mortem
3824 3967 3947 4052 ipsi
3994 3968 4244 4050 totique

2305 4055 2595 4122 familiae
2639 4052 3022 4121 minitetur?
3091 4052 3343 4137 Capitis
3385 4053 3562 4118 enim
3608 4053 3926 4139 supplicio
3971 4050 4241 4135 dignum

2307 4141 2464 4207 dicit
2507 4163 2658 4206 eum
2703 4141 2818 4225 qui
2860 4138 3085 4206 leviori
3129 4159 3340 4222 poena
3383 4149 3641 4222 poterat
3681 4140 3922 4224 puniri,
3991 4145 4108 4201 aut
4164 4136 4245 4203 de

2304 4226 2577 4295 audacia
2632 4247 2849 4292 coram
2909 4226 2988 4292 ab
3039 4225 3183 4307 ipso
3235 4222 3497 4291 Davide
3554 4223 3982 4309 reprehendi:
4045 4231 4120 4287 ut
4177 4233 4242 4287 et

2306 4332 2440 4379 non
2465 4321 2723 4379 tantum
2751 4312 2870 4378 soli
2908 4331 3018 4377 reo
3052 4319 3121 4375 et
3162 4311 3334 4375 sonti
3378 4324 3673 4388 mortem,
3718 4309 3829 4375 sed
3878 4310 3996 4374 toti
4033 4308 4241 4392 ipsius

2305 4398 2590 4466 familiae
2629 4399 2919 4463 minetur
2955 4417 3159 4480 usque
3196 4395 3278 4462 ad
3314 4397 3723 4481 mingentem
3760 4395 3842 4461 ad
3890 4396 4244 4480 parietem:

2306 4485 2431 4552 Est
2488 4493 2712 4551 autem
2768 4483 2932 4549 haec
2986 4482 3247 4567 phrasis
3291 4481 3612 4562 hebraica,
3677 4502 3806 4564 qua
3849 4501 3924 4546 su
3974 4480 4239 4564 plicium

2304 4570 2729 4657 irrogandum
2798 4568 3116 4635 denotant
3181 4589 3312 4634 non
3374 4576 3627 4633 tantum
3679 4565 3917 4651 quibus
3963 4587 4067 4631 am
4125 4564 4238 4632 sed

2304 4657 2612 4723 omnibus
2669 4655 3169 4722 domesticorum
3232 4652 3526 4732 alicuius,
3588 4661 3664 4717 ut
3706 4673 3782 4718 eo
3831 4662 3966 4718 tam
4012 4650 4237 4735 magni

2305 4763 2501 4827 quam
2569 4741 2755 4826 parvi
2811 4737 3484 4824 comprehendantur,
3543 4737 3713 4821 quod
3781 4738 3861 4804 ad
3921 4738 4240 4821 parietem

2306 4829 2606 4912 mingere
2678 4827 2928 4893 soleant
2994 4825 3312 4891 homines.
3413 4821 3631 4888 David
3693 4824 3899 4909 igitur
3954 4825 4245 4892 minatur

2311 4936 2381 4981 se
2405 4913 2659 4980 nullum
2686 4933 2931 4978 marem
2952 4909 3365 4995 superstitem
3398 4908 3800 4978 relicturum.
3838 4908 4017 4995 Quid
4042 4905 4243 4991 ergo?

2310 5021 2394 5065 an
2451 5000 2544 5065 rei
2604 5009 2789 5064 erant
2844 4998 3042 5064 etiam
3094 4995 3414 5075 infantes,
3483 5007 3550 5060 et
3608 4995 3842 5068 famuli
3900 4989 4246 5062 absentes?

2308 5083 2421 5151 An
2479 5086 2536 5151 si
2592 5083 2803 5150 Nabal
2863 5083 3174 5148 adversus
3230 5078 3553 5146 Davidem
3618 5088 3955 5165 pacavit,
4004 5085 4104 5140 tot
4155 5077 4259 5137 in·-

2304 5179 2525 5239 sontes
2605 5169 2900 5236 homines
2977 5168 3056 5233 ad
3136 5165 3488 5252 imaginem
3558 5169 3685 5236 Dei
3779 5166 4011 5266 (21⁸0ssss
4077 5163 4285 5220 1110stss
