5059 6059
748 308 881 379 583

753 510 949 567 tanta
989 499 1300 585 superbia
1341 507 1409 564 et
1452 500 1846 582 arrogantia
1881 497 2199 566 adversus
2231 500 2450 581 ipsum
2497 500 2721 564 ferun·

2418 308 2838 378 HommA
2890 304 3148 373 xclv.

4629 304 4730 369 584

2831 498 2957 562 boc
2982 495 3188 577 ipsius
3215 493 3525 559 beneficio
3560 494 4119 576 conquiescentes,
4163 491 4335 576 quod
4370 494 4440 557 in
4474 493 4730 575 populum

756 598 891 665 tur,
938 594 1003 651 et
1047 605 1250 669 supra
1290 584 1506 649 nubes
1567 605 1716 649 sese
1771 584 2141 664 efferentes,
2206 596 2274 650 et
2336 585 2407 648 in
2467 584 2721 650 coelum
2828 601 3020 649 suum
3063 600 3181 644 nos
3226 577 3514 657 admisit,
3561 590 3629 644 et
3673 591 3989 661 tanquam
4034 579 4206 643 filios
4249 599 4474 645 amore
4514 590 4736 661 paterno

757 681 1195 754 conspuentes
1277 680 1597 753 perpetuo
1669 669 1988 736 dedecore
2054 680 2121 733 et
2190 670 2556 753 ignominia
2625 673 2725 735 in·
2829 665 3313 750 complectitur.

757 757 1005 822 volvat.

933 841 1137 925 Agite
1206 839 1417 924 igitur
1477 840 1807 906 Davidem
1878 841 1974 907 sio
2031 843 2403 925 imitemur,
2460 851 2536 904 ut
2593 839 2723 906 Dei

757 947 1002 993 nomen
1057 944 1181 1009 pro
1236 940 1423 990 scuto
1481 925 1863 991 firmissimo
1908 928 2313 992 retineamus
2356 939 2421 991 et
2464 947 2542 991 eo
2585 927 2726 990 solo

758 1014 913 1078 freti
974 1014 1382 1085 invocemus,
1443 1011 1998 1093 quemadmodum
2043 1013 2176 1077 alio
2218 1013 2361 1078 loco
2401 1013 2726 1095 propheta

758 1098 971 1164 canit:
1020 1096 1271 1162 Hostes
1308 1098 1516 1160 nostri
1552 1096 1851 1162 fidebant
1875 1099 2014 1164 suis
2057 1098 2379 1169 curribus.
2425 1100 2613 1179 equis
2656 1105 2728 1162 et

759 1184 1027 1259 lanceis,
1087 1183 1205 1248 sed
1252 1201 1373 1246 nos
1414 1181 1547 1247 Dei
1590 1201 1834 1248 nomen
1877 1184 2349 1250 invocabimus.
2440 1183 2725 1247 Verum-

761 1269 1103 1335 enimvero
1127 1266 1485 1332 Paulinum
1508 1267 1672 1332 illud
1709 1271 1907 1334 etiam
1945 1280 2362 1353 praeceptum
2408 1269 2726 1335 memoria

761 1371 1080 1420 revocare
1123 1372 1249 1417 nos
1289 1362 1592 1434 oportet:
1639 1353 2037 1437 Quicunque
2082 1356 2208 1421 Dei
2254 1373 2492 1418 nomen
2539 1354 2726 1418 invo-

761 1439 1032 1514 caverit,
1077 1438 1342 1503 recedat
1375 1439 1459 1503 ab
1493 1439 1858 1521 iniquitate.
1918 1438 2361 1521 Quamobrem
2408 1439 2726 1521 improbis

760 1525 1144 1591 hominibus
1199 1525 1274 1587 in
1334 1534 1633 1589 nostram
1686 1528 2045 1608 perniciem
2105 1527 2484 1608 coniuratis,
2548 1526 2727 1589 hunc

761 1612 1070 1694 clypeum
1113 1628 1543 1692 opponamus,
1600 1611 1930 1677 sincerum
1977 1610 2107 1677 Dei
2152 1611 2424 1695 cultum,
2470 1623 2539 1675 et
2579 1611 2726 1676 obe·

764 1696 1079 1761 dientiam
1147 1695 1589 1760 voluntariam
1658 1716 1854 1780 quam
1913 1696 2116 1763 verbo
2174 1717 2293 1762 suo
2349 1696 2632 1779 requirit
2687 1715 2728 1760 a

761 1782 986 1846 nobis:
1045 1801 1178 1863 quo
1235 1781 1464 1863 clypeo
1518 1781 1674 1847 freti
1734 1804 1964 1849 omnes
2024 1784 2316 1847 omnium
2377 1784 2723 1848 bominum

761 1870 967 1941 vires,
1028 1885 1240 1931 vanas
1282 1867 1795 1949 speculationes,
1857 1868 2147 1947 consilia,
2205 1867 2727 1933 machinationes

760 1952 1075 2018 audacter
1130 1951 1590 2034 despiciamus,
1646 1954 1944 2037 persuasi
1989 1956 2210 2021 Deum
2266 1974 2497 2019 omnes
2549 1974 2724 2018 arro-

758 2050 997 2122 gantes
1032 2046 1101 2101 et
1143 2038 1429 2102 nominis
1473 2038 1575 2103 sui
1624 2051 2110 2124 contemptores
2153 2049 2489 2104 momento
2532 2058 2726 2122 posse

759 2123 1141 2189 deturbare:
1200 2135 1271 2189 et
1314 2124 1624 2205 quoniam
1667 2125 1797 2190 Dei
1841 2146 2084 2191 nomen
2128 2145 2328 2207 super
2370 2145 2490 2190 nos
2532 2125 2728 2188 invo-

758 2219 981 2274 catum
1039 2210 1306 2293 scimus,
1365 2230 1642 2293 eamque
1702 2213 1785 2277 ab
1826 2213 1973 2294 ipso
2019 2210 2299 2295 gratiam
2342 2211 2725 2292 consequuti

760 2313 994 2360 sumus
1035 2303 1115 2359 ut
1156 2294 1361 2359 verbo
1405 2295 1619 2379 ipsius
1665 2296 2064 2375 erudiamur,
2110 2315 2239 2385 quo
2284 2296 2473 2381 signo
2517 2297 2726 2361 simus

760 2379 845 2445 de
901 2382 1111 2462 ipsius
1170 2382 1549 2462 praesentia
1590 2384 1920 2462 certiores,
1974 2392 2041 2447 et
2084 2383 2165 2446 de
2208 2382 2411 2464 ipsius
2457 2400 2614 2446 cura
2657 2393 2728 2446 et

762 2465 1209 2530 sollicitudine
1253 2485 1386 2548 qua
1410 2487 1530 2532 nos
1565 2470 1854 2552 protegit
1896 2478 1964 2533 et
2008 2478 2229 2552 partes
2271 2477 2538 2532 nostras
2582 2478 2726 2533 tue·

760 2564 894 2628 tur,
957 2549 1119 2615 haec
1175 2563 1318 2614 esto
1376 2563 1605 2618 nostra
1663 2554 1924 2634 fiducia,
1969 2555 2092 2619 boc
2137 2553 2723 2637 propugnaculum,

761 2654 894 2718 quo
916 2635 1149 2700 invicti
1172 2637 1418 2702 efimus
1464 2650 1532 2702 et
1573 2638 1646 2702 in
1688 2639 1924 2704 mediis
1969 2639 2437 2705 tentationibus
2479 2640 2725 2720 imper·

760 2719 980 2787 territi
1013 2723 1232 2803 ipsum
1264 2721 1616 2801 diabolum,
1662 2723 2007 2803 mundum,
2049 2734 2391 2808 peccatum
2427 2733 2494 2789 et
2537 2723 2725 2807 quid-

759 2805 919 2890 quid
963 2808 1157 2871 nobis
1201 2809 1606 2873 contrarium
1650 2821 1752 2875 est
1796 2811 2247 2895 despiciemus,
2292 2821 2365 2875 et
2408 2818 2724 2893 tanquam

759 2894 955 2959 victis
1012 2891 1510 2973 insultabimus,
1582 2893 1861 2979 Deoque
1914 2896 2240 2963 sacrificia
2296 2894 2523 2962 laudis.
2561 2896 2724 2960 offe-

755 2996 1005 3054 remus,
1049 2998 1170 3043 nos
1192 2977 1277 3042 ad
1300 2978 1512 3062 ipsius
1550 2980 1960 3047 voluntatem
2004 2991 2073 3047 et
2115 2982 2498 3063 obsequium
2544 3000 2724 3047 com-

758 3075 1120 3146 ponentes:
1178 3075 1246 3127 et
1305 3066 1638 3147 patienter
1680 3070 2053 3150 quicunque
2095 3086 2285 3132 casus
2328 3067 2724 3150 ingruerint,

756 3151 1015 3215 exitum
1037 3159 1521 3231 exspectantes.
1565 3151 1737 3218 Nam
1758 3153 2079 3218 memoria
2091 3154 2520 3234 repetendum
2538 3151 2726 3235 illud,

764 3235 839 3300 in
877 3253 997 3317 spe
1035 3244 1107 3298 et
1138 3234 1404 3301 silentio
1448 3237 1874 3320 possidendas
1918 3238 2174 3304 animas
2218 3248 2498 3304 nostras.
2565 3237 2723 3305 Istis

758 3322 968 3405 igitur
1042 3320 1247 3384 armis
1319 3323 1568 3388 erimus
1625 3326 1975 3399 tutissimi,
2045 3335 2112 3389 et
2166 3323 2374 3389 nullis
2429 3345 2725 3407 unquam

762 3407 1057 3471 hostium
1112 3407 1460 3473 conatibus
1505 3429 1546 3473 a
1580 3410 1913 3493 proposito
1958 3409 2281 3475 dimoveri
2327 3411 2724 3492 poterimus:

758 3504 828 3556 et
848 3492 1035 3556 Deus
1074 3489 1409 3557 brachium
1444 3513 1638 3558 suum
1677 3507 1940 3560 exseret
1972 3494 2056 3559 ad
2095 3513 2220 3560 nos
2261 3495 2725 3591 protegendos,

759 3577 819 3642 si
876 3577 945 3639 in
1003 3575 1213 3658 ipsius
1270 3579 1582 3662 obsequio
1635 3595 2132 3664 permanentes,
2198 3581 2368 3646 nihil
2435 3602 2477 3646 a
2534 3581 2725 3648 nobis

762 3661 929 3744 ipsis
988 3663 1130 3757 ausi
1167 3662 1508 3742 fuerimus,
1569 3677 2075 3749 nostrarumque
2117 3686 2387 3750 precum
2433 3667 2721 3733 fructum

760 3746 1218 3830 percipiemus,
1277 3751 1472 3815 modo
1531 3751 1601 3816 in
1645 3772 1764 3836 spe
1805 3764 1876 3818 et
1917 3751 2183 3817 silentio
2228 3750 2356 3816 Dei
2400 3752 2720 3817 auxilium

759 3831 1261 3916 praestolemur,
1305 3844 1375 3898 et
1416 3855 1853 3922 quaecunque
1896 3847 2322 3919 tempestates
2365 3836 2525 3903 hinc
2567 3839 2722 3905 inde

762 3919 1172 3995 exoriantur,
1236 3939 1580 4002 nunquam
1636 3924 1929 3987 animum
1988 3920 2551 4005 despondeamus:
2604 3923 2721 3989 sed

760 4007 837 4072 in
892 4004 1279 4068 memoriam
1340 4004 1733 4073 reducentes
1787 4027 1981 4092 quam
2040 4007 2445 4074 admirandis
2504 4010 2721 4075 modis

759 4108 956 4172 saepe
1013 4108 1133 4153 nos
1190 4099 1445 4155 tutatus
1488 4105 1608 4170 est,
1667 4113 1814 4158 eum
1859 4094 1931 4158 in
1978 4096 2309 4176 praesenti
2352 4113 2474 4159 nos
2517 4096 2717 4160 etiam

759 4175 1038 4243 minime
1059 4173 1460 4240 reiecturum
1483 4197 1850 4260 speremus:
1896 4182 2012 4245 sed
2049 4178 2531 4245 misericordias
2567 4200 2722 4247 suas

760 4275 831 4329 et
850 4261 1025 4324 vires
1045 4279 1277 4326 omnes
1313 4261 1812 4343 explicaturum,
1858 4278 1932 4329 ut
1967 4264 2516 4346 quemadmodum
2563 4267 2720 4331 olim

761 4346 1108 4414 ecclesiam
1168 4366 1354 4411 suam
1375 4393 1390 4421 ,
1448 4350 1541 4412 sic
1595 4363 1661 4413 et
1718 4369 1842 4414 nos
1900 4369 1983 4413 ex
2043 4350 2350 4416 omnibus
2408 4351 2720 4432 periculis

761 4436 1033 4500 eximat.
1080 4428 1308 4510 Quare
1342 4435 1541 4516 agite,
1585 4435 1731 4500 Deo
1777 4433 2030 4519 placide
2073 4456 2193 4500 nos
2235 4436 2719 4517 submittamus,

759 4534 827 4585 et
887 4518 1043 4599 iugo
1101 4518 1312 4600 ipsius
1356 4518 1525 4583 colla
1569 4521 2012 4596 subiiciamus,
2068 4529 2136 4586 et
2176 4520 2482 4586 omnibus
2527 4525 2717 4588 vanis

760 4601 1267 4689 cogitationibus
1326 4616 1394 4666 et
1453 4606 1764 4671 humanis
1806 4606 2097 4671 inventis
2140 4607 2420 4687 reiectis,
2479 4607 2718 4689 quibus

758 4710 885 4756 nos
922 4706 1114 4769 posse
1159 4687 1447 4754 hostium
1492 4691 1628 4755 vim
1675 4690 2062 4773 propulsare
2104 4693 2500 4770 videremur,
2547 4693 2716 4758 nihil

757 4774 952 4841 nobis
1011 4774 1387 4840 defuturum
1444 4776 1734 4842 sciamus
1792 4796 1996 4859 quum
2050 4797 2089 4842 a
2132 4777 2374 4843 nostris
2416 4778 2719 4861 partibus

760 4860 950 4927 Deus
981 4863 1260 4937 steterit,
1305 4881 1591 4944 eumque
1634 4876 2042 4929 servatorem
2087 4875 2381 4928 nostrum
2428 4884 2715 4946 agnove-

759 4948 992 5011 rimus.
1059 4941 1390 5013 Omnibus
1433 4951 1659 5029 itaque
1701 4945 1955 5019 viribus
1997 4952 2184 5030 sequi
2229 4959 2570 5014 vocantem
2616 4952 2715 5014 ni·-

759 5042 1015 5109 tamur,
1090 5045 1159 5095 et
1223 5032 1609 5097 ardentibus
1675 5030 1976 5115 precibus
2042 5033 2346 5115 spiritum
2412 5049 2715 5100 sanctum

755 5118 971 5200 ipsius
1028 5115 1173 5180 dari
1233 5118 1424 5183 nobis
1482 5119 1898 5202 postulemus
1956 5136 2087 5201 quo
2146 5119 2313 5183 duce
2364 5140 2484 5202 per
2526 5125 2716 5186 varia

3004 751 3145 816 Iam
3192 767 3356 814 vero
3398 750 3594 832 agite,
3633 756 3737 817 ete.

3389 1097 3641 1181 HOM
3656 1098 3678 1176 l
3698 1096 3876 1177 LIA
3934 1095 4226 1178 XCIV.

3005 1266 3066 1333 7.
3134 1267 3448 1334 Venerunt
3498 1284 3643 1349 erqo
3685 1264 3908 1332 David
3962 1268 4019 1329 et
4057 1263 4295 1330 Abisai
4351 1262 4743 1344 adpopulaae·

2828 1357 3018 1435 nocte,
3079 1358 3138 1419 et
3190 1349 4111 1417 invenemntSauliacentem
4165 1348 4746 1416 etdmnientemin

2827 1439 3108 1518 tentoriO,
3174 1445 3233 1504 et
3294 1439 3543 1504 hastam
3600 1437 3805 1518 Mam
3865 1439 3939 1502 in
4000 1441 4176 1502 terra
4240 1435 4745 1516 camputtam,

2830 1525 3050 1591 Abner
3090 1530 3299 1590 autem
3339 1528 3398 1589 et
3428 1524 3739 1605 populum
3777 1523 4159 1588 domimus
4196 1523 4270 1586 in
4311 1521 4589 1586 circuitu
4623 1522 4746 1585 eun.

2831 1610 2893 1677 8.
2938 1609 3253 1692 Dixitque
3285 1609 3522 1676 Abisai
3565 1610 3654 1674 od
3684 1607 3941 1674 David.-
3988 1606 4308 1675 conclusit
4341 1606 4534 1673 Deus
4571 1606 4747 1669 nuni·

2811 1688 2968 1762 'eum
3005 1701 3184 1761 tuum
3217 1694 3398 1761 hodie
3438 1695 3509 1759 in
3550 1714 3787 1759 monus
3827 1700 4010 1760 tuos.-
4046 1712 4211 1758 nune
4248 1712 4397 1776 erqo
4426 1691 4748 1775 perfodiant

2828 1801 2969 1847 eum
3025 1782 3240 1848 lancea
3297 1778 4746 1859 interrosemel,etsecundoopusnouait.

2828 1868 2890 1933 9.
2934 1866 3026 1934 Et
3080 1867 3250 1932 dixit
3303 1865 3529 1933 Dav-id
3585 1866 3673 1931 od
3729 1865 3995 1931 Abi-sai.-
4053 1865 4155 1930 Ne
4210 1862 4567 1945 utta-ficies
4614 1882 4749 1927 am:

2827 1954 2974 2036 Quis
3015 1953 3184 2018 enim
3225 1953 3503 2018 extendet
3541 1971 3803 2017 manunt
3833 1970 4020 2015 suom
4052 1953 4126 2015 in
4151 1947 4485 2015 Christum
4506 1948 4750 2025 Domini,

2825 2043 2886 2104 et
2916 2040 3211 2104 innocens
3251 2037 3423 2103 erit?
3472 2036 3573 2103 10.
3618 2035 3710 2102 R
3747 2036 4193 2103 dioeitDovid:
4254 2033 4751 2114 VivitDmm,

2826 2125 2985 2206 quia
3027 2124 3161 2189 nisi
3179 2123 3501 2189 Dominus
3532 2124 3920 2206 percusserit
3962 2142 4122 2198 eunt,
4159 2125 4273 2186 mat
4312 2120 4462 2185 dies
4505 2120 4640 2185 eius
4672 2138 4752 2181 oe-

2826 2209 3433 2287 neritutmoriotur,
3476 2209 3697 2273 autin
3725 2208 4057 2289 praelium
4095 2206 4479 2273 descendens
4511 2204 4751 2288 perierit.

2832 2296 2934 2360 11.
2958 2293 3295 2376 Propitius
3333 2295 3419 2359 sit
3459 2294 3620 2358 mihi
3658 2293 3996 2372 Dominus,
4035 2313 4112 2357 ne
4151 2292 4491 2357 madum
4530 2306 4752 2356 atam

2826 2400 3031 2447 mean·
3071 2384 3143 2445 in
3185 2379 3506 2447 Christum
3543 2379 3809 2446 Domini
3822 2403 3843 2444 .-
3881 2397 4047 2443 nune
4085 2380 4293 2461 iyitur
4330 2377 4484 2442 tolle
4524 2376 4751 2451 Restm,

2827 2466 3630 2548 quoesstodcaputeius,
3674 2464 4073 2547 etscyphum
4114 2483 4321 2545 aquae
4363 2468 4429 2527 et
4472 2462 4752 2527 abeamus.

2832 2552 2936 2618 12.
2966 2552 3144 2617 Tulit
3183 2552 3384 2635 iyitur
3403 2549 3627 2616 David
3670 2549 3935 2625 hodani,
3980 2555 4038 2615 et
4076 2547 4391 2632 scyphum
4432 2568 4636 2630 aquae
4669 2546 4754 2628 qui

2828 2638 3287 2720 eratadoaput
3323 2635 3504 2717 Saul,
3545 2641 3604 2701 et
3643 2634 3968 2701 abierunt.-
4009 2640 4067 2700 et
4104 2656 4227 2700 non
4269 2638 4417 2699 erat
4456 2635 4754 2714 quisquo·

2828 2725 2942 2807 qui
2996 2723 3265 2803 videret,
3320 2727 3377 2787 et
3428 2721 3797 2805 intelliyeret
3812 2772 3829 2802 ,
3885 2727 3944 2787 et
3989 2720 4314 2805 eviqilaret
4328 2744 4348 2784 .-
4411 2719 4528 2785 sed
4583 2736 4755 2783 om

2827 2809 3228 2882 domiebont,
3271 2808 3428 2890 quia
3469 2826 3659 2889 sopor
3698 2808 3983 2873 irruerat
4012 2827 4208 2890 super
4239 2825 4366 2871 eos.
4417 2805 4524 2871 13.
4561 2805 4756 2885 Quum-

2827 2915 2947 2978 que
2987 2895 3321 2960 transisset
3358 2891 3577 2958 David
3608 2913 3687 2958 m:
3717 2894 3995 2977 adverso,
4041 2898 4098 2957 et
4137 2892 4418 2958 stetisset
4458 2892 4534 2957 in
4572 2889 4756 2954 versa

2825 2981 3059 3047 montis
3090 2980 3168 3046 de
3204 2980 3397 3063 lonye,
3443 2985 3499 3043 et
3531 2983 3689 3044 esset
3725 2979 3969 3062 grande
4008 2978 4424 3043 irttervollum
4470 2977 4628 3041 inter
4662 2992 4753 3047 ωε,

2832 3067 2933 3133 14.
2982 3064 3298 3132 Clamavit
3338 3064 3561 3132 David
3602 3067 3689 3130 od
3720 3063 4047 3147 populum,
4091 3069 4150 3128 et
4190 3065 4277 3128 od
4319 3062 4550 3127 Abner
4582 3059 4755 3141 filiun·

2831 3152 2991 3237 Ner,
3033 3152 3278 3217 dicens.-
3323 3151 3549 3216 Nonne
3579 3148 4271 3231 respondebisAbner?
4315 3155 4382 3214 et
4414 3147 4756 3228 respondeo

2830 3237 3055 3304 Abner
3078 3239 3203 3302 ait.-
3253 3237 3412 3318 Quis
3443 3241 3605 3301 estu
3644 3236 4038 3318 quictamus
4074 3240 4137 3299 et
4175 3236 4504 3315 inquietas
4540 3227 4752 3327 requi?

2831 3325 2935 3389 15.
2993 3321 3086 3388 Et
3155 3323 3250 3389 ait
3307 3322 3531 3389 David
3605 3322 3693 3388 ad
3757 3320 4008 3386 Abner:
4081 3320 4428 3401 Numquid
4504 3338 4622 3383 non
4673 3335 4755 3379 mr

2828 3415 2897 3474 tu
2948 3408 3067 3476 es?
3132 3415 3189 3473 et
3246 3409 3395 3491 quis
3451 3406 3625 3473 alius
3662 3408 3898 3473 similis
3944 3407 4043 3472 tui
4093 3410 4168 3471 in
4210 3404 4487 3471 Israel?
4582 3402 4756 3485 Quare

2826 3515 2972 3579 eryo
3050 3513 3181 3558 non
3258 3493 3583 3561 custodisti
3661 3494 3985 3559 dominum
4061 3499 4242 3557 tuum
4305 3490 4574 3574 repen?
4663 3486 4754 3551 Iu·

2821 3599 3082 3666 gressus
3180 3573 4756 3654 estenimumtsdeturbautinterfiemt

2823 3685 3033 3749 reyem
3073 3665 3400 3732 dominum
3442 3670 3636 3730 tuum.
3735 3665 3826 3730 16.
3876 3663 4022 3729 Non
4063 3669 4156 3729 est
4195 3663 4436 3727 bonum
4475 3660 4586 3727 hoc
4621 3655 4754 3743 quod

2821 3752 3062 3835 fecisti.-
3137 3751 3295 3816 vivit
3359 3750 3681 3816 Dominus
3753 3750 4052 3832 quoniam
4126 3749 4254 3831 filii
4327 3747 4564 3812 mortis
4633 3746 4755 3808 ees

2821 3838 3127 3989 tat?
3180 3836 3739 3988 w..“³‘⁰;¹⁶:‘÷·2.12
3774 3835 4288 3985 wammam
4308 3853 4507 4001 '‘tm''
4456 3828 4756 3979 ,0³⁵³de

2821 4010 2911 4158 22⁶..
2950 3943 3639 4159 &enema
3651 4007 3918 4158 33:⁶3
3958 4011 4173 4156 τῇ.
4190 4022 4598 4171 Ἥ...

2821 4199 2942 4279 nofe
2985 4185 3122 4278 tua,
3155 4180 3256 4260 fili
3297 4140 4250 4343 ηιῖὃῦαέϊίάἓᾱῌῶἒέαοῗᾶω
4285 4174 4429 4241 Vox
4469 4170 4744 4270 meta-do·

2819 4284 2996 4502 Ξὲπαί
3027 4282 4008 4500 ΐένεὲῗῶἅζναξενζυᾷιρεαυωὲ
4051 4347 4211 4428 quid
4237 4343 4446 4429 feeit?
4489 4337 4746 4426 auem

2996 4606 3476 4688 Explicandam
3503 4604 3925 4689 aggredimur
3966 4604 4242 4670 alteram
4288 4603 4482 4668 illam
4528 4610 4740 4684 partem

2819 4714 3016 4776 quam
3077 4691 3223 4759 heri
3282 4691 3641 4774 attigimus,
3697 4710 3934 4773 nempe
4032 4688 4316 4755 uomodo
4360 4685 4585 4753 David
4631 4702 4741 4747 soes

2821 4779 3099 4863 gesserit
3165 4795 3367 4859 quum
3437 4776 3893 4858 opportunitas
3956 4776 3981 4839 i
4035 4778 4059 4840 i
4118 4773 4444 4840 caedendi
4512 4768 4737 4839 Saulem

2821 4864 3040 4928 oblata
3083 4876 3204 4929 est.
3287 4861 3632 4926 Abstinuit
3675 4861 3785 4926 ille
3828 4881 4067 4926 manus
4109 4860 4412 4943 polluere
4455 4857 4740 4940 sanguine

2818 4948 3043 5015 Saulis
3100 4948 3329 5013 horam
3383 4947 3710 5031 patienter
3750 4960 4137 5029 exspectans
4182 4966 4224 5010 a
4267 4945 4419 5010 Deo
4463 4954 4740 5010 consutu-

2820 5045 2991 5101 tam:
3053 5035 3329 5116 ideoque
3373 5054 3587 5114 neque
3629 5030 3713 5096 ad
3762 5032 4085 5114 dextram,
4130 5051 4349 5113 neque
4396 5030 4484 5095 ad
4523 5028 4738 5093 laevam

2822 5120 3119 5185 deflexit:
3179 5120 3295 5183 sed
3353 5119 3425 5183 in
3470 5118 3613 5183 Deo
3671 5138 3854 5200 spem
3900 5130 4105 5183 totam
4153 5118 4483 5198 reposuit:
4527 5116 4738 5180 intem

751 5221 981 5268 rerum
1017 5200 1395 5269 discrimina
1431 5204 1700 5269 tandem
1739 5203 1822 5268 ad
1844 5202 2065 5268 Deum
2111 5207 2598 5287 perveniamus,
2640 5209 2714 5271 in
2821 5217 3046 5271 tamen
3104 5205 3427 5271 adversus
3474 5202 3698 5271 Saulis
3757 5205 3894 5269 vim
3954 5223 4098 5269 sese
4137 5201 4379 5286 quibus
4420 5200 4625 5286 potuit
4657 5214 4734 5261 rs·
