5059 6059
298 304 403 370 341

293 492 562 559 salutare
616 495 717 554 est
772 489 1094 554 omnibus.
1193 488 1523 572 Equidem
1584 489 1757 555 hanc
1820 511 1961 555 esse
2023 491 2210 557 verbi

295 577 406 644 Dei
449 577 577 640 vim
612 575 941 657 propriam
985 594 1289 657 agnosco,
1336 587 1407 641 ut
1440 577 1723 641 salutem
1765 577 2052 641 adferat:
2097 574 2210 641 sed

293 662 444 728 idem
500 663 694 726 etiam
754 661 857 725 aio
920 682 1035 742 per
1092 661 1392 726 accidens
1453 662 1598 727 fieri
1651 663 1883 727 mortis
1925 662 2210 739 odorem,

292 763 348 813 et
399 749 459 811 in
521 769 840 811 venenum
916 749 1230 818 converti.
1313 747 1651 813 hominum
1714 761 1873 832 puta
1933 748 2088 813 vitio
2146 757 2213 812 et

291 834 537 900 malitia.
626 835 739 897 Sic
798 833 902 898 lex
954 832 1077 896 Dei
1143 832 1269 897 fuit
1324 836 1627 900 omnibus
1686 835 2014 900 aetatibus
2059 835 2206 900 doc·

290 922 445 984 trina
470 919 639 983 vitae
664 931 733 983 et
767 920 1030 984 salutis:
1078 920 1203 982 nisi
1252 918 1590 984 hominum
1638 933 1819 985 tanta
1863 931 2033 985 esset
2068 941 2211 1002 per-

289 1005 563 1083 versitas,
607 1017 916 1085 quantam
956 1004 1259 1070 omnibus
1293 1007 1571 1071 saeculis
1604 1006 2206 1071 animadvertimus,

287 1090 405 1159 Sed
446 1091 750 1173 quoniam
801 1105 1036 1155 natura
1081 1105 1305 1156 nostra
1349 1093 1610 1156 nonnisi
1655 1092 1735 1156 ad
1784 1093 2023 1157 malum
2063 1113 2208 1175 pro-

286 1179 468 1243 clives
530 1195 794 1241 sumus:
862 1189 927 1241 et
972 1188 1158 1240 tanta
1223 1187 1322 1241 est
1382 1189 1656 1242 naturae
1714 1177 2077 1257 hominum,
2144 1177 2206 1241 id

284 1280 390 1336 est,
454 1263 889 1326 humanorum
958 1261 1313 1327 affectuum
1375 1273 1441 1327 et
1498 1284 1814 1329 sensuum
1870 1286 2016 1329 cum
2080 1263 2206 1327 Dei

284 1349 465 1413 verbo
529 1360 597 1412 et
654 1348 905 1413 iustitia
959 1348 1413 1431 repugnantia,
1480 1360 1554 1414 ut
1612 1371 1651 1414 a
1710 1363 1947 1415 natura
2003 1349 2209 1415 simus

282 1433 510 1499 inimici
560 1432 706 1508 Dei,
767 1434 1007 1499 idcirco
1048 1434 1151 1499 lex
1201 1448 1471 1499 mortem
1521 1435 1775 1501 adferre
1820 1448 1887 1501 et
1929 1436 2001 1499 in
2044 1436 2206 1500 infe-

283 1542 378 1585 ros
432 1520 816 1602 praecipites
872 1519 1030 1584 dare
1089 1520 1344 1586 dicitur.
1435 1521 1709 1586 Minime
1765 1522 2029 1604 quidem
2087 1542 2207 1586 sua

284 1622 517 1683 natura,
563 1625 755 1687 quae,
803 1618 875 1670 ut
917 1605 1222 1671 admonet
1267 1607 1615 1689 apostolus,
1662 1610 1945 1690 perfecte
1980 1618 2207 1673 sancta

282 1709 367 1757 est
406 1706 470 1755 et
510 1691 878 1772 spiritualis
922 1690 1228 1778 (Roman.
1278 1691 1336 1768 7,
1385 1691 1465 1757 12
1510 1703 1577 1756 et·
1623 1692 1729 1779 14)
1773 1694 1887 1758 sed
1935 1715 1976 1758 a
2020 1694 2209 1759 nobis

282 1778 423 1861 ipsis
486 1778 733 1842 malum
801 1779 1249 1859 proficiscitur.
1350 1777 1666 1846 Carnales
1722 1781 1895 1844 enim
1958 1800 2205 1860 sumus,

286 1863 507 1928 venditi
536 1878 612 1927 ut
649 1863 1120 1928 subiiceremur
1157 1875 1434 1945 peccato,
1473 1864 1582 1929 lex
1621 1886 1775 1931 vero
1811 1865 2203 1948 spiritualis:

283 1967 457 2032 atque
513 1949 762 2015 ideirco
816 1951 1169 2030 puritatem
1214 1960 1280 2013 et
1324 1952 1738 2016 sanctitatem
1782 1972 2043 2016 omnem
2091 1951 2204 2015 do·

280 2049 387 2108 cet.
449 2049 520 2099 ut
562 2034 713 2099 Deo
779 2037 1033 2100 sincere
1088 2055 1164 2099 ac
1231 2037 1513 2117 perfecte
1576 2039 1954 2102 serviamus.
2065 2037 2205 2102 Nos

280 2122 460 2204 igitur
513 2122 582 2185 in
651 2122 931 2186 vetitum
991 2141 1253 2203 semper
1312 2122 1602 2201 nitimur,
1669 2135 1734 2188 et
1793 2124 1885 2187 ita
1938 2123 2080 2189 Deo
2138 2137 2206 2188 et

284 2208 614 2288 praeceptis
663 2207 869 2289 ipsius
914 2217 1229 2290 perpetuo
1275 2207 1709 2273 reluctamur:
1771 2208 1948 2274 unde
2001 2210 2079 2273 fit
2134 2218 2206 2273 ut

284 2315 393 2357 non
457 2293 579 2356 nisi
630 2292 972 2359 mortifera
1018 2292 1203 2357 nobis
1247 2292 1355 2358 lex
1399 2295 1531 2359 fiat.
1623 2293 1973 2360 Caeterum
2020 2305 2205 2361 tanto

287 2380 437 2442 malo
457 2377 646 2442 Deus
695 2400 808 2458 per
852 2379 1267 2461 evangelium
1315 2379 1674 2444 remedium
1719 2381 1957 2446 attulit.
2034 2380 2203 2445 Nam

284 2479 404 2529 erat
444 2464 869 2547 impossibile,
917 2476 992 2528 ut
1036 2464 1194 2529 satis
1239 2465 1647 2547 experientia
1690 2466 1894 2544 docet,
1953 2487 2068 2548 per
2111 2466 2203 2531 le·

280 2572 409 2632 gem
452 2551 732 2632 gratiam
778 2549 1090 2627 obtinere,
1151 2571 1317 2632 quae
1369 2572 1694 2616 summam
1742 2553 2200 2634 perfectionem

283 2637 351 2699 ab
410 2636 784 2702 hominibus
849 2638 1145 2718 requirit,
1210 2646 1281 2700 at
1347 2657 1462 2719 per
1519 2638 1932 2720 evangelium
1996 2639 2202 2722 gratis

281 2721 606 2786 condonari
651 2723 836 2787 nobis
874 2732 1136 2804 peccata
1171 2719 1494 2798 docemur,
1541 2736 1738 2806 atque
1782 2725 2032 2789 ratione
2073 2724 2202 2808 legi

284 2829 520 2889 prorsus
576 2810 909 2874 contraria
963 2808 1043 2874 ad
1105 2808 1310 2890 ipsius
1352 2807 1598 2872 cultum
1645 2810 2027 2885 invitamur,
2087 2830 2201 2875 ve-

282 2892 385 2958 luti
444 2915 649 2976 quum
708 2895 819 2974 ait,
888 2915 1023 2969 nos,
1090 2895 1149 2958 si
1216 2892 1462 2958 debiles
1517 2895 1857 2979 fuerimus,
1924 2897 2005 2961 ab
2060 2897 2200 2979 ipso

282 2980 691 3052 sublevatum,
750 2995 816 3043 et
871 2979 1162 3044 defectus
1219 2992 1477 3045 nostros
1530 2981 1902 3065 suppletum
1965 2983 2065 3062 iri,
2127 3003 2203 3047 ac

284 3068 326 3129 si
362 3067 563 3147 ipsum
597 3063 1084 3145 offenderimus,
1127 3086 1354 3130 omues
1396 3087 1590 3131 curas
1634 3079 1699 3131 et
1737 3066 2203 3135 sollicitudines

284 3152 543 3215 velutin
590 3152 808 3234 ipsius
864 3153 1081 3216 sinum
1139 3151 1475 3215 effundere
1522 3174 1661 3229 nos,
1722 3164 1790 3218 et
1844 3152 1927 3218 ad
1986 3154 2198 3236 ipsum

284 3236 577 3319 intrepide
633 3239 855 3301 venire
898 3251 1222 3320 oportere.
1312 3237 1592 3302 Habetis
1636 3239 1840 3321 igitur
1885 3240 2076 3321 quale
2118 3240 2204 3304 sit

284 3324 699 3406 evangelium.
746 3321 916 3405 quod
966 3334 1035 3387 et
1077 3324 1291 3404 ipsum
1337 3323 1579 3390 idcirco
1626 3326 1921 3406 potentia
1959 3325 2081 3390 Dei
2120 3325 2202 3391 ad

284 3410 529 3474 salutem
586 3410 804 3474 cuivis
860 3407 1164 3473 credendi
1210 3407 1465 3474 dicitur.
1559 3409 1808 3475 Verum
1848 3412 2201 3486 enimvero,

285 3508 339 3556 et
386 3496 590 3578 ipsum
660 3494 1074 3576 evangelium
1133 3507 1409 3561 naturae
1468 3506 1726 3561 nostrae
1771 3497 1934 3563 vitio
1981 3497 2044 3562 in
2091 3519 2204 3563 ve-

284 3601 501 3645 nenum
526 3579 909 3664 pestiferum
937 3582 1234 3659 vertitur,
1274 3595 1346 3645 ut
1369 3581 1660 3663 loquitur
1684 3582 1952 3658 Paulus,
1999 3604 2199 3666 quum

285 3666 362 3728 ait
411 3689 542 3732 esse
598 3667 871 3730 odorem
932 3666 1161 3731 mortis
1219 3666 1299 3730 ad
1346 3680 1619 3731 mortem
1664 3666 1752 3753 (2.
1802 3668 2200 3734 Corinthior.

284 3751 337 3823 2.
376 3752 516 3838 16).·
580 3752 839 3835 Nempe
882 3751 1055 3834 quod
1102 3774 1329 3817 verum
1375 3754 1697 3836 evangelii
1756 3764 2021 3837 gustum
2070 3777 2199 3820 non

287 3835 601 3904 habemus:
669 3860 745 3904 ac
804 3837 1074 3920 proinde
1128 3838 1199 3903 in
1246 3837 1772 3905 maledictionem
1822 3840 2009 3907 nobis
2057 3862 2197 3906 ver·

288 3922 442 3999 titur,
489 3946 575 3991 ac
614 3922 882 3989 tandem
925 3926 1118 3988 etiam
1167 3925 1441 3989 exitium
1487 3926 1961 4008 sempiternum
2007 3928 2198 4009 parit.

286 4006 379 4071 Ex
438 4013 674 4093 quibus
736 4013 1155 4092 conspicuum
1223 4020 1342 4085 est,
1391 4008 1520 4075 Dei
1592 4011 1864 4076 verbum
1932 4013 2198 4094 quidem

285 4110 491 4161 natura
553 4118 681 4162 sua
746 4096 949 4161 vitam
1008 4107 1077 4159 et
1134 4095 1411 4161 salutem
1473 4098 1659 4162 nobis
1730 4098 2017 4163 adferre:
2084 4097 2198 4164 sed

284 4200 445 4244 usum
489 4202 528 4245 a
571 4183 765 4247 nobis
810 4182 1166 4257 immutari,
1212 4180 1385 4264 quod
1432 4182 1590 4247 vitio
1636 4195 1859 4249 nostro
1903 4195 1969 4249 et
2012 4184 2200 4249 mali-

282 4266 362 4330 tia
403 4269 471 4331 fit
512 4279 584 4332 ut
634 4268 816 4332 Deus
860 4268 1072 4348 magis
1116 4290 1191 4333 ac
1238 4268 1446 4349 magis
1490 4282 1885 4345 succenseat,
1944 4281 2014 4334 et
2063 4289 2198 4335 ma-

281 4349 419 4417 ioris
470 4353 555 4424 in,
597 4353 739 4419 dies
799 4373 1016 4417 coram
1077 4354 1280 4436 ipsius
1335 4352 1647 4419 tribunali
1691 4353 2059 4421 rebellionis
2104 4357 2199 4421 rei

281 4438 524 4505 fiamus:
583 4439 759 4522 quod
821 4439 1094 4503 tarditas
1153 4452 1379 4504 nostra
1432 4439 1512 4503 ad
1559 4439 1954 4506 credendum
1998 4443 2202 4524 ipsius

281 4523 455 4674 :gg-33
511 4527 713 4591 etiam
770 4524 851 4589 ad
899 4524 1352 4606 praecedentia
1410 4526 1630 4590 omnia
1674 4542 1897 4593 nostra
1940 4540 2203 4610 peccata

451 4622 531 4675 at.

433 4697 635 4762 Porro
717 4697 1104 4761 nominatim
1174 4696 1356 4761 Deus
1423 4698 1517 4761 ita
1581 4696 1865 4763 voluisse
1931 4696 2199 4765 dicitur:

283 4800 495 4865 nempe
554 4785 648 4848 sic
707 4782 1098 4846 iudiciorum
1148 4782 1523 4846 divinorum
1572 4784 1870 4865 aequitas
1915 4786 2202 4867 postula-

282 4861 395 4943 bat,
437 4869 645 4950 utqui
673 4868 1154 4933 admonitiones
1200 4870 1386 4949 parvi
1432 4868 1737 4946 fecerant,
1784 4890 1824 4934 a
1866 4870 2203 4937 mendacio

284 4947 731 5034 deciperentur,
792 4974 1066 5035 eamque
1123 4954 1416 5019 diabolus
1474 4954 1541 5019 in
1587 4955 1611 5018 i
1659 4976 1766 5020 sos
1812 4967 2199 5036 potestatem

283 5035 612 5104 obtineret:
680 5048 756 5104 ut
812 5040 903 5104 ait
959 5038 1207 5104 Paulus
1264 5039 1324 5104 2.
1371 5039 1664 5106 Thessa.
1710 5042 1772 5118 2,
1822 5040 1923 5116 10,
1984 5040 2200 5109 Deum

284 5124 435 5201 quod
489 5145 771 5192 amorem
838 5125 1145 5190 veritatis
1200 5146 1328 5190 non
1386 5139 1791 5210 receperunt,
1856 5140 2203 5210 propterea

284 5208 612 5276 efficaciam
655 5210 1051 5294 deceptionis
1094 5209 1447 5277 missurum
1495 5223 1567 5277 ut
1611 5213 1883 5278 credant
1934 5212 2200 5279 menda·

1622 302 1725 368 IN
1769 300 1824 366 Ι.
1872 300 2053 368 LIB.
2099 300 2504 369 SAMUEL.
2567 300 2765 367 CAP.
2812 300 2904 367 11.

4124 300 4258 369 342

2316 490 2433 556 cio.
2523 488 2746 569 Quare
2799 488 2984 555 Deus
3047 490 3119 555 in
3183 509 3295 556 eos
3357 492 3469 574 qui
3534 489 3788 556 nullum
3855 491 4258 576 provocandi

2314 576 2456 640 eius
2513 577 2651 639 irae
2707 576 2904 640 finem
2962 576 3303 653 faciebant,
3357 578 3598 660 quique
3642 575 3884 643 malum
3932 576 4104 643 malo
4147 599 4258 643 cu-

2315 661 2735 726 mulaverunt
2773 662 2864 725 sic
2909 662 3389 742 animadvertit,
3435 675 3507 728 ut
3550 662 3815 728 tandem
3859 683 3971 727 eos
4007 664 4073 728 in
4110 685 4259 728 sen·

2314 768 2458 811 sum
2504 746 2856 829 reprobum
2901 748 3260 827 tradiderit,
3319 760 3395 814 ut
3451 748 3706 813 nullum
3762 749 4043 833 amplius
4092 750 4253 815 recti

2314 833 2629 915 pravique
2671 831 3018 898 discrimen
3061 835 3356 908 fecerint,
3417 834 3530 900 sed
3587 844 3822 918 sponte
3867 837 3937 899 in
3981 833 4256 918 quodvis

2311 919 2635 1001 flagitium
2682 920 3067 1001 praecipites
3113 921 3382 986 ruerint.
3474 921 3562 985 Et
3617 920 3745 985 ista
3787 920 4047 1003 quidem
4091 920 4252 988 satis

2312 1005 2651 1088 perspicue
2710 1005 2892 1070 nobis
2946 1005 3116 1088 apud
3166 1006 3429 1070 Esaiam
3477 1005 3860 1089 prophetam
3918 1005 4253 1073 declaran-

2314 1104 2451 1165 tur,
2521 1089 2629 1155 ubi
2676 1087 2861 1156 Deus
2906 1092 3287 1173 prophetam
3333 1091 3633 1157 hortatus
3678 1112 3762 1155 ne
3807 1093 4095 1157 animum
4139 1091 4256 1157 de·

2311 1176 2683 1260 sponderet,
2736 1176 2848 1241 sed
2892 1178 2959 1240 in
3009 1179 3345 1242 vocatione
3408 1180 3623 1261 potius
3667 1189 4044 1243 constanter
4100 1198 4247 1261 per-

2308 1273 2513 1346 geret,
2561 1274 2626 1326 et
2669 1262 2723 1327 si
2770 1262 3319 1343 praedicationem
3355 1285 3540 1328 suam
3579 1262 3750 1348 apud
3792 1262 4104 1346 populum
4140 1284 4253 1346 pa-

2311 1370 2455 1412 rum
2501 1358 2618 1413 aut
2662 1347 2825 1412 nihil
2872 1348 3184 1430 proficere
3242 1347 3822 1414 animadverteret:
3879 1349 4087 1426 Vade,
4143 1349 4249 1414 in·

2310 1435 2452 1517 quit
2490 1431 2674 1519 (Esa.
2720 1454 2861 1518 cap.
2907 1434 2971 1513 6,
3006 1432 3073 1521 9)
3133 1446 3202 1499 et
3258 1435 3429 1501 dices
3480 1434 3720 1519 populo
3765 1434 3951 1501 huie:
4009 1433 4250 1501 Audite

2309 1519 2667 1600 audientes,
2712 1533 2779 1584 et
2824 1521 3022 1586 nolite
3080 1521 3479 1604 intelligere:
3538 1533 3606 1585 et
3656 1521 3871 1585 videte
3911 1521 4252 1601 visionem,

2310 1617 2379 1671 et
2422 1605 2621 1671 nolite
2663 1626 3074 1688 cognoscere.
3164 1607 3463 1673 Exeaeea
3506 1627 3615 1672 cor
3660 1606 3877 1690 populi
3922 1606 4138 1683 huius,
4184 1615 4252 1670 et

2309 1712 2502 1757 aures
2547 1691 2687 1756 eius
2731 1712 3039 1776 aggrava,
3082 1702 3150 1756 et
3194 1693 3417 1758 oculos
3461 1694 3601 1757 eius
3642 1692 3903 1758 claude:
3949 1713 4034 1756 ne
4075 1692 4246 1756 forte

2313 1776 2532 1842 videat
2573 1778 2777 1843 oculis
2820 1780 2975 1858 suis,
3023 1787 3089 1843 et
3131 1779 3399 1843 auribus
3442 1779 3579 1844 suis
3622 1778 3873 1843 audiat:
3930 1786 3998 1843 et
4051 1776 4246 1843 corde

2309 1883 2430 1927 suo
2472 1863 2813 1947 intelligat,
2857 1876 2925 1928 et
2968 1874 3405 1944 convertatur,
3467 1873 3534 1929 et
3587 1885 3812 1929 sanem
3856 1885 4024 1930 eum.
4116 1865 4248 1929 Mi-

2308 1970 2456 2013 rum
2523 1970 2681 2014 sane
2748 1960 2815 2013 et
2876 1950 3275 2033 stupendum
3342 1970 3730 2015 sermonem.
3842 1948 4050 2017 Sane:
4133 1949 4249 2016 sed

2306 2033 2460 2117 quid
2503 2033 2701 2119 agas?
2756 2034 3137 2118 prophetam
3197 2035 3511 2102 adversus
3566 2037 3917 2101 imminens
3973 2036 4248 2102 offendi-

2305 2120 2528 2184 culum
2573 2120 2820 2185 muniri
2867 2121 3225 2205 oportebat.
3295 2122 3485 2200 Nam,
3531 2143 3786 2205 quaese,
3831 2144 3980 2189 cum
4013 2123 4248 2205 quibus

2306 2205 2801 2273 difficultatibus
2866 2220 2933 2271 et
2992 2205 3434 2274 anxietatibus
3490 2208 3672 2290 pium
3734 2207 4059 2273 doctorem
4117 2208 4249 2275 Dei

2307 2293 2554 2375 gloriae
2590 2292 3070 2374 promovendae
3105 2293 3321 2358 studio
3358 2295 3748 2379 flagrantem
3787 2293 4018 2359 luctari
4064 2315 4249 2377 opor·

2309 2390 2421 2454 tet,
2467 2379 2522 2443 si
2567 2399 2640 2442 se
2682 2398 2816 2442 non
2864 2380 3053 2444 modo
3097 2379 3262 2443 nihil
3309 2400 3711 2462 promovere,
3753 2379 3866 2444 sed
3911 2379 4106 2444 etiam
4153 2381 4249 2445 la-

2310 2464 2532 2529 borem
2579 2485 2772 2528 suum
2818 2465 3074 2530 irritum
3121 2486 3262 2530 esse
3306 2477 3370 2529 et
3416 2467 3700 2545 inanem,
3758 2465 3891 2529 imo
3935 2468 4130 2530 etiam
4177 2467 4250 2532 in

2308 2551 2707 2616 contrarium
2774 2551 2993 2614 omnia
3046 2551 3419 2634 susdeque
3476 2552 3654 2627 ferri,
3711 2572 3787 2616 ac
3846 2572 4103 2634 pessum
4151 2551 4251 2617 ire

2308 2634 2767 2719 conspexerit?
2859 2638 3077 2718 Atque
3122 2635 3281 2701 adeo
3325 2659 3454 2701 non
3498 2637 3659 2702 haec
3705 2647 3979 2712 tantum,
4024 2636 4138 2703 sed
4183 2644 4250 2703 et

2307 2743 2416 2787 eos
2471 2722 2581 2804 qui
2643 2721 2802 2786 bene
2859 2723 3146 2805 coepisse
3191 2722 3314 2788 visi
3362 2733 3551 2787 erant
3593 2723 3665 2786 in
3709 2743 3976 2788 sensum
4025 2745 4249 2807 repro-

2309 2809 2461 2872 bum
2486 2808 2809 2873 coniectos
2844 2817 2914 2872 et
2949 2809 3212 2891 penitus
3248 2823 3626 2874 excaecatos
3662 2808 4244 2874 animadverterit?

2308 2893 2558 2975 Quum,
2610 2893 2897 2975 inquam,
2953 2893 3322 2959 istiusmodi
3388 2892 3782 2960 offendicula
3839 2895 4250 2977 conspiciunt

2306 2978 2616 3045 ecclesiae
2657 2978 2888 3044 salutis
2931 2978 3200 3044 studiosi
3247 2992 3556 3062 pastores,
3601 2979 3670 3043 in
3707 2992 3982 3061 quantas
4006 2982 4249 3062 putatis

2307 3065 2604 3129 redactos
2649 3064 3035 3148 angustias?
3125 3065 3266 3130 Nae
3311 3086 3535 3130 curam
3584 3067 3802 3148 gregis
3846 3086 4104 3130 omnem
4148 3065 4248 3150 ip-

2308 3172 2414 3216 sos
2467 3150 2744 3215 abiicere
2802 3171 2993 3233 posse
3034 3164 3285 3217 certum
3328 3162 3446 3229 est,
3504 3171 3580 3216 ac
3625 3172 3807 3215 suam
3854 3173 4249 3234 suorumque

2309 3236 2748 3302 conditionem
2785 3234 2890 3302 his
2927 3236 3142 3303 verbis
3178 3237 3552 3321 deplorare:
3597 3235 3658 3303 O
3681 3239 3939 3302 inanem
3961 3258 4248 3319 operam,

2307 3344 2346 3388 o
2390 3323 2634 3387 frustra
2676 3333 3009 3406 susceptos
3052 3322 3340 3389 labores:
3386 3344 3600 3388 nonne
3643 3323 3835 3406 longe
3892 3323 4101 3387 satius
4145 3332 4249 3392 est

2307 3410 2581 3473 istorum
2641 3428 2861 3473 curam
2923 3408 3203 3475 abiicere
3258 3431 3450 3492 quam
3512 3409 4113 3474 condemnationem
4181 3418 4250 3475 et

2307 3495 2581 3559 exitium
2623 3494 2839 3559 maius
2883 3494 3114 3560 iisdem
3160 3494 3532 3561 accersere?
3624 3494 3826 3575 Atqui
3862 3494 4248 3577 prophetam

2305 3580 2606 3645 videmus
2651 3601 2782 3644 non
2813 3580 2956 3645 ideo
3000 3593 3220 3646 tamen
3266 3580 3515 3646 iussum
3561 3601 3600 3645 a
3629 3579 3919 3644 Domino
3967 3581 4250 3647 vocatio-

2305 3687 2455 3731 nem
2485 3687 2672 3731 suam
2720 3666 3017 3744 abiicere,
3061 3668 3181 3731 etsi
3229 3677 3372 3732 erat
3417 3665 3619 3749 ipsius
3679 3665 4071 3748 praedicatio
4114 3688 4249 3732 non

2308 3764 2564 3817 tantum
2609 3751 2879 3830 inutilis,
2923 3752 3037 3818 sed
3084 3753 3282 3818 etiam
3328 3753 3603 3817 exitiosa
3647 3752 3887 3817 misero
3934 3752 4086 3818 huie
4131 3773 4246 3835 po-

2303 3838 2491 3921 pulo,
2557 3836 2727 3920 quod
2793 3859 2872 3902 ea
2938 3840 3148 3922 magis
3212 3849 3410 3921 atque
3475 3836 3686 3921 magis
3752 3851 4244 3905 excaecaretur:

2304 3945 2506 4007 quare
2551 3924 2987 4004 statuendum,
3032 3945 3231 4006 quum
3270 3925 3502 3989 Esaias
3548 3945 3677 3988 non
3725 3922 3914 3988 modo
3961 3945 4086 3989 non
4134 3923 4249 3989 ab·

2305 4020 2567 4092 rumpat
2609 4010 2966 4075 vocationis
3010 4030 3166 4075 suae
3210 4030 3492 4088 cursum,
3537 4008 3652 4075 sed
3696 4009 3764 4073 in
3811 4030 3888 4073 ea
3923 4007 4066 4075 Deo
4110 4031 4245 4075 mo-

2303 4116 2444 4160 rem
2490 4117 2727 4179 gerens
2773 4107 3023 4177 pergat,
3082 4095 3253 4159 idem
3312 4094 3635 4179 evangelii
3695 4092 4061 4179 pastoribus
4121 4094 4247 4162 hoc

2304 4192 2597 4263 tempore
2655 4181 3044 4246 faciendum.
3132 4179 3463 4247 Dominus
3533 4180 3709 4245 enim
3777 4192 4002 4246 noster
4057 4179 4247 4248 Iesus

2304 4266 2629 4341 Christus,
2680 4266 2907 4332 eadem
2956 4266 3146 4331 hodie
3190 4268 3448 4350 impleri
3507 4277 3805 4347 oportere
3859 4287 3978 4331 nos
4035 4266 4243 4348 docet,

2303 4374 2506 4436 quum
2566 4354 2951 4417 nominatim
3012 4352 3332 4420 Iohannis
3384 4353 3479 4431 12,
3526 4352 3611 4419 39
3671 4352 3969 4417 dieantur
4015 4351 4244 4418 Iudaei

2304 4458 2434 4504 non
2484 4439 2770 4521 potuisse
2813 4438 2882 4503 in
2908 4438 3246 4504 Christum
3292 4439 3577 4522 eredere,
3619 4437 3787 4520 quod
3831 4437 3984 4502 olim
4010 4437 4243 4503 Esaias

2303 4525 2625 4608 propheta
2689 4523 2989 4589 dixisset:
3074 4525 3472 4591 Excaecavit
3551 4523 3775 4590 oculos
3840 4543 4097 4587 eorum:
4164 4531 4244 4588 ut

2304 4611 2643 4677 Christum
2683 4610 2841 4676 haec
2878 4610 3218 4693 prophetia
3256 4611 3620 4693 respexisse
3656 4608 3884 4673 merito
3922 4609 4238 4675 videatur.

2304 4696 2721 4780 Quapropter
2762 4717 2838 4760 eo
2883 4695 3265 4779 diligentius
3309 4718 3348 4760 a
3394 4697 3578 4761 nobis
3649 4697 3772 4759 ista
3828 4702 3986 4759 sunt
4027 4694 4238 4759 anim-

2304 4780 2726 4861 advertenda,
2784 4783 2953 4864 quod
2999 4802 3039 4846 a
3082 4792 3362 4865 quatuor
3420 4779 3847 4863 evangelistis
3906 4777 4015 4843 hic
4052 4778 4235 4846 locus

2304 4870 2389 4934 sit
2432 4889 2693 4933 summo
2738 4886 3076 4947 consensu,
3121 4879 3189 4933 et
3231 4866 3313 4932 ab
3370 4868 3661 4950 apostolo
3721 4863 3932 4929 Paulo
3987 4862 4240 4932 duobus

2302 4953 2460 5019 locis
2540 4952 2855 5019 adversus
2917 4952 3288 5019 incredulos
3354 4952 3631 5017 Iudaeos
3696 4950 3948 5014 allatus.
4059 4949 4241 5019 Hinc

2303 5038 2708 5119 discendum,
2763 5038 3078 5107 adversus
3122 5037 3336 5103 Deum
3397 5049 3811 5103 contumaces
3861 5043 3927 5100 et
3969 5035 4240 5104 rebelles

2304 5127 2395 5191 ita
2463 5125 2727 5192 taudem
2794 5124 3191 5209 puniendos,
3258 5134 3332 5189 ut
3373 5123 3561 5188 Deus
3625 5122 3728 5186 sui
3792 5131 4239 5206 contemptum

2303 5212 2594 5292 ulturus,
2663 5219 2774 5277 aut
2839 5211 3115 5278 verbum
3181 5231 3372 5276 suum
3437 5228 3913 5289 nonnunquam
3977 5229 4250 5292 prorsus

3725 5308 3828 5364 22.
