5059 6059
860 315 996 381 335

867 504 1169 573 avellere.
1258 500 1437 582 Quin
1480 509 1546 565 et
1577 499 1784 583 ipsius
1824 512 2094 585 apparet
2135 498 2574 586 ingratitudo:
2634 499 2804 584 quod

869 592 950 659 ab
1010 591 1151 674 ipso
1211 586 1521 654 Samuele
1580 596 1836 670 unctus,
1903 598 1969 652 et
2036 588 2239 670 ipsius
2304 586 2670 652 ministerio
2734 586 2805 652 in

869 677 1118 761 regiam
1173 672 1561 758 dignitatem
1617 681 1899 749 evectus,
1966 672 2100 738 iam
2167 673 2338 737 ferre
2404 693 2532 737 non
2602 672 2807 757 possit

867 763 1068 830 ullam
1125 758 1579 837 mutationem,
1638 767 1705 823 et
1757 760 2004 842 accepti
2067 758 2361 824 beneficii
2424 759 2806 823 memoriam

865 847 1146 926 abiiciat,
1194 846 1345 910 licet
1385 865 1695 911 revocare
1738 845 1810 908 in
1855 846 2235 910 memoriam
2281 844 2471 909 illum
2505 853 2810 928 oportue-

867 945 974 1000 rat
1034 931 1159 1000 Dei
1225 930 1615 1014 peculiarem
1692 931 2190 996 beneficentiam
2254 950 2384 1013 qua
2446 930 2517 994 in
2584 950 2805 1013 regem

866 1028 1135 1089 evectus
1179 1017 1411 1081 fuerat.

1042 1105 1390 1170 Caeterum
1457 1102 1642 1167 missi
1722 1124 1761 1167 a
1823 1100 2027 1168 Saule
2099 1100 2414 1167 satellites
2481 1099 2805 1166 Davidem

868 1189 1425 1275 comprehensuri,
1459 1189 1768 1254 dicuntur
1791 1187 2307 1271 prophetavisse‚
2344 1189 2651 1270 quoniam
2676 1184 2807 1250 Dei

867 1278 1140 1362 spiritus
1186 1274 1393 1340 factus
1438 1284 1538 1340 est
1579 1294 1776 1357 super
1817 1296 1956 1340 eos:
2017 1274 2250 1356 quibus
2293 1294 2427 1337 non
2473 1281 2805 1338 reverten-

871 1367 1048 1430 tibus
1092 1373 1159 1427 et
1216 1360 1328 1424 alii
1388 1360 1569 1426 missi
1629 1369 1800 1435 sunt,
1860 1360 1969 1443 qui
2029 1367 2095 1423 et
2138 1358 2264 1441 ipsi
2308 1359 2805 1442 prophetarunt,

870 1449 1074 1517 denec
1129 1455 1196 1513 et
1250 1446 1432 1511 tertii
1475 1446 1908 1525 mitterentur,
1967 1440 2080 1528 qui
2137 1445 2336 1509 etiam
2380 1453 2446 1507 et
2487 1444 2611 1526 ipsi
2657 1463 2805 1527 pro·

870 1535 1244 1620 phetarunt,
1290 1532 1473 1615 quasi
1511 1532 1689 1597 Deus
1725 1533 1900 1615 ipsos
1935 1540 2261 1596 momento
2297 1531 2804 1596 immutavisset.

873 1621 951 1689 Si
1009 1620 1159 1704 quis
1231 1620 1451 1700 itaque
1511 1625 1711 1700 petat,
1785 1617 1892 1681 ubi
1962 1616 2350 1700 prophetare
2404 1615 2803 1690 didicissent,

871 1702 1401 1790 respondendum
1446 1702 1667 1767 Deum
1724 1701 2077 1787 aliquando
2122 1702 2263 1767 sine
2306 1701 2538 1766 mediis
2582 1700 2811 1766 huma·

870 1793 976 1858 nis
1019 1791 1304 1874 operari:
1362 1801 1429 1854 et
1485 1787 1830 1871 aliquando
1889 1808 2007 1853 sua
2063 1791 2231 1852 dona
2291 1787 2501 1853 facere
2547 1787 2805 1870 conspi-

867 1899 993 1947 cua
1035 1879 1106 1943 in
1150 1876 1233 1942 iis
1277 1875 1390 1958 qui
1436 1874 1839 1958 diligentiam
1885 1872 2197 1939 adhibent
2240 1886 2305 1939 et
2340 1872 2561 1938 studio
2598 1874 2804 1939 scien·

871 1965 1033 2030 tiam
1099 1962 1468 2045 acquirunt.
1571 1960 1800 2043 Neque
1881 1961 2056 2024 enim
2124 1959 2300 2025 ullus
2367 1979 2654 2042 unquam
2723 1959 2804 2024 ad

869 2050 1074 2117 ullam
1133 2046 1533 2113 functionem
1578 2047 1702 2111 erit
1744 2045 2018 2111 idoneus
2060 2046 2187 2110 nisi
2232 2044 2415 2109 Deus
2459 2045 2647 2110 illum
2692 2044 2803 2110 do·

874 2139 978 2201 nis
1021 2133 1403 2200 necessariis
1447 2153 1564 2215 per
1608 2142 1901 2197 sanctum
1948 2152 2139 2197 suum
2177 2132 2477 2215 spiritum
2515 2139 2804 2196 exornet.

873 2221 1010 2290 Sed
1055 2220 1215 2286 haec
1259 2218 1626 2284 differentia
1670 2228 1785 2293 est,
1831 2214 2003 2300 quod
2042 2216 2391 2299 aliquando
2435 2216 2808 2281 immediate

873 2328 1065 2376 suum
1132 2304 1438 2388 spiritum
1503 2302 1814 2383 effundat,
1894 2302 2243 2387 aliquando
2308 2303 2502 2368 certis
2571 2302 2803 2367 mediis

871 2392 1209 2472 largiatur.
1299 2390 1469 2454 Nam
1514 2400 1581 2454 et
1624 2388 1882 2469 scholis,
1941 2400 2009 2453 et
2052 2387 2236 2453 libris
2280 2396 2348 2453 et
2389 2388 2537 2454 aliis
2579 2388 2804 2453 istius-

871 2477 1051 2543 modi
1109 2475 1520 2541 inferioribus
1581 2474 1811 2539 mediis
1868 2475 2077 2540 utitur
2130 2496 2245 2557 per
2304 2493 2470 2557 quae
2527 2473 2600 2538 in
2643 2474 2804 2557 ipsis

873 2570 1201 2648 operatur.
1315 2560 1504 2640 Nam,
1560 2559 1844 2640 obsecro,
1911 2568 2211 2645 potestne
2278 2560 2511 2643 aliquis
2576 2570 2805 2642 suopte

873 2648 1136 2734 ingenio
1194 2654 1262 2712 et
1318 2657 1588 2711 naturae
1647 2646 1896 2711 viribus
1953 2645 2037 2711 ad
2093 2655 2267 2711 artes
2325 2646 2492 2711 ullas
2549 2666 2802 2727 promo·

872 2737 1014 2802 veri
1061 2733 1188 2799 nisi
1234 2731 1589 2798 doceatur?
1673 2730 1987 2816 Sapietne
2034 2730 2284 2815 aliquis,
2330 2742 2447 2796 aut
2490 2730 2803 2798 doctusne

871 2821 1107 2888 evadet
1163 2818 1361 2884 etiam
1418 2816 1650 2882 ductus
1708 2819 1779 2882 in
1820 2817 2080 2898 scholis,
2139 2837 2224 2882 an
2282 2819 2612 2883 modestus
2657 2837 2803 2899 pro-

871 2907 1016 2992 pria
1058 2902 1424 2971 industria?
1497 2904 1774 2969 Minime
1817 2904 2132 2988 gentium.
2223 2901 2355 2969 Sed
2401 2901 2544 2969 Deo
2590 2902 2806 2968 media

871 2993 988 3060 illa
1069 3012 1234 3074 quae
1321 2989 1772 3056 subordinavit
1848 2988 2290 3054 benedicente.
2399 2988 2806 3072 Quandoque

872 3098 1030 3146 vero
1073 3077 1255 3142 Deus
1311 3076 1454 3141 sine
1512 3074 1751 3141 scholis
1809 3085 1923 3139 aut
1980 3071 2125 3141 aliis
2183 3074 2529 3140 ordinariis
2575 3073 2806 3140 mediis

870 3186 990 3250 per
1026 3184 1213 3229 suum
1253 3162 1555 3246 spiritum
1595 3170 1900 3242 operatur
1933 3159 2325 3239 immediate,
2373 3170 2445 3225 ut
2481 3181 2559 3227 eo
2594 3161 2807 3225 maius

868 3256 1326 3335 argumentum
1373 3246 1739 3312 laudandae
1781 3247 1988 3329 ipsius
2032 3255 2098 3311 et
2141 3247 2474 3330 potentiae
2516 3255 2583 3311 et
2629 3245 2811 3311 boni-

872 3337 1028 3402 tatis
1085 3332 1408 3418 praebeat.
1499 3333 1647 3397 Hoc
1712 3331 1986 3416 contigit
2041 3332 2121 3397 iis
2179 3331 2259 3397 de
2313 3333 2548 3416 quibus
2587 3331 2691 3400 hic
2735 3333 2811 3397 fit

874 3420 1150 3487 mentio:
1211 3419 1323 3502 qui
1380 3417 1642 3502 quidem
1701 3417 2197 3501 prophetarunt,
2259 3417 2374 3484 sed
2427 3419 2597 3484 sicut
2654 3418 2808 3483 olim

876 3507 1063 3572 asina
1104 3504 1378 3570 Balaam
1435 3504 1710 3587 loquuta
1768 3514 1867 3569 est
1910 3505 2053 3568 sine
2096 3524 2293 3569 sensu
2339 3512 2405 3568 et
2436 3504 2810 3589 intelligen-

873 3593 995 3657 tia:
1041 3612 1249 3674 neque
1295 3591 1470 3655 enim
1514 3598 1657 3655 erat
1698 3589 1826 3673 ipsi
1860 3589 2179 3655 naturale.
2227 3590 2397 3655 Nam
2434 3590 2619 3655 Deus
2666 3590 2814 3655 bru·

876 3680 962 3743 tis
1007 3675 1448 3741 animantibus
1487 3696 1620 3740 non
1659 3675 1837 3740 dedit
1872 3696 2135 3740 sensum
2173 3675 2257 3740 ad
2289 3674 2810 3760 intelligendum,

877 3783 1088 3845 neque
1146 3783 1219 3827 os
1274 3760 1358 3826 ad
1412 3760 1826 3844 loquendum,
1886 3781 2050 3845 quae
2111 3760 2487 3827 hominibus
2530 3761 2810 3846 largitus

878 3857 998 3929 est,
1053 3854 1130 3912 ut
1185 3854 1250 3911 et
1302 3846 1696 3931 intelligant,
1754 3854 1821 3912 et
1872 3857 2254 3931 conceptum
2309 3847 2546 3912 mentis
2592 3848 2811 3931 expri-

877 3941 1083 4009 mant,
1154 3931 1499 4014 Deumque
1541 3934 1612 3998 in
1673 3933 1902 4016 primis
1965 3932 2348 4017 glorificent,
2409 3932 2490 3997 ad
2537 3954 2726 4016 quem
2773 3955 2811 3999 a

875 4021 1018 4086 Deo
1077 4017 1486 4101 potissimum
1554 4019 1813 4083 formati
1885 4039 2129 4085 sumus.
2229 4018 2361 4099 Qui
2418 4039 2575 4084 vero
2635 4018 2813 4084 dedit

878 4104 1253 4171 hominibus
1310 4124 1530 4169 vocem
1592 4104 2021 4183 articulatam,
2082 4116 2149 4170 et
2204 4105 2275 4169 in
2345 4124 2421 4168 eo
2479 4117 2811 4188 praestare

878 4192 1085 4257 voluit
1147 4189 1421 4255 caeteris
1488 4189 1946 4270 animantibus,
2028 4190 2194 4273 quod
2270 4191 2552 4256 invicem
2617 4190 2809 4256 collo-

879 4288 1191 4362 quuntur,
1251 4287 1315 4340 et
1357 4276 1723 4359 exprimere
1768 4274 2038 4342 dicendo
2082 4297 2273 4341 sensa
2316 4284 2606 4360 possunt,
2653 4298 2808 4342 ean-

878 4364 1027 4428 dem
1072 4372 1138 4427 et
1195 4362 1350 4426 feris
1410 4361 1622 4444 potuit
1666 4360 1853 4426 dare:
1912 4363 2338 4445 quamobrem
2398 4382 2807 4446 nequaquam

877 4447 1249 4515 mirandum
1312 4448 1368 4511 si
1428 4447 1670 4512 milites
1742 4446 1898 4513 istos
1957 4447 2036 4513 de
2090 4448 2326 4531 quibus
2390 4448 2497 4514 bic
2555 4451 2810 4532 agimus

875 4537 1017 4600 sine
1065 4554 1266 4598 sensu
1311 4532 1521 4598 voluit
1565 4533 1976 4617 prophetare.
2048 4532 2182 4600 Sed
2226 4555 2357 4598 non
2403 4542 2503 4599 est
2539 4555 2810 4617 magno·

876 4642 1030 4704 pere
1087 4620 1272 4684 nobis
1332 4618 1760 4684 laborandum
1819 4619 2438 4702 prophetaverintne
2495 4620 2594 4684 illi
2659 4641 2807 4686 cum

873 4705 1337 4788 intelligentia:
1402 4726 1485 4769 an
1545 4724 1701 4769 vero
1752 4716 1830 4769 ut
1872 4708 2052 4787 picae
2097 4717 2212 4770 aut
2257 4726 2413 4771 aves
2457 4706 2622 4771 aliae
2667 4727 2812 4789 gar-

876 4794 1007 4857 rire
1066 4791 1279 4856 solent
1323 4790 1586 4873 loquuti
1629 4789 1801 4856 sint:
1860 4791 2143 4856 sufficiat
2186 4789 2372 4856 nobis
2428 4811 2809 4875 quacunque

876 4879 1127 4943 ratione
1180 4877 1423 4942 factum
1472 4877 1579 4958 sit,
1642 4875 1767 4942 Dei
1828 4876 2139 4941 virtutem
2200 4886 2267 4941 et
2322 4879 2678 4960 potentiam
2739 4878 2804 4943 in

876 4963 1036 5045 ipsis
1081 4962 1491 5045 conspicuam
1527 4962 1758 5028 fuisse:
1806 4971 1881 5027 ut
1923 4962 2075 5028 licet
2119 4984 2193 5027 eo
2243 4964 2573 5029 venissent
2608 4964 2806 5029 alium

875 5050 944 5114 in
989 5050 1205 5128 finem,
1251 5048 1435 5113 Deus
1471 5047 1617 5113 illos
1654 5048 1776 5115 hac
1822 5049 1892 5112 in
1928 5069 1999 5113 re
2035 5050 2467 5133 occupaverit,
2510 5058 2586 5114 ut
2621 5059 2809 5115 extra

877 5154 947 5199 se
990 5141 1058 5198 et
1099 5134 1284 5216 quasi
1327 5142 1547 5199 mente
1591 5135 1770 5212 moti,
1831 5135 2179 5220 divinoque
2232 5135 2550 5202 instinctu
2606 5138 2807 5202 afflati

874 5218 1202 5287 Davidem
1260 5219 1578 5285 intactum
1638 5220 2041 5304 reliquerint.
2145 5218 2462 5303 Sufficiat,
2521 5220 2806 5306 inquam,

2457 310 2872 379 HOMILIA
2919 309 3253 378 LXXIII.
4661 320 4746 387 336

2909 521 3095 567 nosse
3131 502 3226 565 sic
3262 503 3518 569 afflatos
3561 501 3787 568 divino
3823 502 4161 581 instinctu,
4207 513 4282 568 ut
4317 523 4434 587 pro
4469 505 4610 571 malo
4634 511 4753 593 quod

2907 601 3100 653 antea
3142 585 3386 653 Davidi
3435 588 3849 670 quaerebant,
3892 589 4106 671 ipsius
4140 588 4335 654 saluti
4378 602 4446 654 et
4484 593 4753 663 commodis

2907 673 3301 754 studuerint,
3347 687 3413 740 et
3459 672 3679 740 Saulis
3721 672 3943 739 odium
3981 675 4049 739 in
4086 673 4413 741 Davidem
4448 689 4757 763 contempus-

2908 758 3059 823 rint.
3150 759 3337 824 Idem
3373 769 3442 824 et
3484 757 3791 842 deinceps
3828 757 4015 828 Sauli
4061 761 4412 844 contigisse
4455 761 4755 835 videbimus.

2910 841 3096 909 Deus
3150 843 3372 929 itaque
3415 847 3508 912 sic
3559 845 3851 929 ipsorum
3894 846 4242 911 consilium
4284 856 4355 912 et
4396 866 4645 914 mentem
4677 854 4758 918 im·

2908 929 3208 1009 mutavit,
3257 940 3329 995 ut
3373 952 3501 995 non
3546 929 3739 997 modo
3796 952 3926 996 non
3984 931 4581 1014 comprehenderint
4613 935 4762 1003 Davi·

2910 1014 3059 1081 dem
3103 1035 3185 1080 ex
3231 1016 3406 1101 regis
3441 1016 3769 1094 mandato,
3812 1026 3887 1083 ut
3919 1027 4150 1082 contra
4186 1019 4626 1102 prophetarum
4652 1024 4763 1090 socii

2906 1101 3063 1167 facti
3107 1102 3255 1166 sint.
3345 1103 3435 1167 Et
3488 1101 3666 1167 istud
3714 1103 3894 1169 Deus
3937 1112 4243 1185 operatus
4287 1115 4406 1184 est,
4463 1113 4535 1169 ut
4569 1128 4629 1171 re
4659 1110 4756 1191 ipss

2909 1193 3220 1252 testatum
3275 1186 3518 1254 faceret
3560 1207 3632 1254 se
3678 1187 4018 1253 hominum
4063 1189 4262 1255 corda
4299 1191 4366 1254 in
4411 1201 4691 1273 potestate
4721 1206 4765 1259 et

2910 1272 3212 1338 manibus
3265 1272 3524 1352 habere,
3577 1294 3744 1357 quae
3804 1295 3922 1357 pro
3966 1294 4087 1340 sua
4142 1276 4477 1342 voluntate
4514 1278 4696 1345 flectat
4724 1290 4769 1344 st

2906 1357 3219 1440 impellat.
3310 1360 3401 1424 Et
3462 1359 3543 1424 de
3611 1357 3835 1426 Saulis
3899 1358 4183 1425 militum
4252 1376 4391 1427 tam
4454 1364 4557 1445 qui
4610 1365 4769 1447 primi,

2909 1463 3103 1526 quam
3149 1445 3260 1527 qui
3306 1445 3573 1510 secundi
3619 1457 3687 1510 et
3731 1447 3906 1510 tertii
3953 1460 4277 1512 venerant
4331 1448 4649 1531 prophetia
4681 1448 4771 1516 dic-

2908 1542 3049 1595 tum
3086 1541 3243 1597 esto.
3310 1530 3490 1596 Sane
3534 1529 3804 1597 Saulem
3850 1531 4276 1598 vehementer
4317 1535 4466 1600 istis
4504 1538 4772 1618 oportebat

2906 1616 3316 1697 commoveri,
3363 1626 3431 1682 et
3487 1637 3840 1700 agnoscere
3898 1638 3968 1683 se
4012 1616 4182 1682 nihil
4239 1618 4550 1686 adversus
4601 1622 4772 1687 Domi·

2909 1723 3066 1765 num
3127 1700 3485 1786 pugnando
3543 1723 3955 1786 promovere:
4015 1702 4129 1768 sed
4185 1703 4281 1771 ita
4337 1715 4556 1771 tamen
4605 1705 4770 1772 obstu-

2909 1788 3052 1869 puit
3109 1800 3184 1852 ut
3243 1788 3367 1852 Dei
3420 1808 3688 1854 manum
3756 1808 3887 1853 non
3955 1791 4252 1856 senserit.
4356 1790 4526 1857 Nam
4579 1804 4638 1857 et
4682 1792 4780 1876 ipsa

2908 1872 3173 1938 tandem
3219 1894 3418 1956 quum
3475 1893 3546 1941 se
3590 1894 3629 1938 a
3671 1872 4061 1940 satellitibus
4116 1874 4255 1940 ludi
4299 1876 4564 1956 videret,
4630 1876 4774 1942 Naio-

2909 1958 3096 2023 thum
3151 1959 3501 2026 contendit.
3602 1959 3713 2024 Ex
3766 1960 4002 2043 quibus
4061 1973 4332 2043 apparet
4387 1962 4690 2046 improbos
4735 1972 4780 2027 et

2907 2044 3264 2128 flagitiosos
3323 2045 3621 2111 homines
3701 2046 3903 2112 nullis
3980 2044 4557 2127 admonitionibus,
4633 2048 4779 2113 nullis

2907 2129 3314 2195 documentis
3359 2130 3442 2195 ad
3486 2131 3716 2197 salutis
3760 2133 3939 2197 viam
3981 2129 4217 2198 adduci
4261 2154 4472 2217 posse,
4526 2133 4632 2201 sed
4666 2155 4778 2200 con·

2906 2224 3011 2281 tra
3067 2218 3275 2301 magis
3334 2238 3409 2283 ac
3468 2218 3674 2300 magis
3730 2217 4045 2295 indurari,
4103 2217 4640 2301 quemadmodum
4685 2222 4781 2303 ipse

2907 2300 3224 2385 propheta
3280 2302 3509 2368 Esaias
3580 2311 3856 2368 testatus
3912 2312 4031 2382 est,
4086 2302 4453 2387 Improbos,
4513 2307 4653 2371 licet
4684 2304 4779 2371 Dei

2907 2388 3180 2472 gloriam
3216 2388 3635 2470 conspiciant,
3674 2409 3804 2453 non
3828 2387 4356 2455 animadvertere
4394 2403 4628 2470 tamen,
4658 2392 4782 2475 quod

2908 2473 3185 2556 caligine
3228 2473 3632 2539 suffocentur
3672 2477 3967 2556 ipsorum
4010 2475 4197 2542 oculi.
4288 2477 4399 2542 En
4444 2491 4521 2545 ut
4560 2479 4782 2562 improbi

2909 2558 3121 2642 magis
3163 2578 3237 2626 ac
3273 2560 3483 2643 magis
3521 2559 3645 2625 Dei
3684 2561 4078 2626 indurantur
4111 2562 4442 2643 operibus,
4488 2574 4553 2631 et
4593 2585 4629 2629 a
4657 2576 4785 2630 recta

2910 2644 3019 2710 via
3052 2643 3313 2728 longius
3350 2665 3609 2728 semper
3643 2645 3903 2713 abeunt.
3951 2646 4129 2713 Hine
4164 2647 4597 2716 admonemur
4627 2650 4787 2715 Deum

2908 2730 3179 2816 precari,
3244 2751 3330 2796 ne
3388 2751 3590 2813 quum
3648 2752 3806 2798 suae
3860 2733 4109 2816 gloriae
4165 2735 4358 2819 signa
4401 2737 4670 2803 ediderit
4701 2757 4787 2800 nos

2908 2836 3196 2899 unquam
3240 2816 3420 2882 sinat
3460 2817 3572 2881 illa
3615 2828 4066 2884 contemnere:
4111 2819 4228 2884 sed
4270 2823 4499 2905 potius
4540 2823 4661 2887 illis
4695 2842 4790 2886 ms·

2910 2903 3011 2988 gis
3055 2922 3130 2968 ac
3173 2903 3383 2986 magis
3426 2901 3507 2966 ad
3552 2902 3990 2969 humilitatem
4048 2904 4446 2986 erudiamur,
4510 2909 4681 2993 eique
4713 2907 4791 2972 de·

2909 2989 3112 3054 bitam
3159 2988 3433 3072 gloriam
3480 2996 3544 3053 et
3588 2988 3900 3054 honorem
3944 2990 4312 3059 reddamus.
4398 2996 4495 3060 Et
4537 3016 4653 3078 quo
4688 3015 4794 3077 gra·

2910 3075 3059 3139 vius
3102 3073 3540 3156 increpaverit
3575 3086 3833 3141 nostras
3865 3076 4261 3159 iniquitates,
4307 3102 4389 3147 eo
4426 3082 4635 3165 magis
4666 3100 4792 3146 com·

2911 3180 3290 3225 moveamur
3345 3172 3412 3226 et
3453 3158 3700 3244 pudore
3753 3162 4211 3228 suffundamur
4252 3176 4529 3251 propter
4570 3176 4795 3251 peccatu,

2911 3266 3112 3328 eoque
3159 3244 3498 3312 ardentius
3555 3246 3623 3311 in
3666 3246 3873 3331 ipsius
3930 3249 4181 3316 cultum
4224 3251 4548 3333 feramur,
4602 3262 4671 3318 ut
4702 3270 4799 3316 um

2911 3332 2998 3396 sit
3053 3343 3276 3397 nostra
3334 3328 3665 3397 beatitudo
3726 3342 3792 3398 et
3847 3334 4146 3416 felicitas,
4207 3337 4433 3404 Deum
4493 3348 4630 3405 toto
4668 3338 4799 3404 vitae

2911 3416 3232 3483 curriculo
3276 3417 3488 3483 colere
3533 3428 3600 3484 et
3645 3419 3892 3485 honore
3935 3420 4154 3488 debito
4201 3424 4499 3492 afficere.

3083 3502 3227 3569 Iam
3264 3522 3420 3569 vero
3463 3504 3654 3590 agite,
3700 3510 3803 3572 etc.

3406 3851 3908 3935 HOMILIA.
3952 3850 4351 3936 LXXIII.

3083 4018 3187 4085 22.
3231 4018 3411 4084 Abiit
3449 4022 3640 4087 etiam
3681 4022 3816 4103 ipse
3857 4023 3931 4087 in
3976 4021 4315 4108 Ramatha‚
4361 4031 4424 4093 et
4460 4026 4627 4092 venit
4652 4042 4795 4108 usque

2913 4106 2999 4171 ad
3040 4106 3369 4170 cisternam
3568 4128 3719 4172 nam
3759 4128 3918 4191 quae
3958 4113 4051 4174 est
4090 4110 4163 4174 in
4208 4109 4430 4190 Socho,
4494 4117 4552 4179 et
4592 4114 4797 4177 intem·

2908 4192 3097 4274 yavit,
3155 4196 3213 4256 et
3251 4192 3447 4257 dixit.-
3548 4214 3590 4258 n
3630 4213 3749 4276 quo
3801 4195 3924 4259 loco
3975 4200 4124 4260 sunt
4169 4194 4437 4266 Samuel
4481 4204 4538 4264 et
4576 4194 4791 4265 Dauid?

2911 4279 3257 4357 dictumque
3299 4283 3389 4342 est
3446 4278 3525 4358 ei,
3579 4298 3708 4345 ecce
3761 4282 3831 4344 in
3877 4280 4115 4345 Naioth
4174 4289 4323 4348 sunt
4374 4287 4452 4350 in
4510 4283 4791 4350 Rau-am

2912 4363 3015 4428 23.
3106 4362 3194 4426 Et
3253 4363 3407 4429 abiit
3451 4363 3523 4427 in
3570 4364 3805 4432 Naioth
3867 4367 3939 4431 in
3984 4366 4325 4455 Ramatha,
4386 4378 4449 4437 et
4500 4374 4693 4452 factus
4733 4370 4794 4432 aa

2911 4451 3096 4515 etiam
3155 4469 3344 4530 super
3396 4470 3540 4516 eum
3594 4453 3866 4531 spiritus
3920 4451 4066 4531 Dei,
4123 4458 4181 4518 et
4237 4459 4607 4524 ambulabat
4654 4458 4800 4537 5³⁸9*st

2911 4535 3110 4615 diens,
3166 4539 3223 4598 et
3251 4536 3663 4617 prophetabat
3713 4539 4063 4619 usquedum
4101 4543 4341 4609 veniret
4384 4545 4463 4609 in
4511 4542 4722 4607 Naias
4756 4540 4797 4603 ίι

2915 4619 3252 4687 Ramatha.
3298 4621 3400 4686 24.
3468 4623 3558 4687 Et
3600 4624 3969 4706 exspoliavit
4009 4624 4195 4689 etiam
4237 4629 4377 4711 ipse
4422 4651 4497 4697 se
4536 4632 4799 4695 vestimen·

2910 4708 2994 4773 tis
3035 4707 3191 4787 suiS,
3248 4713 3306 4774 et
3335 4709 3733 4791 prophetavit
3785 4731 3926 4778 cum
3969 4714 4228 4779 caeteris
4267 4734 4491 4782 coram
4542 4712 4798 4781 Sanum:

2911 4798 2968 4857 et
3008 4794 3225 4860 cecidit
3282 4795 3491 4861 nudus
3532 4800 3660 4861 tota
3715 4798 3819 4863 die
3859 4797 3977 4863 illa
4020 4801 4078 4861 et
4116 4804 4303 4866 nocte.
4413 4801 4593 4869 Unde
4630 4806 4681 4869 et
4712 4794 4801 4865 ω’·

2910 4880 2999 4944 vit
3032 4878 3463 4962 proverbium.-
3506 4881 3684 4949 Num
3723 4889 3783 4949 et
3823 4882 3983 4950 Saul
4025 4883 4185 4951 inter
4216 4888 4630 4971 prophetas?
