5059 6059
810 309 942 376 575

2460 306 2874 374 HOMILIA
2915 306 3174 374 XCIII.

4662 307 4780 373 5⁷6

812 520 961 564 aum
1023 519 1139 563 nos
1193 495 1712 581 insurgentium,
1773 503 1841 561 et
1895 493 2136 560 diaboli
2184 497 2372 596 'ipsos
2418 495 2759 561 incitantis
2859 495 3067 561 iectos
3090 515 3234 561 esse
3256 495 3558 573 voluerit,
3594 503 3662 559 et
3702 493 3923 561 hostes
3966 495 4244 560 multum
4291 494 4486 560 nobis
4527 514 4786 578 praeva-

815 586 996 650 furor
1039 594 1106 648 et
1144 584 1359 650 rabies
1394 582 1610 661 fuerit,
1656 601 1732 647 eo
1772 581 2049 648 maiores
2091 602 2345 648 ammos
2380 580 2757 660 habeamus,

814 671 1161 751 Deumque
1221 668 1390 734 votis
1450 666 1932 734 ardentioribus
1974 689 2336 752 precemur,
2393 677 2573 733 certo
2619 687 2759 750 per·

812 756 988 821 suasi
1047 774 1381 838 nunquam
1451 755 1669 836 ipsum
1739 751 1925 818 nobis
1981 753 2391 819 defuturum:
2458 752 2575 819 sed
2631 773 2760 836 quo

809 841 1018 906 maior
1040 840 1331 906 hostium
1355 839 1737 922 improbitas
1758 840 1973 923 fuerit,
2000 860 2076 906 eo
2097 840 2530 923 propinquius
2553 839 2759 923 ipsius

809 926 1127 993 auxilium
1175 925 1574 990 adfuturum.

983 1013 1193 1078 Porro
1238 1010 1563 1076 Davidem
1613 1009 1775 1077 Saul
1835 1013 2223 1094 insequutus
2264 1021 2382 1091 est,
2440 1031 2589 1077 cum
2639 1009 2758 1075 tri·

810 1098 932 1165 bus
976 1097 1265 1162 millibus
1312 1098 1600 1162 virorum
1646 1096 2049 1163 delectorum
2096 1117 2176 1162 ex
2223 1095 2491 1176 Israele,
2554 1116 2758 1179 quum

806 1185 924 1250 ille
981 1182 1308 1250 sexcentis
1367 1192 1622 1248 tantum
1682 1182 2003 1249 militibus
2062 1182 2344 1265 stipatus
2400 1196 2605 1258 esset,
2680 1190 2759 1247 ut

811 1282 964 1337 ante
1018 1267 1322 1335 vidimus.
1421 1268 1560 1333 Nae
1618 1267 1678 1333 si
1735 1288 2185 1351 comparemus
2239 1269 2411 1333 iuter
2467 1290 2540 1333 se
2593 1268 2758 1333 istos

807 1356 1161 1436 exercitus,
1205 1355 1397 1438 longe
1431 1354 1645 1436 impar
1688 1354 1814 1419 fuit
1856 1355 2198 1438 utriusque
2243 1355 2430 1419 ratio.
2476 1352 2760 1418 Davidis

811 1443 987 1509 enim
1034 1441 1209 1524 socii,
1256 1440 1381 1505 viri
1424 1439 1617 1524 egeni
1638 1448 1705 1505 et
1748 1440 1972 1505 afflicti
2015 1441 2128 1523 qui
2162 1439 2246 1504 ad
2290 1441 2504 1524 ipsum
2529 1439 2758 1505 confu-

814 1538 1071 1614 gerant,
1113 1546 1240 1591 non
1270 1536 1455 1590 erant
1477 1525 1548 1590 in
1573 1526 1774 1592 armis
1796 1525 2157 1606 exercitati,
2200 1525 2370 1592 sicut
2408 1546 2569 1609 quos
2594 1523 2756 1592 Saul

812 1635 895 1680 ex
919 1612 1163 1679 Israele
1208 1610 1559 1697 delegerat.
1616 1611 1707 1676 Et
1742 1613 2063 1695 potuisset
2087 1609 2254 1678 Saul
2296 1613 2493 1695 longe
2536 1611 2758 1694 plures

810 1719 1087 1774 armare,
1133 1708 1201 1764 et
1245 1698 1518 1781 triginta
1561 1707 1678 1762 aut
1719 1697 2157 1782 quadraginta
2188 1697 2368 1762 mille
2412 1697 2754 1762 hominum

808 1784 1170 1852 exereitum
1217 1782 1626 1850 conscribere
1644 1807 1664 1848 .·
1721 1782 1835 1848 sed
1871 1784 2082 1848 tribus
2125 1782 2255 1849 illis
2299 1781 2590 1848 millibus
2633 1783 2760 1848 fuit

808 1880 1181 1948 contentus,
1240 1890 1324 1934 ne
1367 1870 1682 1933 maiorem
1740 1869 1807 1933 in
1854 1868 2119 1954 regione
2178 1868 2538 1934 tumultum
2581 1869 2754 1934 exci-

811 1970 1002 2035 taret,
1038 1964 1108 2021 et
1129 1976 1215 2021 ne
1239 1956 1376 2039 ipse
1398 1953 1522 2020 sibi
1546 1953 1827 2020 dedecus
1850 1964 2231 2034 accerseret,
2270 1955 2578 2020 miserum
2604 1973 2756 2037 pro-

811 2044 1037 2145 fagum
1063 2041 1289 2125 paucis
1311 2041 1621 2122 stipatum
1662 2039 1982 2105 militibus
2019 2059 2434 2123 persequens.
2480 2039 2759 2105 Davidis

810 2129 1016 2214 igitur
1058 2126 1218 2192 socii
1262 2125 1658 2192 videbantur
1700 2125 1999 2193 oviculae
2041 2127 2113 2190 in
2160 2127 2422 2192 leonum
2468 2126 2759 2192 faucibus

808 2214 1077 2299 positae,
1122 2223 1193 2278 et
1232 2212 1512 2295 ipsemet
1543 2211 1802 2276 misella
1837 2213 1979 2277 ovis
2017 2232 2169 2277 mox
2206 2210 2548 2278 lanianda:
2595 2230 2758 2295 quo-

806 2299 1006 2366 modo
1049 2299 1226 2364 enim
1270 2299 1561 2364 sexcenti
1604 2296 1704 2361 illi
1748 2297 2051 2363 homines
2104 2297 2393 2364 inermes
2434 2306 2501 2362 et
2544 2316 2759 2361 armo-

811 2407 960 2452 rum
1006 2383 1335 2466 inexperti
1380 2391 1481 2448 tot
1525 2382 1816 2449 millibus
1859 2383 2297 2449 restitissent?
2346 2382 2601 2450 Idcirco
2621 2382 2761 2447 Da-

810 2472 929 2536 vid
973 2471 1129 2554 fuga
1163 2469 1444 2536 salutem
1469 2467 1592 2535 sibi
1630 2467 2002 2552 quaerebat,
2046 2477 2114 2534 st
2158 2471 2224 2533 in
2264 2468 2534 2535 latebris
2576 2488 2760 2552 prae-

813 2556 1058 2624 sidium
1116 2554 1421 2638 ponebat,
1479 2574 1558 2619 ea
1619 2553 1990 2621 conditione
2050 2564 2418 2634 contentus,
2470 2554 2538 2625 ai
2599 2551 2758 2620 Saul

812 2643 1110 2726 quietum
1153 2641 1370 2723 ipsum
1416 2639 1824 2722 reliquisset:
1867 2661 2242 2724 quanquam
2284 2640 2509 2708 illatae
2546 2640 2616 2705 vi
2658 2661 2763 2706 re-

813 2729 1049 2795 sistere
1106 2724 1400 2810 parabat,
1462 2727 1577 2791 sed
1634 2726 1728 2790 ita
1781 2734 2007 2791 tamen
2063 2734 2136 2792 ut
2192 2725 2482 2794 cedendo
2542 2726 2765 2809 potius

810 2833 1008 2898 quam
1054 2809 1408 2896 pugnando
1453 2812 1808 2877 resisteret.
1867 2812 2114 2879 Misera
2156 2813 2375 2896 itaque
2417 2811 2761 2878 hominum

816 2898 1125 2984 opinione
1168 2896 1446 2962 Davidis
1491 2896 1795 2975 conditio,
1856 2898 1965 2964 cui
2007 2896 2233 2964 nullus
2279 2898 2560 2964 dabatur
2603 2899 2766 2963 effu-

815 2984 1037 3072 giendi
1081 2982 1352 3067 periculi
1401 2985 1593 3058 locus,
1654 2993 1720 3048 et
1777 2984 1891 3075 qui
1928 3003 2080 3050 cum
2138 2984 2366 3051 multis
2409 2984 2556 3050 aliis
2592 2981 2761 3050 diffi-

812 3071 1167 3138 cultatibus
1209 3069 1597 3135 luctabatur.
1695 3069 1887 3145 Nam,
1934 3080 2007 3135 ut
2050 3069 2412 3137 verisimile
2454 3078 2576 3150 est,
2625 3090 2764 3136 non

812 3166 958 3226 erat
998 3157 1199 3222 rebus
1251 3156 1632 3221 necessariis
1674 3154 2024 3221 admodum
2081 3156 2467 3233 instructus,
2530 3164 2605 3221 ut
2648 3154 2765 3240 qui

812 3245 889 3310 in
933 3242 1193 3309 deserto
1230 3242 1431 3306 vitam
1475 3250 1718 3325 ageret,
1779 3251 1845 3307 et
1889 3242 2071 3306 omni
2115 3242 2363 3309 auxilio
2410 3242 2764 3308 destitutus

802 3339 1012 3396 esset.
1056 3328 1219 3405 Nae,
1264 3326 1322 3391 si
1367 3326 1683 3392 voluisset
1720 3327 1923 3403 Deus,
1971 3326 2334 3393 multorum
2380 3329 2637 3395 animos
2681 3326 2766 3394 ad

819 3413 1065 3481 Davidi
1107 3410 1409 3478 ferendas
1450 3412 1787 3495 suppetias
1830 3413 2201 3492 excitasset,
2239 3424 2308 3479 et
2352 3412 2437 3478 ad
2459 3434 2612 3479 eum
2655 3412 2768 3478 ad-

822 3521 1053 3566 versus
1121 3496 1346 3564 Saulis
1409 3498 1696 3563 furorem
1763 3498 2147 3583 tutandum,
2211 3498 2766 3583 quemadmodum

826 3587 1128 3668 deinceps
1186 3586 1430 3649 factum
1491 3582 1872 3657 videbimus.
1936 3583 2152 3650 subito
2197 3586 2523 3650 maximae
2560 3586 2767 3668 partis

822 3671 1051 3758 populi
1095 3671 1330 3737 animis
1373 3670 1759 3753 immutatis,
1817 3675 1891 3736 et
1929 3668 2057 3753 ipsi
2116 3670 2371 3753 placide
2428 3692 2574 3736 sese
2618 3671 2769 3736 sub-

824 3754 1250 3835 mittentibus,
1309 3755 1422 3838 qui
1464 3763 1659 3821 antea
1701 3754 1956 3821 infestis
2011 3755 2250 3821 animis
2290 3759 2509 3841 ipsum
2553 3777 2767 3841 perse-

825 3841 1216 3927 quebantur.
1274 3840 1527 3907 Verum
1570 3841 1666 3906 ita
1711 3841 1956 3924 placuit
1995 3841 2125 3925 ipsi
2160 3840 2493 3909 Davidem
2539 3863 2767 3910 excer-

825 3951 993 4005 cere,
1048 3935 1119 3992 et
1174 3927 1244 3991 in
1304 3936 1518 3991 tantas
1565 3929 1903 4012 angustias
1963 3927 2281 4012 redigere,
2337 3937 2406 3994 et
2448 3949 2580 3995 non
2627 3928 2768 3995 siue

812 4014 1039 4085 =causis
1078 4011 1405 4096 legitimis.
1461 4011 1635 4077 Nam
1674 4011 2016 4078 demittere
2051 4023 2120 4078 et
2158 4013 2504 4081 humiliare
2548 4016 2768 4098 ipsum

822 4102 988 4179 vult,
1035 4119 1164 4183 quo
1205 4097 1545 4164 ardentius
1590 4096 1672 4163 ab
1715 4098 1857 4182 ipso
1895 4099 2255 4176 invocetur,
2299 4110 2366 4166 et
2387 4101 2770 4182 experiatur

825 4208 1014 4254 suam
1062 4183 1341 4251 salutem
1388 4204 1429 4250 a
1471 4183 1609 4250 sola
1645 4182 1772 4249 Dei
1805 4183 2087 4252 vindicis
2129 4204 2326 4250 manu
2371 4198 2437 4250 et
2479 4186 2771 4269 gratuita

826 4274 1116 4339 bonitate
1160 4269 1468 4355 pendere.
1556 4270 1862 4353 Denique
1905 4269 2095 4337 Deus
2139 4269 2433 4336 ostendit
2472 4271 2766 4337 fidelium

825 4358 1107 4424 salutem
1148 4367 1286 4422 tam
1330 4355 1619 4438 corporis
1666 4376 1865 4439 quam
1908 4356 2186 4434 animae,
2231 4377 2361 4420 non
2408 4377 2448 4420 a
2487 4359 2770 4423 terrenis

825 4443 1077 4521 mediis,
1121 4441 1236 4508 sed
1273 4462 1314 4506 a
1356 4441 1496 4507 sola
1517 4441 1646 4507 Dei
1689 4441 1935 4506 virtute
1978 4440 2282 4526 pendere.
2337 4442 2521 4509 Haec
2562 4442 2770 4528 igitur

826 4528 1133 4612 exempla
1197 4526 1480 4592 Davidis
1524 4525 1904 4592 meditanda
1946 4535 2103 4593 sunt
2144 4527 2350 4608 nobis,
2396 4550 2589 4614 quem
2636 4550 2769 4595 non

826 4626 1084 4681 tantum
1135 4613 1381 4679 viribus
1422 4615 1739 4696 imparem
1782 4612 1989 4678 fuisse
2033 4612 2346 4693 hostibus,
2408 4615 2521 4681 sed
2567 4617 2768 4682 etiam

827 4701 1005 4768 omni
1072 4698 1324 4765 auxilio
1381 4698 1767 4764 destitutum
1829 4697 2160 4777 videmus,
2222 4720 2352 4782 quo
2417 4702 2769 4767 imminens

827 4788 1024 4870 capiti
1068 4784 1429 4869 periculum
1467 4785 1809 4869 effugeret.
1857 4781 2123 4867 Scripta
2155 4787 2329 4850 enim
2368 4786 2555 4852 nobis
2590 4794 2655 4851 et
2696 4788 2768 4852 in

828 4894 1015 4939 usum
1062 4893 1137 4938 ac
1180 4870 1546 4936 doctrinam
1591 4882 1885 4936 nostram
1931 4881 2033 4936 est
2069 4870 2228 4936 haec
2265 4870 2561 4938 historia.
2607 4872 2769 4937 Fuit

827 4959 1024 5037 enim,
1069 4968 1144 5023 ut
1188 4966 1341 5021 ante
1383 4977 1577 5040 saepe
1621 4955 1925 5040 diximus,
1971 4955 2192 5021 David
2235 4958 2451 5041 imago
2495 4957 2766 5023 Domini

828 5043 1035 5109 nostri
1069 5042 1222 5108 Iesu
1268 5041 1542 5122 Christi,
1583 5052 1651 5106 et
1694 5046 1892 5109 totius
1938 5042 2267 5108 ecclesiae.
2335 5040 2547 5126 Caput
2591 5044 2764 5109 enim

804 5129 995 5194 mihil
1073 5128 1273 5194 habet
1337 5127 1673 5212 proprium
1700 5176 1717 5211 ,
1798 5128 1909 5193 sed
1968 5146 2118 5192 cum
2177 5128 2484 5194 membris
2548 5131 2768 5195 omnia

827 5215 1217 5287 communia.
1283 5211 1509 5294 Quare
1551 5233 1756 5296 quum
1803 5234 1928 5279 nos
1973 5211 2154 5279 Deus
2208 5212 2503 5280 infirmos
2548 5223 2615 5281 et
2660 5215 2769 5280 ab·

2862 580 3019 659 lere,
3076 602 3117 647 a
3161 580 3398 664 quibus
3458 581 3724 646 iamiam
3789 580 4083 646 laniandi
4128 580 4497 657 videamur,
4550 592 4619 645 et
4657 592 4788 646 tan·

2862 686 3064 750 quam
3107 669 3385 733 miseras
3444 689 3599 734 oves
3643 687 3683 730 a
3739 666 4142 732 saevissimis
4196 675 4265 732 et
4318 665 4641 731 famelicis
4680 666 4790 732 leo-

2865 752 3062 818 nibus
3107 753 3405 835 vorandi,
3459 775 3545 817 ne
3604 752 3672 817 id
3717 773 3961 819 novum
4018 761 4084 816 et
4139 753 4435 820 insolens
4478 754 4668 817 nobis
4709 753 4790 816 vi·

2864 839 3115 916 deatur,
3160 858 3365 921 quum
3402 840 3526 905 insi
3578 859 3658 904 ne
3700 838 3788 905 sit
3830 836 4000 922 quod
4037 837 4142 904 hic
4185 837 4582 923 proponitur
4605 837 4792 902 Davi·

2863 924 2969 989 dis
3010 924 3405 1008 exemplum.
3703 924 4032 989 discamus
4076 923 4222 989 Deo
4277 945 4396 989 nos
4442 922 4794 1004 deiiciente,

2863 1021 2930 1074 et
2971 1010 3176 1075 variis
3211 1011 3691 1077 calamitatibus
3726 1021 4072 1075 exercente
4109 1031 4235 1076 non
4269 1009 4557 1091 obloqui,
4607 1030 4794 1090 neque

2862 1096 3208 1161 insolentia
3264 1109 3331 1161 et
3389 1096 3766 1181 arrogantia
3823 1095 4074 1161 efferri:
4135 1095 4247 1161 sed
4306 1106 4550 1179 sponte
4594 1114 4793 1161 coram

2862 1180 3009 1248 Deo
3053 1180 3455 1260 deiiciamnr,
3500 1190 3569 1248 et
3610 1202 3695 1246 ne
3738 1180 4115 1247 dubitemus
4160 1182 4321 1265 quin
4367 1179 4564 1247 Deus
4600 1182 4671 1245 in
4709 1181 4794 1245 in·

2862 1267 3174 1333 firmitate
3230 1277 3453 1334 nostra
3499 1268 3635 1333 vim
3689 1288 3881 1333 suam
3923 1278 3990 1332 et
4031 1267 4392 1366 potentiam
4435 1278 4708 1332 exserat
4742 1280 4794 1332 et

2862 1354 3243 1436 patefaciat:
3300 1365 3368 1418 et
3425 1351 3889 1420 afflictionibus
3947 1352 4264 1434 deiectos,
4321 1363 4391 1418 et
4449 1352 4536 1418 ad
4599 1354 4796 1435 ipsum

2861 1438 3308 1505 invocandum
3351 1441 3623 1523 eiusque
3665 1439 3986 1505 auxilium
4031 1439 4520 1522 implorandum
4565 1439 4796 1504 excita-

2862 1534 2967 1589 tos
3011 1526 3241 1609 erigat,
3275 1535 3344 1591 et
3385 1526 3715 1608 cognitam
3761 1525 4214 1590 infirmitatem
4258 1535 4562 1590 nostram
4607 1525 4800 1591 subls-

2863 1619 3006 1693 vet3
3083 1610 3257 1693 quod
3325 1612 3611 1677 rationes
3677 1610 3916 1676 habeat
3979 1630 4132 1677 suos
4197 1609 4565 1676 adiuvandi
4629 1611 4800 1676 nobis

2863 1697 3265 1781 incognitas,
3324 1707 3391 1762 et
3446 1706 3671 1764 nostro
3725 1696 3967 1762 iudicio
4033 1696 4489 1780 impossibiles.
4589 1696 4802 1779 Itaque

2863 1781 3018 1848 licet
3039 1802 3169 1847 non
3206 1803 3282 1849 eo
3306 1793 3637 1848 momento
3660 1803 3789 1866 quo
3810 1792 4273 1867 exoptaremus
4299 1783 4529 1848 hostes
4553 1794 4800 1849 nostros

2863 1869 3196 1952 profliget,
3264 1867 3428 1934 nihil
3486 1880 3707 1935 tamen
3767 1888 3882 1935 eos
3937 1866 4287 1934 adversum
4347 1889 4470 1934 nos
4541 1888 4801 1934 ausurus

2862 1962 3117 2020 certum
3161 1960 3282 2032 est,
3327 1953 3455 2019 nisi
3500 1953 3670 2037 quod
3716 1953 3857 2038 ipse
3901 1954 4304 2038 permiserit:
4344 1963 4414 2018 et
4460 1952 4614 2019 Deo
4659 1954 4799 2038 ipsis

2864 2038 3055 2105 nobis
3095 2038 3518 2123 praevalendi
3544 2040 3795 2107 viribus
3820 2039 4014 2107 dante
4059 2048 4452 2123 potestatem
4474 2040 4799 2106 commodo

2864 2133 3092 2191 nostro
3127 2125 3288 2205 fieri,
3333 2147 3493 2209 quos
3529 2148 3609 2193 ea
3642 2126 3898 2191 ratione
3941 2127 4293 2210 castigatos
4335 2124 4612 2192 erudire
4657 2127 4796 2191 vult.

2862 2210 3084 2294 Atque
3129 2211 3291 2278 haec
3333 2212 3473 2278 sola
3519 2212 3704 2278 nobis
3748 2213 3914 2279 ratio
3958 2209 4152 2276 debet
4192 2212 4520 2279 sufficere.
4569 2212 4800 2294 Quam·

2865 2297 3091 2363 obrem
3136 2318 3334 2381 quum
3384 2297 3577 2363 hodie
3619 2297 3907 2380 undique
3950 2297 4253 2364 miseram
4313 2297 4657 2364 ecclesiam
4701 2320 4801 2364 nr-

2865 2383 3009 2469 geri
3053 2383 3344 2450 hostium
3370 2383 3621 2449 viribus
3642 2384 4144 2467 conspiciamus,
4187 2391 4255 2448 et
4289 2382 4413 2449 sibi
4452 2384 4541 2450 de
4564 2386 4805 2450 miseris

2867 2469 3275 2553 triumphum
3337 2468 3647 2552 polliceri,
3703 2469 3888 2553 quasi
3933 2488 4055 2535 sua
4095 2471 4317 2536 omnia
4358 2472 4638 2536 consilia
4676 2472 4802 2535 sint

2866 2554 2950 2619 ad
3010 2556 3260 2620 exitum
3319 2554 3701 2639 perducturi
3722 2606 3737 2629 ,
3797 2554 3971 2637 quod
4019 2565 4086 2620 et
4141 2556 4343 2639 copiis
4403 2565 4470 2620 et
4530 2557 4804 2623 consiliis

2867 2641 3178 2707 instructi
3234 2640 3385 2721 sint,
3444 2661 3528 2706 ne
3585 2642 3883 2706 animum
3942 2640 4361 2707 abiiciamus:
4421 2641 4544 2707 sed
4600 2643 4804 2726 potins

2868 2728 2994 2792 ista
3049 2726 3472 2793 meditatione
3524 2727 3953 2804 consolemur,
4012 2727 4181 2791 nihil
4241 2747 4494 2792 novum
4540 2737 4610 2793 et
4651 2729 4804 2793 inso-

2867 2813 3012 2878 lens
3075 2812 3399 2879 accidere:
3458 2812 3574 2878 sed
3637 2833 3783 2878 eam
3851 2832 3993 2878 esse
4050 2813 4341 2878 omnium
4403 2814 4803 2881 saeculorum

2868 2897 3176 2967 ecclesiae
3212 2897 3669 2979 conditionem,
3709 2918 3902 2981 quam
3945 2899 4143 2964 variis
4182 2897 4394 2963 modis
4413 2898 4611 2967 Deus
4639 2922 4808 2966 exa·-

2868 2984 3025 3064 cuit,
3088 2993 3165 3049 ut
3207 2994 3524 3067 quotquot
3566 2983 3792 3051 fideles
3834 2985 4095 3051 fort-iter
4137 3005 4368 3050 omnes
4411 3006 4610 3051 casus
4653 2986 4806 3051 tule-

2869 3082 3044 3149 runt,
3103 3070 3406 3155 exemplo
3466 3071 3652 3136 nobis
3696 3070 3830 3136 sint
3890 3069 4241 3152 patientiae
4287 3081 4356 3136 et
4398 3070 4808 3151 fortitudinis,

2865 3165 2936 3223 et
2977 3177 3088 3222 eos
3131 3167 3366 3240 sponte
3408 3176 3761 3239 sequamur
3803 3168 3869 3220 et
3912 3155 4286 3223 imitemur:
4329 3178 4408 3224 ac
4449 3156 4614 3223 lieet
4647 3158 4812 3223 mille

2869 3243 3100 3309 mortis
3122 3241 3426 3325 periculis
3461 3243 3681 3326 urgeri
3704 3241 4070 3319 videamur,
4115 3242 4553 3308 nihilominus
4597 3245 4671 3309 in
4703 3265 4814 3310 sus

2869 3329 3145 3411 quisque
3205 3327 3551 3395 vocatione
3604 3328 3864 3392 fortiter
3929 3338 4003 3393 et
4057 3327 4505 3410 imperterrite
4571 3340 4813 3416 pergat,

2870 3413 3003 3480 Dei
3048 3414 3257 3479 nostri
3314 3413 3606 3480 bonitate
3651 3422 3719 3479 et
3775 3414 4022 3479 virtute
4074 3413 4304 3495 fretus,
4359 3416 4471 3498 qni
4519 3425 4813 3500 tempore

2873 3510 3244 3583 opportuno
3287 3520 3369 3567 ex
3429 3499 3732 3565 omuibus
3790 3498 4098 3582 periculis
4158 3511 4420 3581 ereptos
4475 3504 4808 3568 recreabit

2871 3585 3136 3653 Scimus
3180 3586 3357 3650 enim
3393 3606 3509 3668 spe
3553 3605 3673 3650 sua
3714 3606 4052 3669 nunquam
4098 3585 4420 3652 excidisse
4475 3588 4592 3671 qui
4639 3608 4810 3672 spem

2870 3691 3058 3737 suam
3101 3671 3171 3738 iu
3214 3669 3362 3736 Deo
3408 3682 3861 3754 reposuerunt.
3908 3670 4045 3737 Nos
4088 3671 4308 3754 itaque
4351 3672 4518 3755 ipsis
4560 3676 4812 3739 confor-

2870 3757 3043 3823 mari
3088 3778 3171 3821 ne
3212 3756 3454 3842 pigeat,
3500 3768 3571 3823 ut
3605 3757 3673 3821 in
3707 3777 3784 3821 eo
3829 3777 4013 3839 spem
4052 3766 4349 3823 nostram
4372 3778 4414 3823 a
4455 3779 4592 3841 quo
4615 3759 4810 3825 adiuti

2871 3851 3028 3910 sunt
3070 3863 3383 3927 reponere
3427 3862 3560 3908 non
3605 3840 4008 3907 dubitemus:
4068 3842 4184 3925 qui
4223 3845 4542 3927 quoniam
4588 3847 4811 3911 immu-

2871 3928 3087 3995 tabilis
3130 3937 3252 4007 est,
3306 3937 3527 3994 noster
3569 3928 3769 3993 etiam
3811 3928 4070 3993 adiutor
4111 3937 4231 4007 est,
4288 3938 4354 3993 et
4401 3950 4642 3997 eorum
4685 3954 4808 3996 om-

2873 4016 3059 4081 nium
3105 4014 3220 4098 qui
3264 4013 3348 4080 ad
3390 4014 3604 4098 ipsum
3650 4012 3843 4079 rebus
3900 4014 4199 4098 angustis
4242 4023 4309 4080 et
4351 4016 4622 4082 afflictis
4668 4038 4806 4085 con-

2873 4102 3155 4187 fugiunt,
3199 4109 3268 4166 et
3311 4120 3491 4183 spem
3537 4100 3607 4164 in
3650 4100 3792 4183 ipso
3836 4099 4174 4166 collocant.

3044 4185 3254 4252 Porro
3315 4207 3443 4269 quo
3488 4184 3721 4251 melius
3758 4185 4056 4268 exemplo
4098 4184 4385 4252 Davidis
4426 4189 4806 4264 excitemur,

2871 4293 3065 4356 quem
3110 4272 3191 4337 de
3250 4272 3375 4339 hac
3417 4293 3490 4336 re
3539 4271 3867 4354 psalmum
3909 4271 4271 4354 composuit
4326 4274 4805 4355 expendamus:

2873 4357 3184 4444 frigidum
3228 4359 3405 4422 enim
3441 4358 3609 4423 foret
3652 4357 4026 4440 exemplum
4070 4358 4211 4423 sine
4246 4356 4567 4435 doctrina,
4607 4381 4806 4444 qnan-

2872 4443 3221 4527 doquidem
3263 4455 3399 4509 tam
3445 4442 3664 4513 hebeti
3701 4442 4086 4526 plerumque
4130 4464 4363 4509 sumus
4405 4446 4700 4530 ingenio,
4737 4459 4802 4510 ut

2874 4529 3036 4595 nihil
3086 4529 3212 4594 nisi
3231 4528 3404 4614 quod
3429 4530 3496 4594 in
3520 4529 3743 4595 oculos
3778 4530 4127 4596 incurrerit
4155 4530 4804 4612 comprehendamus.

2872 4614 3096 4682 David
3139 4617 3343 4700 igitur
3383 4616 3583 4681 etiam
3618 4614 3990 4680 doctrinam
4025 4616 4383 4698 proposuit,
4428 4629 4510 4681 ut
4542 4618 4802 4697 diligen·

2873 4710 2976 4768 ter
3020 4722 3097 4768 ea
3139 4722 3310 4784 quae
3348 4702 3474 4786 ipsi
3510 4701 3930 4786 contigerunt
3962 4703 4361 4780 intueamur,
4406 4714 4478 4768 et
4521 4705 4588 4768 in
4625 4723 4798 4770 nsunt

2872 4796 2940 4855 et
2979 4788 3258 4852 salutem
3305 4798 3594 4854 nostram
3638 4786 4057 4870 applicemus.
4132 4786 4402 4853 Psalmo
4446 4789 4671 4873 itaque
4708 4791 4794 4855 54.

2870 4872 3093 4939 David
3139 4875 3470 4957 praedicat
3501 4894 3573 4939 se
3616 4874 4057 4956 precationem
4083 4892 4248 4954 quae
4285 4874 4425 4939 illic
4444 4877 4794 4942 continetur

2871 4959 3252 5037 instituisse,
3310 4980 3436 5043 quo
3496 4967 3789 5042 tempore
3832 4958 4104 5042 Ziphaei
4161 4959 4244 5024 ad
4304 4957 4576 5027 Saulem
4623 4982 4790 5027 vens-

2872 5056 3047 5124 runt,
3092 5066 3372 5130 eumque
3414 5045 3497 5111 ad
3532 5043 3859 5110 Davidem
3906 5044 4384 5128 insequendum
4421 5050 4790 5113 excitarunt.

2870 5129 3130 5211 Quibus
3187 5133 3391 5217 igitur
3446 5129 3910 5207 afflictionibus
3966 5130 4294 5197 exercitus
4353 5134 4557 5198 fuerit
4601 5131 4788 5200 David

2868 5237 2946 5283 eo
2989 5217 3130 5284 loco
3173 5226 3656 5301 commemorat,
3702 5216 3938 5283 deinde
3981 5237 4108 5300 quo
4142 5219 4370 5285 animo
4405 5218 4620 5286 Deum
4665 5240 4788 5304 pre-
