5059 6059
288 241 374 308 57
381 244 419 308 7

1573 241 1670 305 IN
1719 242 1771 307 Ι.
1819 240 1999 307 LIB.
2050 238 2455 308 SAMUEL.
2501 240 2705 307 OAP.
2751 240 3023 310 XXVI.

4188 244 4320 311 578

283 434 482 502 uibus
519 428 914 510 sollieitarit,
958 439 1025 496 et
1067 430 1306 511 quibus
1349 400 1566 497 verbis
1610 443 1761 493 eum
1807 428 2251 511 oompellarit,
2361 427 2573 494 versis
2634 430 2986 497 haetenus:
3057 430 3515 514 expendamus
3566 432 3767 499 etiam
3835 451 4061 499 vooem
4127 432 4319 501 illam

292 518 628 602 inquiens:
682 515 958 580 Domine
1016 513 1194 581 Deus
1238 521 1506 596 propter
1558 534 1780 579 nomen
1832 519 2011 578 tuum
2062 534 2252 579 serva

291 626 413 684 me,
456 607 515 667 et
553 602 930 684 fortitudine
975 605 1088 666 tua
1129 621 1393 666 oausam
1433 620 1639 665 meam
1679 619 1817 683 aye.
1863 599 2045 664 Deus
2089 599 2253 664 audi

292 690 638 757 orationem
679 707 902 765 meam,
947 706 1168 752 aurem
1209 687 1460 752 adverte
1478 687 1567 751 ad
1598 705 1913 751 somnone-⁴3
1934 685 2068 750 oris
2101 685 2249 750 mei.

297 777 476 843 Nam
498 773 692 841 exteri
724 772 1062 855 insumunt
1098 773 1169 836 in
1202 792 1320 851 me,
1355 776 1415 835 et
1454 771 1705 842 violenti
1725 776 2038 853 quaerunt
2055 770 2254 835 vitam

291 879 515 929 mam.
571 857 733 924 Ecce
774 857 958 923 Deus
999 857 1260 923 adiuvat
1301 877 1427 922 m:
1473 855 1793 923 Dominus
1836 861 1928 921 est
1967 856 2252 921 intereos

291 949 409 1031 qai
440 949 786 1013 sustentant
818 945 1012 1008 vitam
1045 962 1265 1008 meam.
1313 940 1607 1008 Tandem
1634 962 1790 1008 vero
1810 940 2034 1006 David
2060 961 2251 1025 prae-

294 1034 474 1100 dioat
513 1050 586 1097 se
632 1030 977 1095 liberatum
1003 1028 1274 1093 Domini
1323 1029 1589 1110 virtute,
1635 1025 1860 1092 laudes
1894 1028 2023 1109 ipsi
2057 1038 2248 1110 grato

292 1120 518 1184 animo
572 1116 929 1195 dieturum,
985 1124 1053 1179 et
1108 1115 1647 1192 sacrificaturum,
1709 1134 1841 1177 non
1898 1132 2092 1195 paroe
2135 1112 2251 1176 sed

290 1202 691 1270 liberaliter:
752 1214 818 1265 et
861 1202 931 1264 in
974 1200 1105 1266 ista
1146 1199 1511 1284 gratiarum
1555 1198 1814 1264 actione
1870 1218 2252 1281 persevera-

292 1307 520 1356 turum
567 1284 738 1370 quod
775 1286 902 1352 Dei
941 1287 1299 1350 bonitatem
1336 1284 1722 1368 degustarit‚
1766 1304 1807 1347 a
1850 1303 1979 1366 quo
2021 1301 2253 1365 preoes

294 1376 507 1459 ipsius
551 1373 899 1438 exauditae
943 1384 1117 1437 sunt.
1208 1370 1629 1453 Quapropter
1687 1389 1894 1452 quum
1939 1368 2252 1434 eeclesiae

291 1461 736 1529 eonditionem
780 1478 925 1524 eam
969 1478 1112 1522 esse
1155 1476 1324 1539 quae
1368 1454 1498 1521 fuit
1519 1453 1795 1520 Davidis
1829 1453 2247 1520 animadver-

292 1563 549 1629 temus,
621 1565 855 1627 nempe
915 1542 1204 1608 hostium
1260 1541 1465 1623 oopiis
1525 1538 1814 1622 undique
1874 1540 2115 1622 premi,
2181 1545 2250 1603 et

288 1635 590 1717 ipsorum
622 1628 878 1696 viribus
923 1627 1130 1706 obrui,
1175 1639 1243 1692 et
1283 1625 1541 1692 nullum
1587 1625 1793 1710 ipsius
1837 1647 1984 1692 esse
2027 1624 2246 1702 robur,

287 1719 412 1786 sed
458 1716 643 1783 velut
683 1717 756 1780 in
801 1716 961 1798 ipsis
1005 1713 1296 1779 bostium
1338 1711 1639 1778 faucibus
1682 1713 1815 1775 iam
1858 1711 2127 1794 versari,
2174 1721 2250 1774 ut

288 1805 426 1869 iam
486 1801 900 1884 triumphum
957 1800 1145 1881 quasi
1199 1809 1534 1881 reportata
1579 1797 1854 1864 victoria
1919 1796 2001 1862 de
2054 1795 2246 1862 nobis

285 1901 559 1969 canant,
603 1899 672 1951 et
713 1884 1022 1969 superbia
1064 1886 1446 1962 efferantur,
1491 1881 1575 1947 ad
1619 1882 1840 1949 Deum
1886 1903 1964 1949 eo
2009 1880 2245 1948 arden·

289 1978 431 2040 tius
474 1972 984 2055 oonfugiendum
1028 1972 1335 2036 seiamus.
1424 1968 1657 2050 Neque
1714 1968 1896 2034 enim
1940 1967 2101 2034 satis
2145 1977 2246 2033 est

284 2060 378 2126 ad
424 2057 715 2125 hostium
762 2058 938 2124 vires
998 2056 1415 2138 frangendas,
1475 2076 1710 2121 causae
1756 2069 2016 2122 nostrae
2065 2052 2246 2120 boni-

287 2158 499 2211 tatem
559 2142 951 2245 praedicare,
1009 2155 1079 2209 et
1128 2141 1566 2207 innocentiam
1628 2138 1929 2204 laudare:
1993 2137 2110 2204 sed
2163 2138 2248 2203 ad

288 2232 515 2297 Deum
562 2250 780 2314 ipsum
823 2238 927 2294 est
969 2226 1501 2311 confugiendum,
1549 2247 1632 2290 ne
1677 2225 1883 2307 ipsius
1924 2224 2247 2289 auxilium

285 2315 768 2399 contempsisse
808 2313 1169 2379 videamur.
1215 2312 1446 2394 Neque
1489 2310 1661 2376 istud
1699 2310 1975 2394 impedit
1996 2310 2250 2393 quomi-

286 2425 425 2469 nus
458 2423 578 2467 nos
616 2403 761 2468 iure
792 2413 1014 2490 nostro
1051 2407 1371 2477 tueamur,
1416 2417 1775 2479 eorumque
1820 2396 2136 2461 malitiam
2182 2410 2253 2460 et

284 2487 805 2572 improbitatem,
850 2485 961 2568 qui
1005 2487 1151 2550 sine
1193 2504 1389 2550 eausa
1422 2504 1542 2547 nos
1587 2493 2086 2565 persequuntur,
2132 2502 2246 2564 pa-

283 2578 428 2640 lam
453 2573 862 2655 detegamus:
914 2592 995 2637 ne
1018 2569 1414 2636 offendiculo
1435 2568 1642 2634 simus
1663 2588 1925 2634 oausam
1954 2578 2250 2633 nostram

283 2660 768 2744 ignorantibus,
825 2668 891 2721 et
937 2678 1017 2722 ue
1059 2655 1341 2721 inauditi
1396 2654 1659 2720 iniustis
1715 2653 1972 2719 iudieiis
2026 2654 2248 2737 oppri-

283 2765 551 2812 namur.
590 2743 1070 2808 Verumtamen
1113 2740 1183 2805 in
1231 2741 1462 2824 primis
1498 2739 1582 2805 ad
1605 2737 1825 2804 Deum
1858 2739 2248 2823 confugien-

281 2833 453 2898 dum
513 2850 658 2895 esse
714 2830 1031 2894 sciamus:
1110 2847 1628 2910 persuasumque
1686 2823 2063 2901 habeamus,
2129 2846 2249 2888 nos

284 2919 452 2984 lieet
493 2916 787 2979 omnium
834 2913 1096 2979 iudioiis
1139 2923 1207 2978 et
1241 2911 1409 2976 odiis
1445 2931 1809 2994 oppressos,
1856 2932 1896 2974 a
1925 2910 2075 2975 Deo
2106 2909 2250 2974 sine

287 3002 608 3069 humanis
651 3000 884 3064 mediis
929 2996 1230 3064 adiuvari
1276 3018 1482 3079 posse,
1528 3010 1596 3062 et
1639 3018 1723 3061 ex
1769 2999 2061 3078 ipsorum
2109 3017 2248 3059 ma·

287 3088 494 3154 nibus
553 3085 839 3151 liberari.
925 3084 1064 3149 Nos
1119 3083 1327 3166 igitur
1384 3081 1529 3147 Deo
1597 3082 1785 3147 nobis
1838 3081 1922 3148 ad
1980 3102 2052 3146 se
2110 3093 2248 3146 tam

283 3173 555 3241 facilem
609 3191 941 3236 aooessum
985 3170 1214 3244 dante,
1271 3181 1339 3233 et
1382 3169 1503 3235 hoo
1552 3167 1897 3251 privilegio
1942 3165 2249 3244 donante,

283 3275 378 3327 ut
432 3258 643 3340 ipsum
712 3257 778 3322 in
837 3255 1162 3338 angustiis
1220 3253 1521 3338 precibus
1576 3252 1936 3320 audeamus
1994 3273 2249 3335 urgere,

283 3343 605 3411 fiduciam
640 3344 711 3406 in
756 3342 898 3425 ipso
933 3341 1251 3407 oollooare
1274 3340 1625 3417 discamus,
1668 3351 2043 3422 opportuno
2082 3353 2246 3403 tem-

281 3450 455 3514 pore
513 3429 716 3511 ipsius
776 3427 1100 3491 auxilium
1159 3437 1633 3507 exspeotantes.
1729 3428 1947 3507 Atque
2006 3425 2134 3488 ista
2176 3424 2245 3488 in

281 3536 541 3601 genere
585 3513 822 3596 psalmi
869 3513 1172 3579 doetrina
1227 3511 1415 3577 nobis
1476 3508 1886 3576 meditanda:
1948 3522 2012 3575 et
2056 3530 2244 3593 prae-

283 3617 480 3668 terea
523 3620 715 3666 voees
778 3599 976 3663 etiam
1043 3596 1509 3676 observandae,
1567 3617 1768 3678 quum
1824 3594 1958 3662 Dei
2021 3595 2247 3661 memi-

284 3685 420 3763 nit,
459 3696 526 3749 et
561 3684 853 3749 nominis
877 3682 1382 3748 fortitudinisae
1408 3682 1704 3746 veritatis
1747 3681 1980 3764 ipsius.
2024 3679 2246 3746 Deum

282 3772 501 3855 igitur
535 3771 788 3836 oraturi
811 3768 1095 3834 Davidis
1118 3768 1437 3849 exemplo,
1485 3767 1615 3831 Dei
1652 3766 1902 3832 nomini
1931 3778 2242 3849 tanquam

281 3857 526 3942 clypeo
585 3867 1045 3940 protegamur:
1105 3874 1236 3917 non
1294 3853 1556 3936 quidem
1617 3850 1926 3917 simulate
1989 3864 2060 3916 ut
2150 3851 2244 3917 le-

281 3964 572 4025 tumque
635 3940 849 4008 solent
912 3939 1328 4026 bypooritae,
1392 3937 1510 4003 sed
1565 3946 2053 4002 sacrosanctum
2183 3936 2243 4001 ei

284 4048 537 4098 nomen
593 4048 743 4094 oum
804 4025 1176 4091 reverentia
1234 4033 1647 4106 usurpantes,
1704 4036 1771 4086 et
1819 4021 2124 4088 fiduciam
2170 4023 2244 4086 in

285 4116 312 4179 i
483 4113 894 4178 oolloeantes.
953 4111 1242 4192 Quinam
1287 4121 1511 4174 autem
1558 4108 1623 4172 id
1667 4108 1804 4186 fiet,
1850 4110 1978 4173 nisi
2023 4129 2244 4174 eoram

366 4219 445 4263 eo
490 4211 556 4263 et
600 4199 807 4280 ipsius
852 4197 1104 4281 angelis
1148 4196 1392 4261 bonum
1439 4194 1887 4260 testimonium
1934 4193 2238 4260 babueri-

284 4305 466 4364 mus,
510 4304 633 4350 nos
669 4297 925 4348 tantum
962 4283 1252 4347 intentos
1273 4282 1344 4345 in
1377 4281 1584 4363 ipsius
1604 4280 1854 4345 uultum
1877 4294 1944 4344 et
1965 4299 2243 4347 venera-

285 4371 576 4436 tionem:
627 4382 694 4434 et
751 4368 924 4434 velle
981 4389 1130 4434 oum
1187 4367 1507 4449 proximis
1562 4366 1658 4430 ita
1707 4366 2116 4444 eonversari,
2170 4377 2244 4430 ut

283 4453 463 4521 nulli
520 4454 730 4520 simus
788 4453 1271 4529 contumeliosi,
1331 4473 1451 4520 neo
1509 4452 1712 4516 etiam
1771 4450 2017 4517 iniurii.
2104 4450 2241 4516 Nos

283 4542 497 4626 igitur
543 4541 666 4607 bae
714 4540 884 4606 bona
941 4538 1343 4606 conscientia
1402 4535 1570 4614 freti,
1628 4553 1697 4601 et
1754 4539 1931 4600 omni
1975 4534 2244 4604 simula-

285 4630 472 4692 tione
528 4643 595 4692 et
650 4624 1039 4693 erudelitate
1102 4623 1307 4703 vaeui,
1363 4622 1586 4688 Deum
1649 4625 2051 4699 invocantes,
2113 4620 2241 4687 Dei

286 4733 532 4779 nomen
593 4733 1003 4779 assumemus
1061 4731 1209 4776 oum
1277 4709 1548 4786 fiducia,
1611 4721 1684 4774 et
1747 4709 1860 4772 illo
1925 4722 2242 4791 tanquam

283 4800 526 4883 clypeo
585 4809 652 4862 et
707 4796 1193 4881 propugnaculo
1250 4807 1566 4880 tegemur.
1647 4793 1978 4876 Quoniam
2023 4794 2244 4877 itaque

281 4884 479 4950 Deus
512 4899 616 4950 est
657 4885 1088 4966 omnipotens,
1133 4890 1200 4945 et
1243 4903 1362 4946 nos
1403 4882 1529 4946 sibi
1573 4879 1937 4964 ooniunxit,
1997 4889 2064 4944 et
2107 4880 2246 4962 qui-

284 4975 447 5035 dem
484 4969 745 5035 vinoulo
780 4966 1224 5053 inseparabili,
1269 4966 1391 5032 boo
1427 4989 1558 5032 uno
1583 4975 1927 5032 contentos
1960 4986 2102 5032 esse
2128 4986 2246 5031 nos

282 5080 328 5121 0
423 5069 578 5121 rtet.

331 5076 423 5140 po
465 5141 557 5206 Et
601 5141 681 5206 de
725 5139 853 5204 Dei
901 5136 1164 5204 nomine
1209 5159 1338 5218 quo
1384 5157 1455 5202 se
1475 5135 1699 5203 David
1744 5145 1971 5203 tuetur
2012 5137 2080 5202 in
2128 5136 2238 5202 ad-

500 5241 722 5299 Odoin-i
748 5257 941 5312 opera.
1013 5239 1134 5297 Vol.
1165 5239 1363 5296 XXX.

2353 513 2763 580 fortitudinis
2819 535 3014 598 quam
3074 515 3393 584 liberatus
3448 538 3486 582 e
3528 517 3838 600 perieulis
3898 538 4032 583 non
4064 518 4197 587 ‚abs
4242 541 4333 586 ra
4392 533 4401 542 “

2358 613 2656 684 usurpat.
2743 600 2920 665 Nam
2966 612 3163 682 prout
3202 601 3286 666 ad
3348 602 3783 668 diffidentiam
3832 602 4159 686 proclives
4203 624 4317 672 su·

2358 705 2529 759 mus,
2572 685 2684 750 ubi
2729 687 3021 766 perieula
3043 687 3367 769 quaedam
3413 688 3755 772 ingruunt,
3803 690 4019 755 subito
4062 700 4319 756 terrore

2358 772 2789 851 oonoutimur,
2856 781 2923 836 et
2983 772 3173 854 quasi
3236 773 3438 838 rebus
3505 774 3861 857 deploratis
3890 799 3897 802 ’
3925 773 4316 859 affligimur:

2360 853 2491 922 Sed
2554 854 2937 922 disoendum
2996 858 3299 940 exemplo
3349 857 3631 925 Davidis
3680 858 3764 924 ad
3813 861 4034 925 Deum
4092 861 4317 929 oeulos

2357 940 2766 1020 attollendos,
2811 952 2886 1005 ut
2934 943 3243 1007 virtutem
3284 956 3354 1008 et
3394 943 3853 1011 fortitudinem
3899 946 4111 1028 ipsius
4154 966 4318 1032 erga

2357 1049 2475 1092 nos
2511 1026 3060 1093 inaestimabilem
3099 1028 3692 1112 apprehendamus,
3738 1043 3804 1094 et
3827 1030 3910 1095 ad
3934 1051 4080 1096 eam
4115 1032 4317 1099 variis

2356 1112 2582 1177 afflicti
2624 1110 3092 1178 tentationibus
3114 1115 3608 1196 confugiamus:
3645 1136 3722 1182 ao
3756 1117 3911 1182 lieet
3935 1118 4106 1183 vires
4133 1118 4317 1185 Deus

2355 1197 2731 1280 suppeditet
2786 1197 2870 1262 ad
2931 1197 3155 1264 hostes
3214 1199 3682 1283 profligandos,
3743 1202 4175 1269 nihilominus
4231 1202 4316 1268 ad

2357 1282 2677 1348 virtutem
2722 1283 2905 1347 illam
2950 1282 3098 1362 Dei,
3159 1284 3242 1349 de
3284 1304 3418 1367 qua
3459 1284 3682 1352 David
3726 1286 4036 1370 loquitur,
4093 1308 4316 1356 assur-

2355 1373 2625 1451 gamus:
2673 1390 2756 1433 ne
2799 1368 2857 1433 si
2884 1367 3133 1434 viribus
3174 1369 3421 1452 pollere
3464 1372 3657 1437 nobis
3694 1372 4037 1438 videamur
4073 1373 4316 1457 quibus

2355 1451 2754 1520 adversariis
2815 1453 3177 1520 resistendo
3238 1476 3428 1537 pares
3500 1457 3742 1534 simus,
3809 1457 4021 1524 divini
4082 1459 4319 1525 auxilii

2355 1539 2777 1604 immemores
2841 1541 3219 1623 arrogantia
3285 1553 3515 1607 nostra
3581 1563 3957 1625 pereamus,
4021 1545 4320 1627 quando·

2356 1623 2622 1706 quidem
2666 1624 2854 1692 obliti
2899 1626 3220 1690 fuerimus
3265 1627 3702 1694 invooationis
3742 1627 3952 1695 divini
4001 1630 4316 1708 nominis,

2354 1729 2522 1792 quae
2563 1708 2756 1776 unioa
2778 1710 2950 1775 ratio
2976 1721 3078 1777 est
3099 1711 3410 1778 victoriae
3433 1712 3846 1780 obtinendae.
3894 1713 4318 1798 Quapropter

2353 1795 2495 1861 sive
2541 1796 2743 1878 oopiis
2787 1810 2855 1862 et
2892 1795 3143 1862 viribus
3185 1798 3494 1866 instruoti
3537 1820 3728 1881 pares
3764 1801 3972 1866 simus
4024 1801 4321 1868 hostibus

2352 1881 2736 1959 resistendo,
2782 1881 2925 1947 sive
2967 1881 3201 1948 mediis
3244 1885 3552 1951 omnibus
3598 1884 3917 1963 destituti,
3964 1884 4182 1951 Deum
4216 1888 4322 1952 in·

2354 1988 2589 2032 voeare
2649 1965 2997 2042 diseamus,
3059 1983 3127 2033 et
3185 1968 3571 2036 ardentibus
3619 1973 3789 2036 votis
3846 1970 4204 2040 sollicitare
4252 1984 4324 2037 ut

2354 2052 2677 2118 virtutem
2712 2074 2901 2118 suam
2940 2071 3008 2118 et
3043 2053 3558 2121 misericordiam
3594 2072 3859 2122 exserat
3895 2058 3965 2121 in
4004 2059 4195 2124 nobis
4219 2071 4321 2124 tu·

2355 2135 2576 2204 tandis
2620 2151 2688 2204 et
2730 2138 3167 2222 protegendis,
3212 2152 3279 2206 et
3321 2161 3393 2206 re
3433 2141 3580 2223 ipsa
3602 2142 3966 2209 sentiamus
3989 2143 4070 2209 ab
4108 2145 4320 2227 ipsius

2354 2223 2494 2289 sola
2558 2223 2845 2289 bonitate
2902 2245 3169 2291 manere
3228 2225 3546 2309 quidquid
3606 2227 3928 2294 bonorum
3977 2228 4317 2296 babemus.

2358 2309 2569 2374 Porro
2612 2308 2830 2374 David
2877 2308 3099 2375 Deum
3160 2310 3480 2378 invooaus
3523 2315 3651 2379 ait:
3709 2313 3988 2382 Domine
4028 2316 4101 2380 ia
4140 2315 4318 2398 forti·

2355 2394 2576 2461 tudine
2628 2400 2745 2460 tua
2786 2395 3005 2462 iudica
3045 2416 3178 2462 me.-
3237 2417 3365 2479 qua
3413 2418 3574 2465 vooe
3616 2399 3975 2480 iudicandi,
4042 2422 4171 2466 non
4221 2414 4318 2466 te·

2358 2502 2537 2548 mere
2582 2482 2813 2548 utitur.
2860 2479 3032 2546 Nam
3078 2482 3174 2548 ita
3208 2495 3431 2549 ratum
3457 2485 3616 2552 faoit
3657 2483 3828 2568 quod
3865 2486 4061 2570 attigi
4097 2506 4317 2570 supra,

2356 2586 2478 2632 nos
2522 2564 2654 2631 Dei
2715 2586 2955 2631 nomen
3000 2568 3067 2631 in
3129 2568 3451 2636 auxilium
3516 2581 3818 2637 nostrum
3865 2570 4321 2650 advoeatnros,

2354 2664 2658 2736 oportere
2723 2674 2805 2719 ex
2866 2653 3086 2718 auimo
3145 2665 3214 2719 et
3271 2654 3525 2720 sineere
3586 2657 3821 2724 testari
3878 2677 4103 2722 ooram
4172 2657 4318 2739 ipso

2355 2737 2571 2804 iudioe
2618 2759 2822 2821 posse,
2885 2759 3004 2804 nos
3061 2738 3316 2806 sineere
3379 2743 3603 2807 testari
3647 2763 3866 2810 eoram
3916 2744 4057 2824 ipso
4101 2764 4318 2824 agere,

2353 2843 2749 2907 causamque
2807 2837 3098 2890 nostram
3160 2824 3395 2890 bonam
3456 2840 3524 2891 et
3576 2827 3821 2894 iustam
3882 2848 4057 2903 esse,
4118 2839 4318 2910 atque

2353 2907 2453 2974 illi
2499 2910 2782 2991 probari.
2832 2909 2996 2975 Nam
3036 2911 3170 2976 fere
3195 2912 3273 2976 fit
3299 2924 3372 2975 ut
3392 2913 3503 2995 qui
3530 2912 3771 2978 malam
3797 2934 4065 2979 oausam
4087 2925 4318 2997 agunt,

2354 3006 2577 3060 tamen
2600 2994 2780 3061 illius
2803 2995 3162 3062 bonitatam
3202 2995 3608 3079 praedioeut:
3648 2998 3836 3063 faeile
3859 3011 3961 3063 est
3988 3001 4163 3064 enim
4196 2998 4320 3064 bo·

2357 3080 2643 3146 minibus
2686 3081 3059 3163 imponere:
3121 3096 3189 3147 et
3246 3083 3631 3164 saepissime
3688 3082 4125 3152 oculatissimi
4169 3085 4316 3167 qui·

2354 3186 2483 3250 que
2526 3167 2834 3251 oaligant.
2903 3166 3127 3247 Quare
3172 3168 3501 3234 diseamus
3546 3167 3900 3253 diligenter
3943 3170 4318 3254 expendero

2353 3271 2492 3316 non
2538 3263 2795 3322 tantum
2842 3253 3012 3318 faeta
3056 3265 3353 3335 externa,
3411 3252 3529 3320 sed
3572 3256 3598 3319 i
3677 3261 3749 3321 as'
3806 3256 4007 3324 etiam
4052 3270 4318 3323 nostras

2351 3336 2783 3420 eogitationes
2827 3354 2893 3402 et
2934 3338 3337 3437 affectiones,
3399 3351 3474 3405 ut
3532 3363 3571 3406 a
3665 3342 3885 3406 Deum
3927 3341 4320 3442 confugien-

2353 3435 2453 3489 tes
2513 3442 2669 3489 vere
2726 3431 2952 3489 testari
3009 3425 3359 3508 possimus,
3419 3447 3536 3492 nos
3580 3436 3762 3493 reeta
3806 3428 4209 3494 oonsoientia
4250 3439 4321 3496 et

2351 3530 2591 3574 oaiisae
2638 3509 2927 3574 bonitate
2970 3510 3174 3576 fretos
3219 3511 3302 3576 ad
3346 3513 3565 3593 ipsum
3611 3510 3940 3598 secedere,
4001 3525 4069 3578 et
4110 3515 4131 3580 i
4181 3516 4318 3582 sius

2341 3614 2543 3679 ‘opem
2588 3593 2963 3677 implorare,
3009 3604 3084 3660 ut
3125 3616 3397 3662 oausam
3442 3608 3733 3662 nostram
3768 3596 4039 3666 iudioet.
4153 3622 4319 3685 eque

2352 3679 2783 3762 veroDeum
2839 3682 3091 3748 moveri
3156 3696 3376 3748 nostra
3436 3681 3760 3765 dignitate
3805 3697 3875 3748 et
3920 3687 4175 3766 merito,
4240 3699 4318 3754 ut

2352 3766 2566 3832 solent
2609 3764 2935 3854 mortales,
2978 3767 3494 3834 existimandum
3532 3782 3664 3833 est:
3710 3767 3829 3834 sed
3854 3778 4113 3837 tantum
4162 3795 4311 3857 pro-

2352 3851 2525 3918 fiteri
2586 3861 2846 3934 oportet
2898 3872 3019 3917 nos
3077 3852 3358 3920 oandide
3414 3866 3481 3918 et
3539 3857 3794 3920 simere
3838 3876 4054 3939 agere,
4115 3871 4185 3923 et
4226 3858 4311 3924 ad

2350 3938 2570 4020 ipsum
2619 3935 2899 4003 iudieem
2945 3938 3317 4021 confugere,
3362 3939 3635 4021 eiusque
3680 3939 4196 4008 miserioordiam
4242 3959 4313 4009 et

2351 4044 2541 4106 opem
2582 4023 2951 4106 implorare.
3041 4023 3213 4089 Oum
3260 4023 3644 4090 fortitudine
3689 4038 3757 4091 et
3804 4026 4043 4092 virtute
4091 4029 4311 4096 David

2350 4108 2550 4174 etiam
2595 4107 2724 4173 Dei
2771 4108 3116 4176 veritatem
3160 4109 3453 4189 advooat,
3510 4110 3685 4192 quod
3738 4121 3806 4176 et
3851 4110 4309 4180 observatione

2352 4194 2627 4278 dignum
2690 4205 2811 4261 est.
2901 4194 3136 4277 Neque
3204 4195 3379 4261 enim
3439 4197 3605 4262 satis
3658 4205 3837 4262 esset
3886 4196 4108 4262 animo
4150 4219 4311 4265 oon-

2348 4279 2597 4362 oepisse
2623 4281 2750 4344 Dei
2794 4283 3155 4364 potentiam
3203 4280 3285 4347 ad
3332 4302 3452 4348 nos
3494 4281 3749 4347 auxilio
3792 4302 3913 4347 suo
3958 4283 4308 4371 iuvandos,

2348 4382 2416 4430 et
2461 4385 2809 4448 persuasos
2853 4386 2997 4431 esse
3043 4386 3162 4432 nos
3197 4368 3269 4432 in
3318 4366 3529 4450 ipsius
3573 4366 3944 4434 olientelam
3991 4386 4311 4453 reseptos,

2349 4472 2470 4517 nos
2526 4451 2732 4532 ipsius
2792 4450 3111 4534 populum
3164 4474 3340 4538 esse,
3412 4463 3482 4519 et
3539 4453 3744 4517 nostri
3802 4471 4028 4518 euram
4091 4455 4312 4538 ipsum

2348 4557 2611 4621 gerere,
2684 4537 3096 4619 salutemque
3170 4557 3590 4621 promovere:
3654 4536 3781 4601 nisi
3838 4537 4046 4620 ipsius
4103 4542 4309 4610 etiam

2350 4621 2891 4707 promissionibus
2946 4624 3361 4705 potissimum
3422 4624 3804 4701 niteremur,
3864 4623 4005 4689 sine
4062 4629 4309 4708 quibus

2348 4707 2587 4774 incerti
2652 4729 2912 4792 semper
2988 4710 3489 4785 fluctuaremus,
3570 4722 3637 4772 et
3700 4707 3881 4772 anxii
3951 4709 4034 4775 de
4098 4713 4310 4795 ipsius

2350 4793 2597 4862 auxilio
2643 4793 3109 4871 dubitaremus,
3156 4809 3224 4859 et
3268 4794 3493 4860 multis
3537 4791 4037 4860 difficultatibus
4070 4799 4309 4866 obrue·

2350 4901 2592 4946 remur.
2681 4877 3147 4963 Quamobrem,
3206 4895 3279 4943 ut
3337 4880 3418 4944 de
3461 4877 3589 4942 Dei
3650 4880 3945 4963 potentia
3995 4884 4311 4952 oei-tiores

2349 4967 2612 5045 fiamus,
2633 4977 2703 5030 et
2725 4966 2794 5029 in
2818 4965 2933 5030 illa
2947 4967 3505 5047 conquiescamus,
3528 4969 3803 5049 eiusque
3819 4985 4313 5035 saerosanotum

2352 5071 2595 5117 nomen
2651 5050 2957 5117 omnibus
3016 5049 3323 5133 periculis
3376 5069 3812 5137 opponamus,
3872 5053 4319 5139 promissioni-

2351 5139 2474 5205 bus
2516 5134 2763 5203 divinis
2818 5135 3169 5203 nitendum
3227 5149 3363 5202 est:
3425 5150 3569 5199 tum
3626 5147 3943 5218 maxime
4002 5156 4207 5215 quum
4245 5140 4335 5200 de

3856 5244 3930 5314 θ’(
