5059 6059
885 365 966 427 11
1311 318 1316 325 ’
2524 350 2923 419 nomam
2967 355 3186 423 va.
4714 356 4766 420 12

879 547 1415 633 despondeamus,
1480 557 1548 611 et
1610 547 1797 630 quasi
1853 550 1982 612 iam
2044 546 2124 612 de
2183 545 2371 611 nobis
2426 552 2645 609 actum
2705 544 2810 620 sit,

883 635 1318 718 desperemus.
1421 631 1614 713 Quod
1690 635 1759 698 in
1825 632 1948 699 hac
2027 632 2301 697 historia
2364 640 2674 712 tanquam
2741 628 2812 692 in

881 719 1144 804 speculo
1187 718 1618 800 contemplari
1661 718 1847 785 nobis
1891 719 2060 785 licet.
2130 717 2429 798 Namque
2470 714 2812 780 Israelitae

877 805 1096 873 subito
1139 812 1296 869 sunt
1338 803 1693 883 convocati,
1754 814 1820 869 et
1875 824 2147 887 magnos
2204 804 2455 867 animos
2512 806 2812 885 gerentes

882 890 1200 976 praelium
1256 910 1523 973 poscere
1582 890 1968 956 videbantur
2023 901 2175 954 ante
2227 898 2606 970 conspectos
2660 885 2810 951 hos·

879 986 1002 1058 tes,
1066 976 1316 1059 sibique
1383 976 1634 1041 facilem
1700 977 2038 1041 victoriam
2106 973 2614 1058 pollicebantur:
2696 972 2807 1036 sed

879 1063 996 1129 ubi
1028 1061 1096 1127 in
1136 1061 1421 1127 hostium
1458 1082 1697 1126 venere
1735 1078 2167 1144 conspectum,
2214 1070 2482 1144 repente
2518 1059 2808 1121 animum

880 1147 1302 1213 multitudine
1358 1146 1618 1211 illorum
1679 1147 1975 1230 perculsi,
2034 1156 2099 1211 et
2164 1146 2409 1211 viribus
2455 1144 2641 1209 fracti
2696 1142 2805 1206 de-

879 1233 1308 1318 sponderunt.
1358 1231 1795 1313 Quamobrem
1844 1242 2022 1297 tanto
2067 1234 2309 1297 maiore
2354 1229 2569 1297 studio
2614 1228 2807 1294 debe-

882 1340 1032 1384 mus
1088 1318 1382 1384 animum
1443 1319 1766 1403 applicare
1818 1319 1897 1382 ad
1958 1318 2155 1396 illam,
2215 1317 2293 1381 de
2337 1336 2463 1400 qua
2507 1314 2806 1397 superius

878 1406 1155 1490 egimus,
1215 1404 1741 1488 pollicitationem
1787 1425 1826 1468 a
1869 1404 2052 1468 Mose
2095 1404 2515 1486 propositam,
2569 1420 2804 1482 nempe

884 1500 958 1556 ιιι
1016 1489 1538 1573 quandoquidem
1581 1499 1757 1556 certo
1817 1489 2103 1573 persuasi
2147 1510 2371 1554 sumus
2414 1508 2532 1552 nos
2577 1506 2616 1549 a
2661 1485 2802 1550 Deo

882 1580 952 1641 iu
1009 1577 1321 1659 populum
1367 1596 1557 1640 suum
1613 1575 1980 1658 adoptatos,
2037 1583 2105 1639 et
2146 1574 2453 1640 certiores
2498 1572 2650 1636 facti
2693 1592 2802 1635 su-

884 1682 1049 1739 mus,
1096 1682 1212 1727 nos
1255 1660 1378 1726 sub
1412 1661 1614 1743 ipsius
1657 1659 1977 1743 praesidio
2012 1670 2186 1726 tutos
2221 1659 2375 1734 fore,
2421 1668 2488 1722 et
2520 1678 2804 1735 securos,

886 1747 1077 1813 modo
1121 1747 1333 1830 ipsum
1378 1747 1759 1812 invocemus
1804 1747 1868 1811 in
1913 1747 2208 1821 veritate,
2273 1745 2443 1810 hunc
2489 1744 2802 1808 honorem

883 1834 1007 1917 ipsi
1054 1832 1435 1908 deferamus,
1495 1840 1571 1897 ιιι
1610 1833 1679 1896 in
1722 1832 1834 1896 illo
1877 1832 2013 1897 solo
2057 1832 2554 1913 acquiescamus,
2615 1840 2683 1894 et
2724 1827 2806 1893 ab

882 1922 1024 2003 ipso
1104 1916 1520 2002 pendeamus,
1595 1926 1770 1983 certo
1844 1917 2132 2000 persuasi
2199 1916 2403 1999 ipsius
2483 1914 2806 1979 auxilium

887 2007 1080 2088 longe
1124 2003 1262 2068 fore
1307 2004 1640 2086 potentius
1683 2003 1981 2068 omnibus
2025 2002 2306 2068 hostium
2356 2002 2624 2077 viribus,
2682 2000 2805 2065 etsi

879 2100 1058 2155 totus
1116 2091 1398 2154 mundus
1457 2087 1705 2154 collatis
1762 2090 1962 2171 copiis
2021 2087 2365 2153 adversum
2425 2108 2542 2152 nos
2586 2087 2802 2150 insur-

883 2182 1098 2260 geret:
1142 2176 1343 2239 immo
1386 2173 1634 2239 coelum
1680 2186 1744 2240 et
1789 2184 1961 2239 terra
2004 2172 2345 2238 adversum
2392 2194 2509 2238 nos
2553 2173 2805 2255 conspi-

886 2270 1077 2326 raret.
1167 2258 1578 2342 Quapropter
1634 2260 1716 2325 ab
1776 2260 1921 2325 istis
1980 2260 2256 2324 terrenis
2310 2258 2612 2323 omnibus
2669 2260 2807 2322 sive

885 2346 1232 2432 prosperis,
1278 2348 1415 2409 sive
1458 2345 1750 2411 adversis
1794 2347 1986 2412 rebus
2031 2344 2200 2411 oculi
2246 2358 2401 2410 sunt
2444 2342 2808 2423 avertendi,

882 2444 949 2496 et
993 2431 1075 2495 ad
1119 2433 1331 2514 ipsum
1376 2430 1814 2509 convertendi,
1858 2441 1932 2496 ut
1972 2431 2104 2495 fide
2148 2431 2363 2494 omnia
2406 2450 2804 2512 superemus.

883 2517 1052 2583 Nam
1099 2536 1262 2598 quae
1307 2516 1521 2581 minae
1565 2527 2033 2599 proponuntur,
2079 2537 2245 2599 quae
2281 2516 2563 2599 pericula
2599 2518 2809 2580 inten-

885 2612 1132 2681 tantur,
1188 2601 1523 2665 simillima
1578 2614 1734 2666 sunt
1776 2601 2152 2686 ingentibus
2186 2601 2486 2686 procellis
2531 2612 2598 2665 et
2641 2610 2805 2665 tem·

884 2687 1244 2772 pestatibus
1308 2686 1537 2769 quibus
1603 2689 1669 2751 in
1734 2687 1866 2753 alto
1938 2686 2165 2771 pelago
2230 2686 2443 2752 solent
2508 2686 2809 2751 homines

881 2773 1156 2858 agitari:
1217 2793 1368 2837 nam
1428 2775 1484 2837 si
1536 2782 1834 2855 tempora
1889 2785 2044 2838 sunt
2100 2772 2399 2838 nubilosa
2450 2783 2518 2836 et
2562 2771 2808 2856 procel-

884 2860 1043 2938 losa,
1089 2865 1353 2942 repente
1396 2858 1811 2924 concidimus.
1900 2857 2077 2939 Quid
2121 2857 2259 2923 ita?
2340 2858 2528 2941 Quod
2576 2877 2807 2940 nempe

881 2944 1038 3010 solis
1099 2944 1510 3027 splendorem
1569 2945 1808 3009 intueri
1865 2966 1994 3009 non
2058 2943 2397 3027 possimus,
2467 2956 2809 3026 propterea

879 3030 1055 3115 quod
1113 3030 1256 3096 alae
1298 3051 1414 3095 nos
1461 3028 1781 3110 deficiant,
1838 3032 2068 3113 quibus
2125 3050 2324 3114 supra
2383 3031 2557 3112 ipsas
2603 3030 2809 3095 nubes

888 3116 1385 3183 transvolemus.
1476 3115 1608 3181 Sed
1667 3115 1862 3199 longe
1927 3115 2147 3199 dispar
2211 3116 2375 3181 ratio
2440 3126 2538 3181 est
2594 3116 2807 3180 Deum

883 3201 1205 3268 intuendi.
1292 3201 1464 3267 Nam
1522 3210 1598 3266 ut
1653 3201 1816 3266 fides
1874 3212 2099 3267 nostra
2149 3201 2351 3266 verbo
2406 3200 2612 3284 ipsius
2656 3202 2804 3265 niti-

883 3300 1011 3368 tur,
1065 3289 1171 3373 ,ita
1228 3289 1427 3352 etiam
1483 3307 1689 3370 usque
1747 3287 1826 3353 ad
1888 3288 2136 3352 coelum
2198 3286 2413 3370 ipsum
2474 3287 2807 3370 pertingit.

887 3378 1104 3457 Atque
1160 3372 1401 3438 idcirco
1448 3372 1698 3438 Paulus
1741 3372 2073 3455 apostolus
2115 3374 2186 3437 in
2231 3372 2502 3454 epistola
2546 3371 2626 3436 ad
2672 3373 2808 3437 He-

885 3462 1115 3525 braeos
1173 3460 1499 3524 anchorae
1552 3458 2043 3523 similitudinem
2101 3457 2385 3524 adhibet.
2471 3458 2644 3523 Nam
2689 3458 2810 3523 etsi

890 3558 1146 3628 tempus
1190 3544 1276 3608 sit
1331 3543 1688 3623 turbidum,
1746 3554 1814 3607 et
1851 3565 2032 3608 mare
2075 3542 2524 3627 procellosum,
2583 3555 2655 3608 ut
2698 3565 2807 3609 ne-

888 3652 1011 3713 que
1073 3628 1342 3704 coelum,
1410 3651 1619 3712 neque
1686 3640 1861 3694 terra
1926 3638 2252 3713 appareat,
2320 3650 2396 3697 ac
2461 3650 2545 3694 ne
2610 3631 2809 3694 maris

890 3712 1149 3797 quidem
1195 3713 1466 3780 fundum
1512 3716 1902 3795 inveniatur,
1961 3728 2180 3780 tamen
2224 3716 2510 3781 anchora
2552 3716 2808 3798 proiici-

890 3812 1018 3875 tur,
1079 3808 1150 3865 ut
1205 3822 1282 3865 ea
1342 3801 1546 3866 eiecta
1606 3801 1792 3865 navis
1852 3802 2140 3878 sistatur,
2198 3812 2261 3865 ct
2305 3800 2617 3866 adversus
2661 3823 2807 3885 pro-

890 3886 1085 3950 cellas
1140 3897 1206 3951 et
1255 3896 1673 3969 tempestates
1727 3888 2040 3952 firmetur.
2128 3885 2240 3952 Sic
2283 3887 2611 3970 apostolus
2653 3888 2808 3952 fide·

893 3973 986 4036 les
1033 3969 1353 4051 admonet,
1410 3981 1481 4035 ut
1524 3971 1875 4037 anchoram
1920 3972 2071 4038 fidei
2117 3993 2272 4038 suae
2318 3994 2448 4036 non
2496 3976 2564 4036 in
2607 3984 2810 4038 terre-

893 4077 1011 4120 nas
1078 4057 1233 4121 istas
1298 4079 1401 4122 res
1465 4067 1531 4122 et
1594 4058 1885 4137 caducas,
1965 4058 2077 4123 sed
2145 4059 2213 4122 in
2279 4060 2528 4123 coelum
2598 4060 2808 4141 ipsum

891 4143 1252 4225 proiioiant,
1332 4163 1494 4224 quae
1571 4143 1833 4207 tandem
1900 4141 1981 4209 ad
2044 4145 2258 4227 ipsum
2323 4165 2527 4227 usque
2595 4145 2807 4209 Deum

893 4230 1249 4311 perveniat.
1359 4227 1530 4292 Nam
1609 4250 1724 4311 per
1791 4227 1917 4293 Dei
1997 4228 2268 4295 verbum
2336 4249 2534 4311 supra
2599 4231 2809 4313 ipsum

893 4313 1210 4378 mundum
1269 4313 1645 4390 attollimur,
1708 4314 1789 4379 ad
1846 4316 2412 4397 contemplandum
2469 4316 2624 4380 viva
2666 4314 2812 4394 fide,

892 4410 959 4463 et
1013 4398 1573 4482 complectendum
1617 4400 1845 4464 salutis
1902 4413 2162 4465 nostrae
2202 4401 2578 4466 remedium.
2667 4402 2813 4466 Hoc

892 4485 1091 4569 igitur
1148 4485 1421 4567 infigere
1487 4483 1686 4550 altius
1740 4486 1976 4551 animis
2041 4488 2281 4551 nostris
2345 4485 2672 4564 debemus,
2743 4498 2811 4551 ut

888 4590 1310 4653 quaecunque
1386 4569 1660 4635 adversa
1738 4571 2069 4654 ingruant,
2143 4573 2513 4654 quicunque
2595 4574 2812 4638 hostes

891 4657 1239 4721 adversum
1305 4676 1423 4721 nos
1467 4656 1831 4739 insurgant,
1888 4668 1954 4721 et
1991 4678 2413 4740 quascunque
2459 4658 2668 4723 minas
2714 4662 2811 4723 in-

892 4751 1166 4819 tentent,
1212 4750 1280 4806 et
1323 4741 1402 4805 de
1446 4751 1670 4807 nostra
1711 4741 1920 4807 salute
1962 4743 2435 4808 conclamatum
2482 4743 2811 4822 videatur;

893 4828 1317 4893 nibilominus
1362 4835 1578 4893 tamen
1639 4827 1708 4891 in
1756 4826 1896 4893 Deo
1939 4849 2121 4910 spem
2166 4838 2458 4894 nostram
2500 4829 2812 4896 collocare

891 4934 974 4977 ne
1055 4912 1447 4978 desinamus.
1557 4912 2098 4997 Quandoquidem
2173 4914 2377 4997 igitur
2441 4915 2621 4981 Deus
2698 4936 2814 4998 per

895 4997 1166 5063 verbum
1227 5019 1419 5063 suum
1480 5000 1823 5083 pollicetur
1880 5020 1951 5065 se
2009 5000 2197 5065 nobis
2252 5021 2586 5083 nunquam
2631 5001 2810 5067 defu-

893 5093 1136 5163 turum,
1212 5084 1385 5149 illius
1444 5086 1776 5167 promissis
1830 5087 2328 5169 acquiescamus.
2436 5090 2655 5170 Atque
2720 5090 2814 5152 ita

893 5168 1006 5231 fiet
1050 5181 1121 5233 ut
1175 5170 1582 5235 imminentia
1627 5170 1911 5254 pericula
1955 5181 2317 5237 metuamus
2359 5171 2638 5255 quidem,
2698 5174 2810 5238 sed

891 5273 1023 5318 non
1079 5250 1255 5319 ultra
1313 5256 1606 5322 modum:
1674 5267 1742 5321 et
1800 5279 2054 5341 semper
2109 5257 2257 5322 forti
2312 5258 2529 5322 animo
2586 5260 2810 5337 simus,

2916 544 3435 629 quandoquidem
3481 547 3796 613 auxilium
3844 556 4139 610 nostrum
4183 544 4253 609 in
4290 544 4436 608 Deo
4478 545 4653 608 sitnm
4687 562 4770 624 eet,

2915 631 2984 696 in
3050 651 3177 714 quo
3241 632 3399 716 solo,
3467 642 3759 698 nostram
3823 630 4270 696 infirmitatem
4330 630 4615 707 fatentes,
4664 651 4773 698 oon·

2916 717 3327 800 quiescimus.
3416 717 3638 799 Quare
3694 719 3848 783 licet
3904 717 4170 793 infirmi,
4230 735 4560 797 nunquam
4607 726 4772 781 tamen

2916 801 3206 869 adversis
3270 804 3426 869 ullis
3490 803 3686 870 rebus
3752 803 4146 885 deiiciemur,
4226 802 4387 885 quin
4454 800 4625 868 Deus
4675 804 4776 885 ipse

2915 888 3212 953 labantes
3277 892 3627 956 sustineat:
3696 887 4240 972 quemadmodum
4307 889 4377 951 in
4444 887 4642 968 priore
4694 909 4778 953 sua

2915 974 3227 1040 canonica
3268 975 3550 1041 Ioannes
3595 997 3714 1042 nos
3759 974 3963 1041 docet.

3083 1060 3523 1128 Transeamus
3580 1060 3884 1144 deinceps
3935 1059 4016 1125 ad
4075 1059 4430 1142 sequentia,
4490 1059 4555 1122 in
4601 1058 4779 1141 quibus

2913 1141 3075 1209 Saul
3121 1145 3359 1212 dicitur
3403 1148 3770 1212 constitisse
3813 1148 3884 1211 in
3931 1145 4188 1229 Galgal,
4234 1153 4302 1209 et
4335 1143 4427 1208 ibi
4462 1143 4781 1210 Samuelem

2911 1250 3030 1380 ger
3092 1244 3337 1314 septem
3406 1233 3545 1299 dies
3610 1233 4107 1316 exspectavisse.
4195 1229 4391 1310 Quod
4461 1229 4539 1294 de
4599 1229 4782 1296 Gabaa

2964 1315 3148 1396 aulis,
3185 1317 3290 1384 hic
3325 1329 3890 1397 commemoratur,
3927 1318 4052 1383 fuit
4086 1337 4123 1382 e
4159 1317 4424 1399 regione
4460 1315 4782 1381 Bethaven:

2910 1403 3020 1483 qui
3081 1414 3298 1467 tamen
3357 1404 3535 1471 locus
3596 1425 3724 1469 non
3781 1405 3875 1469 ita
3938 1406 4118 1487 prius
4176 1401 4649 1476 nominabatur.
4701 1400 4784 1467 sed

2911 1487 3124 1568 potius
3168 1488 3405 1556 Bethel
3462 1489 3657 1577 (quod
3718 1489 3925 1555 obiter
3977 1489 4221 1554 dictum
4281 1486 4449 1574 esto)
4491 1498 4559 1552 et
4598 1507 4784 1551 nomen

2907 1572 3280 1655 impositum
3327 1589 3467 1641 erat
3508 1597 3547 1640 a
3592 1575 3838 1655 Iacobo,
3892 1573 4436 1659 quemadmodum
4482 1574 4633 1639 satis
4670 1586 4783 1637 nott

2906 1668 3006 1722 est
3051 1659 3349 1726 historia:
3417 1662 3532 1727 sed
3586 1661 3690 1727 hic
3748 1662 3995 1726 ratione
4043 1681 4268 1724 eorum
4314 1679 4482 1742 quae
4525 1658 4781 1739 deinceps

2904 1744 3317 1829 contigerunt
3351 1750 3620 1829 spiritus
3656 1748 3780 1812 Dei
3818 1747 4106 1830 loquitur
4141 1744 4221 1812 de
4258 1744 4616 1809 Bethaven.
4656 1742 4782 1807 Nam

2908 1828 3080 1911 quod
3145 1830 3235 1895 ibi
3304 1833 3583 1917 populus
3650 1832 3730 1898 ad
3792 1832 4228 1898 idololatriam
4295 1850 4647 1896 conversus
4701 1842 4785 1905 est,

2906 1913 3059 1980 licet
3105 1916 3187 1982 ad
3231 1917 3447 1983 Iaoobi
3501 1918 3873 2001 exemplum
3927 1928 3994 1983 et
4039 1918 4471 1982 imitationem
4517 1916 4636 1981 Dei
4686 1915 4785 1978 cul·

2909 2010 3046 2065 tum
3115 2004 3514 2085 simularent,
3594 2025 3788 2087 quem
3855 2005 4071 2088 potius
4138 2003 4422 2067 ludibrio
4489 1999 4787 2075 habebant,

2911 2088 3263 2170 prophetae
3309 2089 3520 2156 locum
3566 2090 3770 2166 illum,
3860 2111 4006 2155 uem
4052 2100 4245 2154 antea
4287 2086 4563 2153 Iacobus
4596 2086 4788 2151 Bethe-

2911 2173 3038 2237 lem
3083 2176 3551 2253 nominaverat,
3612 2175 3779 2241 idest
3865 2197 4079 2240 omum
4127 2175 4272 2251 Dei,
4327 2184 4597 2257 propter
4636 2174 4789 2255 insig-

2911 2279 3062 2323 nem
3127 2261 3308 2325 illam
3367 2262 3685 2328 visionem
3751 2281 3941 2345 quam
4011 2281 4087 2326 eo
4152 2260 4290 2325 loco
4359 2261 4684 2333 habuerat,
4737 2268 4790 2321 ut

2910 2346 3220 2428 scriptum
3290 2357 3390 2412 est
3448 2348 3687 2414 Genes.
3756 2347 3840 2411 23
3894 2368 4033 2430 cap.
4096 2346 4443 2412 Bethaven
4509 2343 4788 2419 dixerunt

2911 2442 2984 2495 ut
3040 2434 3131 2496 ita
3187 2431 3492 2498 docerent
3546 2434 3761 2499 Iaoobi
3819 2443 4110 2516 posteros
4166 2433 4450 2515 pessime
4506 2431 4572 2495 in
4618 2451 4790 2494 exem·

2909 2518 3093 2599 plum
3140 2520 3416 2583 traxisse
3451 2519 3666 2585 Iaoobi
3722 2520 3984 2603 factum,
4040 2539 4116 2583 eo
4159 2519 4298 2582 loco
4345 2517 4557 2582 altare
4599 2519 4661 2580 in
4700 2534 4790 2597 quo

2912 2605 3231 2669 visionem
3290 2604 3611 2669 habuerat
3668 2605 4000 2689 erigentis.
4089 2604 4259 2668 Nam
4317 2603 4647 2667 mandatis
4702 2601 4792 2666 Dei

2911 2710 3143 2771 parere
3192 2689 3339 2754 illos
3397 2692 3751 2775 oportebat,
3811 2692 3922 2773 qui
3982 2688 4407 2774 prohibuerat
4464 2688 4615 2753 illos
4653 2685 4789 2751 dein·

2910 2796 3062 2858 ceps
3120 2776 3242 2840 sibi
3301 2775 3508 2841 ullum
3567 2777 3772 2842 altare
3829 2797 3910 2841 ex
3971 2797 4090 2841 suo
4158 2775 4426 2840 arbitrio
4484 2783 4554 2838 et
4609 2774 4789 2838 voluu-

2913 2872 3048 2926 tate
3090 2871 3493 2942 construere;
3551 2862 4068 2946 quandoquidem
4116 2862 4241 2926 Dei
4285 2869 4429 2924 erat
4474 2858 4639 2944 legis
4676 2858 4792 2940 ipsis

2913 2949 3266 3030 imponere,
3320 2957 3387 3013 et
3430 2949 3551 3014 sibi
3597 2948 3884 3013 debitum
3929 2948 4239 3013 honorem
4287 2965 4576 3027 poscere.
4658 2945 4793 3009 Deus

2914 3054 3066 3098 vero
3121 3034 3436 3116 templum
3501 3034 3570 3098 in
3632 3043 3854 3098 monte
3910 3032 4071 3099 Sion
4133 3032 4467 3097 aedificari
4529 3032 4792 3096 iusserat:

2912 3118 3189 3202 populus
3254 3131 3471 3184 autem
3538 3121 3607 3184 in
3669 3120 3903 3185 Bethel
3971 3116 4403 3185 sacrificabat:
4474 3129 4543 3182 et
4604 3116 4791 3182 idcireo

2911 3204 3263 3288 prophetae
3299 3204 3540 3283 dicunt,
3585 3207 3870 3271 Domum
3905 3204 4084 3269 illam
4121 3203 4362 3269 Bethel
4400 3205 4469 3267 in
4513 3213 4791 3286 posterum

2915 3292 3280 3369 Bethaven,
3353 3291 3419 3355 id
3479 3301 3578 3356 est
3635 3292 3898 3356 domum
3954 3290 4316 3374 iniquitatis
4375 3303 4678 3354 vocatum
4723 3287 4791 3350 iri

2913 3376 3263 3443 Caeterum
3305 3378 3477 3458 quod
3523 3376 3711 3443 Sauli
3758 3391 4015 3459 tempus
4058 3396 4097 3439 a
4141 3373 4451 3440 Samuele
4491 3375 4794 3457 praescrip·

2914 3472 3054 3526 tum
3114 3461 3369 3539 dicitur,
3433 3464 3789 3528 secundum
3859 3460 4033 3546 quod
4100 3463 4471 3542 exspectari
4538 3480 4580 3524 a
4640 3457 4792 3524 Saule

2914 3547 3154 3625 debuit,
3215 3549 3456 3613 mirum
3516 3549 3722 3613 videri
3782 3560 4017 3632 posset,
4083 3559 4149 3612 et
4211 3546 4481 3612 Saulem
4547 3568 4657 3629 spe
4712 3563 4794 3607 sua

2914 3634 3178 3698 interim
3238 3635 3557 3699 frustrari.
3644 3633 3814 3699 Nam
3873 3654 4073 3716 quare
4132 3631 4421 3710 Samuel,
4485 3633 4541 3699 si
4600 3652 4638 3695 a
4694 3630 4794 3693 Deo

2914 3720 3331 3786 constitutum
3376 3732 3535 3797 erat,
3583 3720 3979 3803 praescripto
4024 3730 4319 3802 tempore
4354 3740 4485 3782 non
4534 3715 4795 3781 advenie-

2914 3804 3071 3871 bat?
3162 3804 3339 3871 Sane
3397 3805 3683 3871 defectus
3728 3806 3832 3873 hic
3877 3814 4146 3887 apparet
4188 3806 4540 3886 maximus,
4597 3812 4660 3867 et
4697 3800 4795 3882 qui·

2915 3891 3060 3956 dem
3107 3891 3223 3956 soli
3278 3890 3564 3957 Samueli
3608 3893 3871 3956 videtur
3912 3889 4352 3974 imputandus.
4445 3891 4539 3955 Et
4579 3884 4792 3973 quidem

2916 3978 3150 4059 aliquis
3206 3977 3379 4041 dicat
3437 3978 3634 4042 etiam
3694 3978 4050 4060 prophetae
4106 3978 4366 4041 nomine
4428 3977 4695 4040 abusum
4736 3967 4791 4031 td

2916 4062 3184 4128 Saulem
3243 4062 3711 4146 decipiendum,
3771 4083 3845 4128 ao
3899 4060 4166 4145 proinde
4215 4063 4338 4126 Dei
4385 4081 4625 4125 nomen
4666 4058 4791 4122 blae-

2916 4150 3171 4230 phemis
3226 4148 3566 4213 hominum
3623 4149 3889 4214 vocibus
3955 4148 4332 4231 exposuisse
4400 4144 4789 4212 lacerandum.

2914 4233 3083 4299 Nam
3119 4255 3320 4316 quum
3359 4233 3541 4300 Deus
3581 4234 3820 4318 aliquid
3860 4256 3972 4317 per
4008 4234 4356 4317 prophetas
4392 4232 4608 4311 edicit,
4649 4248 4790 4312 opor·

2915 4328 3011 4384 tet
3067 4318 3228 4383 illud
3287 4320 3545 4403 impleri
3605 4342 3675 4387 re
3718 4322 3878 4404 ipsa,
3934 4328 4009 4384 ut
4052 4341 4186 4383 uon
4230 4319 4481 4384 frustra
4526 4317 4695 4382 Deus
4723 4313 4789 4375 lo-

2915 4415 3155 4489 quutus
3234 4405 3567 4487 videatur,
3649 4418 3711 4471 et
3792 4406 4014 4471 nullus
4094 4406 4438 4470 hominum
4509 4401 4788 4467 mentibus

2915 4490 3259 4573 scrupulus
3317 4493 3660 4557 iniiciatur.
3749 4492 4333 4557 Verumenimvero
4376 4491 4682 4554 memoria
4717 4506 4785 4548 re·

2919 4576 3267 4660 petendum
3329 4578 3514 4642 nobis
3558 4588 3676 4655 est,
3733 4576 3907 4661 quod
3943 4598 4134 4661 saepe
4175 4581 4242 4642 in
4289 4578 4496 4642 sacris
4538 4572 4785 4643 occurrit,

2916 4685 3149 4747 nempe
3213 4664 3424 4728 Deum
3484 4685 3677 4746 saepe
3732 4685 3994 4729 suorum
4041 4664 4387 4746 explorare
4432 4659 4784 4745 patientiam.

2914 4770 3118 4832 quum
3178 4770 3309 4815 non
3366 4760 3635 4833 apparet
3692 4750 3851 4833 ipsis
3906 4749 4220 4814 auxilium
4276 4749 4497 4813 ferens
4556 4758 4677 4811 tam
4718 4761 4784 4807 re»

2916 4844 3110 4919 pente
3167 4856 3361 4918 quam
3423 4836 3549 4919 ipsi
3606 4846 3927 4919 optarent,
3994 4847 4107 4900 aut
4162 4836 4285 4901 sibi
4344 4840 4783 4918 persuaserant:

2915 4932 3029 4985 aut
3086 4921 3280 4986 etiam
3335 4922 3592 5005 quando
3649 4920 3911 4987 videtur
3953 4922 4150 4987 verbo
4192 4942 4311 4987 suo
4357 4912 4780 5004 quodammodo

2916 5027 3300 5089 repugnare.
3390 5008 3689 5090 Exempli
3748 5008 3979 5092 gratia,
4038 5008 4206 5091 apud
4252 5006 4495 5071 Isaiam
4554 5001 4779 5090 prophe·

2914 5103 3048 5156 tam
3096 5090 3275 5157 Deus
3325 5093 3483 5159 dicit
3539 5115 3609 5159 se
3666 5095 3985 5177 cogitasse
4042 5094 4122 5160 de
4166 5093 4352 5159 nobis
4392 5084 4778 5159 subveniendo

2915 5188 3263 5259 antequam
3322 5179 3403 5243 ad
3462 5180 3676 5262 ipsum
3720 5181 4167 5245 vociferamur.
4257 5179 4448 5262 Quae
4492 5171 4775 5262 promissio

2915 5262 2997 5328 ad
3054 5266 3259 5329 nostri
3318 5267 3626 5348 temporis
3679 5264 3902 5331 fideles
3963 5267 4263 5348 pertinet,
4326 5266 4426 5331 vel
4483 5268 4616 5348 ipso
4653 5272 4775 5325 teum
