<?xml version="1.0" encoding="UTF-8"?>
<!DOCTYPE html PUBLIC "-//W3C//DTD XHTML 1.0 Transitional//EN"
    "http://www.w3.org/TR/xhtml1/DTD/xhtml1-transitional.dtd">
<html xmlns="http://www.w3.org/1999/xhtml" xml:lang="en" lang="en">
 <head>
  <title>
</title>
<meta http-equiv="Content-Type" content="text/html;charset=utf-8" />
  <meta name='ocr-system' content='tesseract 3.04.00' />
  <meta name='ocr-capabilities' content='ocr_page ocr_carea ocr_par ocr_line ocrx_word'/>
</head>
<body>
  <div class='ocr_page' id='page_1' title='image "./ioanniscalvinio07unkngoog_0585.png"; bbox 0 0 5059 6059; ppageno 0'>
   <div class='ocr_carea' id='block_1_1' title="bbox 271 288 380 354">
    <p class='ocr_par' dir='ltr' id='par_1_1' title="bbox 271 288 380 354">
     <span class='ocr_line' id='line_1_1' title="bbox 271 288 380 354; baseline 0 0"><span class='ocrx_word' id='word_1_1' title='bbox 271 288 380 354; x_wconf 79' lang='lat'>265</span> 
     </span>
    </p>
   </div>
   <div class='ocr_carea' id='block_1_2' title="bbox 263 474 2158 884">
    <p class='ocr_par' dir='ltr' id='par_1_2' title="bbox 263 474 2158 884">
     <span class='ocr_line' id='line_1_2' title="bbox 265 474 2156 561; baseline -0.002 -18"><span class='ocrx_word' id='word_1_2' title='bbox 265 489 351 544; x_wconf 85' lang='lat' dir='ltr'>est</span> <span class='ocrx_word' id='word_1_3' title='bbox 419 474 676 541; x_wconf 90' lang='lat' dir='ltr'>inscius.</span> <span class='ocrx_word' id='word_1_4' title='bbox 763 474 940 556; x_wconf 80' lang='lat' dir='ltr'>Quid</span> <span class='ocrx_word' id='word_1_5' title='bbox 1012 496 1168 561; x_wconf 84' lang='lat' dir='ltr'>ergo</span> <span class='ocrx_word' id='word_1_6' title='bbox 1233 475 1407 541; x_wconf 86' lang='lat' dir='ltr'>aliud</span> <span class='ocrx_word' id='word_1_7' title='bbox 1465 496 1616 541; x_wconf 91' lang='lat' dir='ltr'>eum</span> <span class='ocrx_word' id='word_1_8' title='bbox 1692 475 1906 541; x_wconf 87' lang='lat' dir='ltr'>facere</span> <span class='ocrx_word' id='word_1_9' title='bbox 1985 474 2156 540; x_wconf 86' lang='lat' dir='ltr'>velle</span> 
     </span>
     <span class='ocr_line' id='line_1_3' title="bbox 265 560 2156 644; baseline -0.001 -16"><span class='ocrx_word' id='word_1_10' title='bbox 265 562 616 640; x_wconf 78' lang='lat' dir='ltr'>dixerimus,</span> <span class='ocrx_word' id='word_1_11' title='bbox 638 581 833 644; x_wconf 89' lang='lat' dir='ltr'>quam</span> <span class='ocrx_word' id='word_1_12' title='bbox 858 562 981 627; x_wconf 88' lang='lat' dir='ltr'>Dei</span> <span class='ocrx_word' id='word_1_13' title='bbox 1006 560 1336 628; x_wconf 88' lang='lat' dir='ltr'>decretum</span> <span class='ocrx_word' id='word_1_14' title='bbox 1358 561 1742 640; x_wconf 73' lang='lat' dir='ltr'>rescindere,</span> <span class='ocrx_word' id='word_1_15' title='bbox 1763 571 1828 625; x_wconf 91' lang='lat' dir='ltr'>et</span> <span class='ocrx_word' id='word_1_16' title='bbox 1841 561 2156 626; x_wconf 86' lang='lat' dir='ltr'>invictam</span> 
     </span>
     <span class='ocr_line' id='line_1_4' title="bbox 267 645 2158 733; baseline -0.001 -19"><span class='ocrx_word' id='word_1_17' title='bbox 267 650 449 733; x_wconf 90' lang='lat' dir='ltr'>ipsius</span> <span class='ocrx_word' id='word_1_18' title='bbox 488 647 890 712; x_wconf 86' lang='lat' dir='ltr'>voluntatem</span> <span class='ocrx_word' id='word_1_19' title='bbox 934 647 1002 710; x_wconf 91' lang='lat' dir='ltr'>in</span> <span class='ocrx_word' id='word_1_20' title='bbox 1046 647 1454 713; x_wconf 75' lang='lat' dir='ltr'>mendacium</span> <span class='ocrx_word' id='word_1_21' title='bbox 1499 645 1798 711; x_wconf 81' lang='lat' dir='ltr'>vertere?</span> <span class='ocrx_word' id='word_1_22' title='bbox 1845 645 1978 712; x_wconf 89' lang='lat' dir='ltr'>Sed</span> <span class='ocrx_word' id='word_1_23' title='bbox 2014 647 2158 712; x_wconf 89' lang='lat' dir='ltr'>istis</span> 
     </span>
     <span class='ocr_line' id='line_1_5' title="bbox 265 731 2155 881; baseline -0.001 -82"><span class='ocrx_word' id='word_1_24' title='bbox 265 735 492 800; x_wconf 87' lang='lat' dir='ltr'>artibus</span> <span class='ocrx_word' id='word_1_25' title='bbox 533 731 831 881; x_wconf 48' lang='grc' dir='ltr'>εἰει-εὼς</span> <span class='ocrx_word' id='word_1_26' title='bbox 875 753 943 797; x_wconf 89' lang='lat' dir='ltr'>se</span> <span class='ocrx_word' id='word_1_27' title='bbox 979 732 1121 797; x_wconf 90' lang='lat' dir='ltr'>Deo</span> <span class='ocrx_word' id='word_1_28' title='bbox 1159 733 1350 798; x_wconf 90' lang='lat' dir='ltr'>etiam</span> <span class='ocrx_word' id='word_1_29' title='bbox 1386 732 1594 797; x_wconf 88' lang='lat' dir='ltr'>invito</span> <span class='ocrx_word' id='word_1_30' title='bbox 1627 753 1900 816; x_wconf 89' lang='lat' dir='ltr'>regnum</span> <span class='ocrx_word' id='word_1_31' title='bbox 1937 742 2155 797; x_wconf 85' lang='lat' dir='ltr'>reten-</span> 
     </span>
     <span class='ocr_line' id='line_1_6' title="bbox 263 826 659 884; baseline -0.01 0"><span class='ocrx_word' id='word_1_32' title='bbox 263 830 485 884; x_wconf 89' lang='lat' dir='ltr'>turum.</span> <span class='ocrx_word' id='word_1_33' title='bbox 633 826 659 881; x_wconf 91' lang='lat' dir='ltr'>t</span> 
     </span>
    </p>
   </div>
   <div class='ocr_carea' id='block_1_3' title="bbox 1497 285 2911 355">
    <p class='ocr_par' dir='ltr' id='par_1_3' title="bbox 1497 285 2911 355">
     <span class='ocr_line' id='line_1_7' title="bbox 1497 285 2911 355; baseline 0.004 -5"><span class='ocrx_word' id='word_1_34' title='bbox 1497 286 1594 351; x_wconf 91' lang='lat' dir='ltr'>IN</span> <span class='ocrx_word' id='word_1_35' title='bbox 1647 288 1692 352; x_wconf 92' lang='lat'>1.</span> <span class='ocrx_word' id='word_1_36' title='bbox 1740 290 1917 354; x_wconf 85' lang='lat' dir='ltr'>LIB.</span> <span class='ocrx_word' id='word_1_37' title='bbox 1965 285 2362 354; x_wconf 74' lang='lat' dir='ltr'>SAMUEL.</span> <span class='ocrx_word' id='word_1_38' title='bbox 2407 287 2604 354; x_wconf 80' lang='lat' dir='ltr'>GAP.</span> <span class='ocrx_word' id='word_1_39' title='bbox 2650 290 2911 355; x_wconf 85' lang='lat' dir='ltr'>XVIIl.</span> 
     </span>
    </p>
   </div>
   <div class='ocr_carea' id='block_1_4' title="bbox 3650 250 3687 273">
    <p class='ocr_par' dir='ltr' id='par_1_4' title="bbox 3650 250 3687 273">
     <span class='ocr_line' id='line_1_8' title="bbox 3650 250 3687 273; baseline 0 -2"><span class='ocrx_word' id='word_1_40' title='bbox 3650 250 3687 273; x_wconf 55' lang='lat' dir='ltr'><em>O</em></span> 
     </span>
    </p>
   </div>
   <div class='ocr_carea' id='block_1_5' title="bbox 4041 294 4168 357">
    <p class='ocr_par' dir='ltr' id='par_1_5' title="bbox 4041 294 4168 357">
     <span class='ocr_line' id='line_1_9' title="bbox 4041 294 4168 357; baseline 0 0"><span class='ocrx_word' id='word_1_41' title='bbox 4041 294 4168 357; x_wconf 80' lang='lat'>266</span> 
     </span>
    </p>
   </div>
   <div class='ocr_carea' id='block_1_6' title="bbox 2778 479 3642 563">
    <p class='ocr_par' dir='ltr' id='par_1_6' title="bbox 2778 479 3642 563">
     <span class='ocr_line' id='line_1_10' title="bbox 2778 479 3642 563; baseline 0.003 -3"><span class='ocrx_word' id='word_1_42' title='bbox 2778 479 3262 561; x_wconf 87' lang='lat' dir='ltr'><strong>HOMILIA</strong></span> <span class='ocrx_word' id='word_1_43' title='bbox 3311 481 3572 563; x_wconf 85' lang='lat' dir='ltr'><strong>LXVI</strong></span> <span class='ocrx_word' id='word_1_44' title='bbox 3587 484 3642 563; x_wconf 91' lang='lat'>1.</span> 
     </span>
    </p>
   </div>
   <div class='ocr_carea' id='block_1_7' title="bbox 2261 645 4171 834">
    <p class='ocr_par' dir='ltr' id='par_1_7' title="bbox 2261 645 4171 834">
     <span class='ocr_line' id='line_1_11' title="bbox 2432 645 4171 731; baseline 0.004 -21"><span class='ocrx_word' id='word_1_45' title='bbox 2432 645 2531 711; x_wconf 88' lang='lat'>10.</span> <span class='ocrx_word' id='word_1_46' title='bbox 2600 646 2746 712; x_wconf 85' lang='lat' dir='ltr'>Post</span> <span class='ocrx_word' id='word_1_47' title='bbox 2799 649 2962 713; x_wconf 82' lang='lat' dir='ltr'>diem</span> <span class='ocrx_word' id='word_1_48' title='bbox 3018 655 3220 714; x_wconf 82' lang='lat' dir='ltr'>autem</span> <span class='ocrx_word' id='word_1_49' title='bbox 3276 648 3553 725; x_wconf 78' lang='lat' dir='ltr'>alteram,</span> <span class='ocrx_word' id='word_1_50' title='bbox 3619 651 3850 716; x_wconf 81' lang='lat' dir='ltr'>invasit</span> <span class='ocrx_word' id='word_1_51' title='bbox 3900 652 4171 731; x_wconf 83' lang='lat' dir='ltr'>spiritus</span> 
     </span>
     <span class='ocr_line' id='line_1_12' title="bbox 2261 733 4168 834; baseline 0.001 -35"><span class='ocrx_word' id='word_1_52' title='bbox 2261 733 2385 799; x_wconf 77' lang='lat' dir='ltr'>Dei</span> <span class='ocrx_word' id='word_1_53' title='bbox 2429 733 2633 797; x_wconf 76' lang='lat' dir='ltr'>malus</span> <span class='ocrx_word' id='word_1_54' title='bbox 2679 733 2851 808; x_wconf 78' lang='lat' dir='ltr'>Saul,</span> <span class='ocrx_word' id='word_1_55' title='bbox 2899 739 2953 798; x_wconf 86' lang='lat' dir='ltr'>et</span> <span class='ocrx_word' id='word_1_56' title='bbox 2975 734 3379 816; x_wconf 76' lang='lat' dir='ltr'>prophetabat</span> <span class='ocrx_word' id='word_1_57' title='bbox 3412 736 3481 798; x_wconf 80' lang='lat' dir='ltr'>in</span> <span class='ocrx_word' id='word_1_58' title='bbox 3515 737 3712 834; x_wconf 70' lang='lat' dir='ltr'>medio</span> <span class='ocrx_word' id='word_1_59' title='bbox 3745 736 3962 801; x_wconf 80' lang='lat' dir='ltr'>domus</span> <span class='ocrx_word' id='word_1_60' title='bbox 3994 757 4168 802; x_wconf 84' lang='lat' dir='ltr'>suae.</span> 
     </span>
    </p>
   </div>
   <div class='ocr_carea' id='block_1_8' title="bbox 700 816 4173 919">
    <p class='ocr_par' dir='ltr' id='par_1_8' title="bbox 700 816 4173 919">
     <span class='ocr_line' id='line_1_13' title="bbox 700 816 4173 919; baseline 0.001 -38"><span class='ocrx_word' id='word_1_61' title='bbox 700 816 855 899; x_wconf 90' lang='lat' dir='ltr'>quid</span> <span class='ocrx_word' id='word_1_62' title='bbox 900 817 1160 883; x_wconf 86' lang='lat' dir='ltr'>tandem</span> <span class='ocrx_word' id='word_1_63' title='bbox 1205 818 1371 882; x_wconf 90' lang='lat' dir='ltr'>lucri</span> <span class='ocrx_word' id='word_1_64' title='bbox 1413 818 1584 896; x_wconf 89' lang='lat' dir='ltr'>fecit,</span> <span class='ocrx_word' id='word_1_65' title='bbox 1630 818 1755 883; x_wconf 89' lang='lat' dir='ltr'>nisi</span> <span class='ocrx_word' id='word_1_66' title='bbox 1798 817 1969 900; x_wconf 91' lang='lat' dir='ltr'>quod</span> <span class='ocrx_word' id='word_1_67' title='bbox 2006 817 2156 882; x_wconf 90' lang='lat' dir='ltr'>hor·</span> <span class='ocrx_word' id='word_1_68' title='bbox 2259 816 2476 882; x_wconf 78' lang='lat' dir='ltr'>David</span> <span class='ocrx_word' id='word_1_69' title='bbox 2534 822 2735 882; x_wconf 85' lang='lat' dir='ltr'>autem</span> <span class='ocrx_word' id='word_1_70' title='bbox 2781 819 3084 899; x_wconf 76' lang='lat' dir='ltr'>psallebat</span> <span class='ocrx_word' id='word_1_71' title='bbox 3123 840 3314 885; x_wconf 77' lang='lat' dir='ltr'>manu</span> <span class='ocrx_word' id='word_1_72' title='bbox 3354 842 3493 897; x_wconf 88' lang='lat' dir='ltr'>sua,</span> <span class='ocrx_word' id='word_1_73' title='bbox 3549 828 3707 886; x_wconf 75' lang='lat' dir='ltr'>sicut</span> <span class='ocrx_word' id='word_1_74' title='bbox 3740 843 3858 902; x_wconf 84' lang='lat' dir='ltr'>per</span> <span class='ocrx_word' id='word_1_75' title='bbox 3896 822 4173 919; x_wconf 70' lang='lat' dir='ltr'>sinqulos</span> 
     </span>
    </p>
   </div>
   <div class='ocr_carea' id='block_1_9' title="bbox 264 901 4169 986">
    <p class='ocr_par' dir='ltr' id='par_1_9' title="bbox 264 901 4169 986">
     <span class='ocr_line' id='line_1_14' title="bbox 264 901 4169 986; baseline 0.001 -16"><span class='ocrx_word' id='word_1_76' title='bbox 264 904 511 970; x_wconf 89' lang='lat' dir='ltr'>rendam</span> <span class='ocrx_word' id='word_1_77' title='bbox 589 912 652 967; x_wconf 90' lang='lat' dir='ltr'>et</span> <span class='ocrx_word' id='word_1_78' title='bbox 729 902 1116 986; x_wconf 80' lang='lat' dir='ltr'>stupendam</span> <span class='ocrx_word' id='word_1_79' title='bbox 1183 913 1457 967; x_wconf 90' lang='lat' dir='ltr'>mortem</span> <span class='ocrx_word' id='word_1_80' title='bbox 1522 903 1592 967; x_wconf 89' lang='lat' dir='ltr'>in</span> <span class='ocrx_word' id='word_1_81' title='bbox 1656 925 1727 968; x_wconf 88' lang='lat' dir='ltr'>se</span> <span class='ocrx_word' id='word_1_82' title='bbox 1790 901 2154 968; x_wconf 78' lang='lat' dir='ltr'>derivavit?</span> <span class='ocrx_word' id='word_1_83' title='bbox 2260 903 2411 968; x_wconf 81' lang='lat' dir='ltr'>dies.</span> <span class='ocrx_word' id='word_1_84' title='bbox 2505 903 2889 985; x_wconf 82' lang='lat' dir='ltr'>Tenebatque</span> <span class='ocrx_word' id='word_1_85' title='bbox 2949 903 3109 969; x_wconf 83' lang='lat' dir='ltr'>Saul</span> <span class='ocrx_word' id='word_1_86' title='bbox 3149 906 3435 971; x_wconf 82' lang='lat' dir='ltr'>lanceam.</span> <span class='ocrx_word' id='word_1_87' title='bbox 3525 908 3625 970; x_wconf 95' lang='grc'>11.</span> <span class='ocrx_word' id='word_1_88' title='bbox 3671 906 3757 970; x_wconf 79' lang='lat' dir='ltr'>Et</span> <span class='ocrx_word' id='word_1_89' title='bbox 3798 909 3972 971; x_wconf 72' lang='lat' dir='ltr'>misit</span> <span class='ocrx_word' id='word_1_90' title='bbox 4012 928 4169 975; x_wconf 83' lang='lat' dir='ltr'>eam.</span> 
     </span>
    </p>
   </div>
   <div class='ocr_carea' id='block_1_10' title="bbox 263 986 2706 1070">
    <p class='ocr_par' dir='ltr' id='par_1_10' title="bbox 263 986 2706 1070">
     <span class='ocr_line' id='line_1_15' title="bbox 263 986 2706 1070; baseline -0.002 -15"><span class='ocrx_word' id='word_1_91' title='bbox 263 989 511 1055; x_wconf 85' lang='lat' dir='ltr'>Saulem</span> <span class='ocrx_word' id='word_1_92' title='bbox 559 988 772 1070; x_wconf 86' lang='lat' dir='ltr'>itaque</span> <span class='ocrx_word' id='word_1_93' title='bbox 815 988 1112 1053; x_wconf 89' lang='lat' dir='ltr'>videmus</span> <span class='ocrx_word' id='word_1_94' title='bbox 1154 988 1299 1053; x_wconf 90' lang='lat' dir='ltr'>istis</span> <span class='ocrx_word' id='word_1_95' title='bbox 1340 989 1475 1054; x_wconf 90' lang='lat' dir='ltr'>suis</span> <span class='ocrx_word' id='word_1_96' title='bbox 1518 986 1686 1054; x_wconf 91' lang='lat' dir='ltr'>dolis</span> <span class='ocrx_word' id='word_1_97' title='bbox 1724 998 1788 1052; x_wconf 87' lang='lat' dir='ltr'>et</span> <span class='ocrx_word' id='word_1_98' title='bbox 1833 989 2021 1053; x_wconf 89' lang='lat' dir='ltr'>malis</span> <span class='ocrx_word' id='word_1_99' title='bbox 2055 1008 2158 1052; x_wconf 85' lang='lat' dir='ltr'>ar-</span> <span class='ocrx_word' id='word_1_100' title='bbox 2249 993 2488 1068; x_wconf 79' lang='lat' dir='ltr'>putans</span> <span class='ocrx_word' id='word_1_101' title='bbox 2545 989 2706 1070; x_wconf 81' lang='lat' dir='ltr'>quod</span> 
     </span>
    </p>
   </div>
   <div class='ocr_carea' id='block_1_11' title="bbox 257 1073 2158 1242">
    <p class='ocr_par' dir='ltr' id='par_1_11' title="bbox 257 1073 2158 1242">
     <span class='ocr_line' id='line_1_16' title="bbox 263 1073 2158 1157; baseline -0.001 -18"><span class='ocrx_word' id='word_1_102' title='bbox 263 1074 419 1140; x_wconf 88' lang='lat' dir='ltr'>tibus</span> <span class='ocrx_word' id='word_1_103' title='bbox 473 1073 615 1137; x_wconf 92' lang='lat' dir='ltr'>Deo</span> <span class='ocrx_word' id='word_1_104' title='bbox 679 1093 934 1154; x_wconf 85' lang='lat' dir='ltr'>semper</span> <span class='ocrx_word' id='word_1_105' title='bbox 976 1073 1325 1138; x_wconf 79' lang='lat' dir='ltr'>restitisse:</span> <span class='ocrx_word' id='word_1_106' title='bbox 1381 1083 1445 1138; x_wconf 91' lang='lat' dir='ltr'>et</span> <span class='ocrx_word' id='word_1_107' title='bbox 1488 1093 1605 1157; x_wconf 89' lang='lat' dir='ltr'>pro</span> <span class='ocrx_word' id='word_1_108' title='bbox 1649 1073 1891 1138; x_wconf 88' lang='lat' dir='ltr'>viribus</span> <span class='ocrx_word' id='word_1_109' title='bbox 1934 1093 2158 1156; x_wconf 91' lang='lat' dir='ltr'>procu·</span> 
     </span>
     <span class='ocr_line' id='line_1_17' title="bbox 257 1157 2156 1242; baseline -0.002 -17"><span class='ocrx_word' id='word_1_110' title='bbox 257 1180 422 1225; x_wconf 88' lang='lat' dir='ltr'>rasse</span> <span class='ocrx_word' id='word_1_111' title='bbox 463 1169 536 1223; x_wconf 89' lang='lat' dir='ltr'>ut</span> <span class='ocrx_word' id='word_1_112' title='bbox 580 1157 662 1223; x_wconf 89' lang='lat' dir='ltr'>ad</span> <span class='ocrx_word' id='word_1_113' title='bbox 698 1158 1134 1223; x_wconf 86' lang='lat' dir='ltr'>Ionathanum</span> <span class='ocrx_word' id='word_1_114' title='bbox 1171 1159 1375 1223; x_wconf 90' lang='lat' dir='ltr'>filium</span> <span class='ocrx_word' id='word_1_115' title='bbox 1416 1169 1554 1241; x_wconf 87' lang='lat' dir='ltr'>post</span> <span class='ocrx_word' id='word_1_116' title='bbox 1588 1180 1659 1223; x_wconf 89' lang='lat' dir='ltr'>se</span> <span class='ocrx_word' id='word_1_117' title='bbox 1693 1159 1878 1242; x_wconf 88' lang='lat' dir='ltr'>regni</span> <span class='ocrx_word' id='word_1_118' title='bbox 1915 1178 2156 1239; x_wconf 86' lang='lat' dir='ltr'>posses·</span> 
     </span>
    </p>
   </div>
   <div class='ocr_carea' id='block_1_12' title="bbox 2260 989 4173 1258">
    <p class='ocr_par' dir='ltr' id='par_1_12' title="bbox 2260 989 4173 1258">
     <span class='ocr_line' id='line_1_18' title="bbox 2761 989 4172 1073; baseline 0.001 -19"><span class='ocrx_word' id='word_1_119' title='bbox 2761 989 3050 1073; x_wconf 73' lang='lat' dir='ltr'>confiqere</span> <span class='ocrx_word' id='word_1_120' title='bbox 3099 997 3306 1072; x_wconf 87' lang='lat' dir='ltr'>posset</span> <span class='ocrx_word' id='word_1_121' title='bbox 3349 992 3565 1057; x_wconf 81' lang='lat' dir='ltr'>David</span> <span class='ocrx_word' id='word_1_122' title='bbox 3606 1011 3745 1058; x_wconf 83' lang='lat' dir='ltr'>cum</span> <span class='ocrx_word' id='word_1_123' title='bbox 3782 993 4057 1072; x_wconf 84' lang='lat' dir='ltr'>pariete:</span> <span class='ocrx_word' id='word_1_124' title='bbox 4115 997 4172 1056; x_wconf 85' lang='lat' dir='ltr'>et</span> 
     </span>
     <span class='ocr_line' id='line_1_19' title="bbox 2260 1074 4173 1156; baseline 0.002 -18"><span class='ocrx_word' id='word_1_125' title='bbox 2260 1074 2587 1138; x_wconf 79' lang='lat' dir='ltr'>declinavit</span> <span class='ocrx_word' id='word_1_126' title='bbox 2633 1074 2848 1139; x_wconf 80' lang='lat' dir='ltr'>David</span> <span class='ocrx_word' id='word_1_127' title='bbox 2889 1097 2931 1140; x_wconf 91' lang='lat' dir='ltr'>a</span> <span class='ocrx_word' id='word_1_128' title='bbox 2969 1075 3132 1156; x_wconf 79' lang='lat' dir='ltr'>facie</span> <span class='ocrx_word' id='word_1_129' title='bbox 3170 1077 3306 1141; x_wconf 87' lang='lat' dir='ltr'>eius</span> <span class='ocrx_word' id='word_1_130' title='bbox 3338 1079 3618 1142; x_wconf 78' lang='lat' dir='ltr'>seeundo·</span> <span class='ocrx_word' id='word_1_131' title='bbox 3708 1078 3805 1141; x_wconf 81' lang='lat'>12.</span> <span class='ocrx_word' id='word_1_132' title='bbox 3848 1077 3934 1140; x_wconf 86' lang='lat' dir='ltr'>Et</span> <span class='ocrx_word' id='word_1_133' title='bbox 3966 1079 4173 1142; x_wconf 80' lang='lat' dir='ltr'>timuit</span> 
     </span>
     <span class='ocr_line' id='line_1_20' title="bbox 2267 1157 4172 1258; baseline 0.002 -35"><span class='ocrx_word' id='word_1_134' title='bbox 2267 1157 2428 1224; x_wconf 85' lang='lat' dir='ltr'>Saul</span> <span class='ocrx_word' id='word_1_135' title='bbox 2469 1180 2510 1223; x_wconf 91' lang='lat' dir='ltr'>a</span> <span class='ocrx_word' id='word_1_136' title='bbox 2550 1159 2712 1240; x_wconf 81' lang='lat' dir='ltr'>facie</span> <span class='ocrx_word' id='word_1_137' title='bbox 2752 1159 2990 1258; x_wconf 66' lang='lat' dir='ltr'>David,</span> <span class='ocrx_word' id='word_1_138' title='bbox 3049 1181 3115 1224; x_wconf 88' lang='lat' dir='ltr'>eo</span> <span class='ocrx_word' id='word_1_139' title='bbox 3155 1162 3316 1244; x_wconf 76' lang='lat' dir='ltr'>quod</span> <span class='ocrx_word' id='word_1_140' title='bbox 3357 1162 3669 1228; x_wconf 78' lang='lat' dir='ltr'>Dominus</span> <span class='ocrx_word' id='word_1_141' title='bbox 3713 1168 3865 1227; x_wconf 85' lang='lat' dir='ltr'>esset</span> <span class='ocrx_word' id='word_1_142' title='bbox 3907 1182 4045 1226; x_wconf 87' lang='lat' dir='ltr'>cum</span> <span class='ocrx_word' id='word_1_143' title='bbox 4086 1183 4172 1241; x_wconf 82' lang='lat' dir='ltr'>ee,</span> 
     </span>
    </p>
   </div>
   <div class='ocr_carea' id='block_1_13' title="bbox 257 1242 4172 1330">
    <p class='ocr_par' dir='ltr' id='par_1_13' title="bbox 257 1242 4172 1330">
     <span class='ocr_line' id='line_1_21' title="bbox 257 1242 4172 1330; baseline 0 -20"><span class='ocrx_word' id='word_1_144' title='bbox 257 1247 488 1310; x_wconf 89' lang='lat' dir='ltr'>sionem</span> <span class='ocrx_word' id='word_1_145' title='bbox 549 1244 1045 1308; x_wconf 81' lang='lat' dir='ltr'>transmitteret.</span> <span class='ocrx_word' id='word_1_146' title='bbox 1133 1242 1264 1309; x_wconf 90' lang='lat' dir='ltr'>Sed</span> <span class='ocrx_word' id='word_1_147' title='bbox 1325 1244 1567 1308; x_wconf 87' lang='lat' dir='ltr'>frustra</span> <span class='ocrx_word' id='word_1_148' title='bbox 1624 1242 1766 1309; x_wconf 90' lang='lat' dir='ltr'>Deo</span> <span class='ocrx_word' id='word_1_149' title='bbox 1811 1243 2155 1308; x_wconf 83' lang='lat' dir='ltr'>resistitur.</span> <span class='ocrx_word' id='word_1_150' title='bbox 2262 1248 2317 1308; x_wconf 83' lang='lat' dir='ltr'>et</span> <span class='ocrx_word' id='word_1_151' title='bbox 2364 1266 2403 1308; x_wconf 88' lang='lat' dir='ltr'>a</span> <span class='ocrx_word' id='word_1_152' title='bbox 2446 1264 2510 1310; x_wconf 86' lang='lat' dir='ltr'>se</span> <span class='ocrx_word' id='word_1_153' title='bbox 2552 1250 2912 1310; x_wconf 66' lang='lat' dir='ltr'>recessisset.</span> <span class='ocrx_word' id='word_1_154' title='bbox 3002 1245 3101 1312; x_wconf 83' lang='lat'>13.</span> <span class='ocrx_word' id='word_1_155' title='bbox 3146 1247 3398 1311; x_wconf 85' lang='lat' dir='ltr'>Amovit</span> <span class='ocrx_word' id='word_1_156' title='bbox 3437 1268 3578 1330; x_wconf 75' lang='lat' dir='ltr'>eryo</span> <span class='ocrx_word' id='word_1_157' title='bbox 3619 1268 3758 1311; x_wconf 86' lang='lat' dir='ltr'>eum</span> <span class='ocrx_word' id='word_1_158' title='bbox 3804 1246 3963 1312; x_wconf 79' lang='lat' dir='ltr'>Saul</span> <span class='ocrx_word' id='word_1_159' title='bbox 4004 1268 4046 1311; x_wconf 91' lang='lat' dir='ltr'>a</span> <span class='ocrx_word' id='word_1_160' title='bbox 4088 1267 4172 1323; x_wconf 83' lang='lat' dir='ltr'>se,</span> 
     </span>
    </p>
   </div>
   <div class='ocr_carea' id='block_1_14' title="bbox 227 1327 2177 4994">
    <p class='ocr_par' dir='ltr' id='par_1_14' title="bbox 227 1327 2177 4994">
     <span class='ocr_line' id='line_1_22' title="bbox 257 1327 2159 1411; baseline -0.002 -17"><span class='ocrx_word' id='word_1_161' title='bbox 257 1330 585 1395; x_wconf 87' lang='lat' dir='ltr'>Patienter</span> <span class='ocrx_word' id='word_1_162' title='bbox 632 1330 800 1393; x_wconf 88' lang='lat' dir='ltr'>ferre</span> <span class='ocrx_word' id='word_1_163' title='bbox 845 1327 1119 1393; x_wconf 86' lang='lat' dir='ltr'>debebat</span> <span class='ocrx_word' id='word_1_164' title='bbox 1160 1328 1491 1394; x_wconf 88' lang='lat' dir='ltr'>decretum</span> <span class='ocrx_word' id='word_1_165' title='bbox 1536 1329 1666 1393; x_wconf 89' lang='lat' dir='ltr'>Dei</span> <span class='ocrx_word' id='word_1_166' title='bbox 1708 1327 1876 1411; x_wconf 89' lang='lat' dir='ltr'>quod</span> <span class='ocrx_word' id='word_1_167' title='bbox 1921 1330 2159 1392; x_wconf 91' lang='lat' dir='ltr'>immu-</span> 
     </span>
     <span class='ocr_line' id='line_1_23' title="bbox 256 1413 2161 1497; baseline -0.001 -19"><span class='ocrx_word' id='word_1_168' title='bbox 256 1426 387 1480; x_wconf 86' lang='lat' dir='ltr'>tare</span> <span class='ocrx_word' id='word_1_169' title='bbox 427 1435 560 1478; x_wconf 91' lang='lat' dir='ltr'>non</span> <span class='ocrx_word' id='word_1_170' title='bbox 604 1425 875 1497; x_wconf 89' lang='lat' dir='ltr'>poterat,</span> <span class='ocrx_word' id='word_1_171' title='bbox 917 1423 984 1479; x_wconf 89' lang='lat' dir='ltr'>et</span> <span class='ocrx_word' id='word_1_172' title='bbox 1025 1414 1547 1497; x_wconf 90' lang='lat' dir='ltr'>quandoquidem</span> <span class='ocrx_word' id='word_1_173' title='bbox 1592 1414 1800 1479; x_wconf 89' lang='lat' dir='ltr'>officio</span> <span class='ocrx_word' id='word_1_174' title='bbox 1843 1432 1973 1477; x_wconf 95' lang='grc'>000</span> <span class='ocrx_word' id='word_1_175' title='bbox 2018 1413 2161 1478; x_wconf 86' lang='lat' dir='ltr'>fue-</span> 
     </span>
     <span class='ocr_line' id='line_1_24' title="bbox 253 1497 2161 1583; baseline -0.001 -19"><span class='ocrx_word' id='word_1_176' title='bbox 253 1512 350 1564; x_wconf 89' lang='lat' dir='ltr'>rat</span> <span class='ocrx_word' id='word_1_177' title='bbox 410 1498 771 1576; x_wconf 76' lang='lat' dir='ltr'>defunctus,</span> <span class='ocrx_word' id='word_1_178' title='bbox 842 1508 905 1564; x_wconf 88' lang='lat' dir='ltr'>et</span> <span class='ocrx_word' id='word_1_179' title='bbox 969 1508 1232 1583; x_wconf 88' lang='lat' dir='ltr'>propter</span> <span class='ocrx_word' id='word_1_180' title='bbox 1298 1500 1765 1564; x_wconf 77' lang='lat' dir='ltr'>contumaciam</span> <span class='ocrx_word' id='word_1_181' title='bbox 1831 1519 2014 1563; x_wconf 89' lang='lat' dir='ltr'>suam</span> <span class='ocrx_word' id='word_1_182' title='bbox 2081 1497 2161 1563; x_wconf 93' lang='lat' dir='ltr'>de</span> 
     </span>
     <span class='ocr_line' id='line_1_25' title="bbox 256 1583 2158 1668; baseline -0.001 -19"><span class='ocrx_word' id='word_1_183' title='bbox 256 1605 445 1668; x_wconf 87' lang='lat' dir='ltr'>regno</span> <span class='ocrx_word' id='word_1_184' title='bbox 504 1583 688 1650; x_wconf 89' lang='lat' dir='ltr'>deiici</span> <span class='ocrx_word' id='word_1_185' title='bbox 744 1584 1015 1650; x_wconf 89' lang='lat' dir='ltr'>meritus</span> <span class='ocrx_word' id='word_1_186' title='bbox 1072 1588 1300 1662; x_wconf 87' lang='lat' dir='ltr'>fuerat,</span> <span class='ocrx_word' id='word_1_187' title='bbox 1366 1585 1444 1648; x_wconf 91' lang='lat' dir='ltr'>ad</span> <span class='ocrx_word' id='word_1_188' title='bbox 1491 1583 1616 1648; x_wconf 91' lang='lat' dir='ltr'>Dei</span> <span class='ocrx_word' id='word_1_189' title='bbox 1657 1583 2158 1648; x_wconf 87' lang='lat' dir='ltr'>misericordiam</span> 
     </span>
     <span class='ocr_line' id='line_1_26' title="bbox 253 1669 2161 1753; baseline -0.001 -18"><span class='ocrx_word' id='word_1_190' title='bbox 253 1670 594 1752; x_wconf 72' lang='lat' dir='ltr'>confugere</span> <span class='ocrx_word' id='word_1_191' title='bbox 630 1679 696 1734; x_wconf 90' lang='lat' dir='ltr'>et</span> <span class='ocrx_word' id='word_1_192' title='bbox 726 1669 982 1735; x_wconf 86' lang='lat' dir='ltr'>divinae</span> <span class='ocrx_word' id='word_1_193' title='bbox 1016 1670 1436 1753; x_wconf 86' lang='lat' dir='ltr'>castigatione</span> <span class='ocrx_word' id='word_1_194' title='bbox 1470 1669 1753 1734; x_wconf 86' lang='lat' dir='ltr'>cervices</span> <span class='ocrx_word' id='word_1_195' title='bbox 1783 1669 2161 1734; x_wconf 89' lang='lat' dir='ltr'>submittere</span> 
     </span>
     <span class='ocr_line' id='line_1_27' title="bbox 252 1754 2160 1838; baseline -0.001 -19"><span class='ocrx_word' id='word_1_196' title='bbox 252 1754 540 1832; x_wconf 84' lang='lat' dir='ltr'>debebat,</span> <span class='ocrx_word' id='word_1_197' title='bbox 583 1755 971 1838; x_wconf 89' lang='lat' dir='ltr'>veniamque</span> <span class='ocrx_word' id='word_1_198' title='bbox 1016 1754 1377 1837; x_wconf 88' lang='lat' dir='ltr'>deprecari:</span> <span class='ocrx_word' id='word_1_199' title='bbox 1427 1767 1503 1819; x_wconf 91' lang='lat' dir='ltr'>ut</span> <span class='ocrx_word' id='word_1_200' title='bbox 1536 1773 1776 1836; x_wconf 87' lang='lat' dir='ltr'>poenae</span> <span class='ocrx_word' id='word_1_201' title='bbox 1812 1754 1952 1818; x_wconf 91' lang='lat' dir='ltr'>miti</span> <span class='ocrx_word' id='word_1_202' title='bbox 2041 1754 2160 1818; x_wconf 90' lang='lat' dir='ltr'>tio·</span> 
     </span>
     <span class='ocr_line' id='line_1_28' title="bbox 253 1838 2158 1923; baseline -0.001 -20"><span class='ocrx_word' id='word_1_203' title='bbox 253 1861 396 1904; x_wconf 89' lang='lat' dir='ltr'>nem</span> <span class='ocrx_word' id='word_1_204' title='bbox 458 1840 859 1923; x_wconf 86' lang='lat' dir='ltr'>impetraret.</span> <span class='ocrx_word' id='word_1_205' title='bbox 948 1839 1080 1906; x_wconf 90' lang='lat' dir='ltr'>Sed</span> <span class='ocrx_word' id='word_1_206' title='bbox 1135 1841 1286 1904; x_wconf 93' lang='lat' dir='ltr'>dum</span> <span class='ocrx_word' id='word_1_207' title='bbox 1341 1838 1557 1903; x_wconf 90' lang='lat' dir='ltr'>odium</span> <span class='ocrx_word' id='word_1_208' title='bbox 1601 1839 1911 1904; x_wconf 89' lang='lat' dir='ltr'>adversus</span> <span class='ocrx_word' id='word_1_209' title='bbox 2020 1838 2158 1905; x_wconf 89' lang='lat' dir='ltr'>avi-</span> 
     </span>
     <span class='ocr_line' id='line_1_29' title="bbox 251 1922 2159 2008; baseline -0.002 -18"><span class='ocrx_word' id='word_1_210' title='bbox 251 1926 393 1990; x_wconf 90' lang='lat' dir='ltr'>dem</span> <span class='ocrx_word' id='word_1_211' title='bbox 437 1927 640 2007; x_wconf 83' lang='lat' dir='ltr'>fovet,</span> <span class='ocrx_word' id='word_1_212' title='bbox 685 1936 748 1989; x_wconf 89' lang='lat' dir='ltr'>et</span> <span class='ocrx_word' id='word_1_213' title='bbox 791 1924 1103 1990; x_wconf 87' lang='lat' dir='ltr'>adversus</span> <span class='ocrx_word' id='word_1_214' title='bbox 1145 1927 1356 2007; x_wconf 89' lang='lat' dir='ltr'>ipsum</span> <span class='ocrx_word' id='word_1_215' title='bbox 1401 1922 1648 1989; x_wconf 88' lang='lat' dir='ltr'>invidia</span> <span class='ocrx_word' id='word_1_216' title='bbox 1682 1926 1981 2008; x_wconf 89' lang='lat' dir='ltr'>ringitur,</span> <span class='ocrx_word' id='word_1_217' title='bbox 2029 1924 2159 1989; x_wconf 88' lang='lat' dir='ltr'>bel-</span> 
     </span>
     <span class='ocr_line' id='line_1_30' title="bbox 251 2009 2160 2095; baseline 0 -22"><span class='ocrx_word' id='word_1_218' title='bbox 251 2011 513 2093; x_wconf 91' lang='lat' dir='ltr'>lumque</span> <span class='ocrx_word' id='word_1_219' title='bbox 571 2012 860 2095; x_wconf 88' lang='lat' dir='ltr'>suscipit,</span> <span class='ocrx_word' id='word_1_220' title='bbox 918 2009 1070 2092; x_wconf 93' lang='lat' dir='ltr'>quid</span> <span class='ocrx_word' id='word_1_221' title='bbox 1129 2009 1302 2074; x_wconf 88' lang='lat' dir='ltr'>aliud</span> <span class='ocrx_word' id='word_1_222' title='bbox 1359 2018 1699 2093; x_wconf 83' lang='lat' dir='ltr'>promovet</span> <span class='ocrx_word' id='word_1_223' title='bbox 1754 2030 1943 2093; x_wconf 88' lang='lat' dir='ltr'>quam</span> <span class='ocrx_word' id='word_1_224' title='bbox 1990 2010 2160 2091; x_wconf 90' lang='lat' dir='ltr'>quod</span> 
     </span>
     <span class='ocr_line' id='line_1_31' title="bbox 249 2094 2161 2177; baseline 0.001 -18"><span class='ocrx_word' id='word_1_225' title='bbox 249 2096 494 2161; x_wconf 85' lang='lat' dir='ltr'>malum</span> <span class='ocrx_word' id='word_1_226' title='bbox 563 2116 751 2161; x_wconf 89' lang='lat' dir='ltr'>suum</span> <span class='ocrx_word' id='word_1_227' title='bbox 816 2094 1052 2177; x_wconf 82' lang='lat' dir='ltr'>auget?</span> <span class='ocrx_word' id='word_1_228' title='bbox 1119 2096 1210 2160; x_wconf 81' lang='lat' dir='ltr'>Et</span> <span class='ocrx_word' id='word_1_229' title='bbox 1265 2107 1484 2159; x_wconf 88' lang='lat' dir='ltr'>tamen</span> <span class='ocrx_word' id='word_1_230' title='bbox 1525 2103 1660 2160; x_wconf 88' lang='lat' dir='ltr'>tam</span> <span class='ocrx_word' id='word_1_231' title='bbox 1705 2095 1868 2160; x_wconf 88' lang='lat' dir='ltr'>altas</span> <span class='ocrx_word' id='word_1_232' title='bbox 1911 2094 2161 2161; x_wconf 85' lang='lat' dir='ltr'>radices</span> 
     </span>
     <span class='ocr_line' id='line_1_32' title="bbox 248 2179 2159 2264; baseline 0 -20"><span class='ocrx_word' id='word_1_233' title='bbox 248 2181 379 2263; x_wconf 88' lang='lat' dir='ltr'>egit</span> <span class='ocrx_word' id='word_1_234' title='bbox 423 2182 497 2245; x_wconf 87' lang='lat' dir='ltr'>in</span> <span class='ocrx_word' id='word_1_235' title='bbox 544 2182 747 2264; x_wconf 85' lang='lat' dir='ltr'>ipsius</span> <span class='ocrx_word' id='word_1_236' title='bbox 789 2195 1046 2263; x_wconf 86' lang='lat' dir='ltr'>pectore</span> <span class='ocrx_word' id='word_1_237' title='bbox 1080 2181 1390 2246; x_wconf 86' lang='lat' dir='ltr'>adversus</span> <span class='ocrx_word' id='word_1_238' title='bbox 1427 2179 1739 2245; x_wconf 89' lang='lat' dir='ltr'>Davidem</span> <span class='ocrx_word' id='word_1_239' title='bbox 1775 2181 1974 2245; x_wconf 90' lang='lat' dir='ltr'>semel</span> <span class='ocrx_word' id='word_1_240' title='bbox 2009 2200 2159 2244; x_wconf 90' lang='lat' dir='ltr'>con·</span> 
     </span>
     <span class='ocr_line' id='line_1_33' title="bbox 248 2263 2163 2349; baseline -0.001 -20"><span class='ocrx_word' id='word_1_241' title='bbox 248 2275 512 2348; x_wconf 89' lang='lat' dir='ltr'>ceptum</span> <span class='ocrx_word' id='word_1_242' title='bbox 558 2265 795 2343; x_wconf 86' lang='lat' dir='ltr'>odium,</span> <span class='ocrx_word' id='word_1_243' title='bbox 849 2276 920 2330; x_wconf 91' lang='lat' dir='ltr'>ut</span> <span class='ocrx_word' id='word_1_244' title='bbox 963 2286 1291 2349; x_wconf 88' lang='lat' dir='ltr'>nunquam</span> <span class='ocrx_word' id='word_1_245' title='bbox 1335 2265 1666 2347; x_wconf 86' lang='lat' dir='ltr'>exstingui</span> <span class='ocrx_word' id='word_1_246' title='bbox 1707 2267 2007 2348; x_wconf 89' lang='lat' dir='ltr'>potuerit,</span> <span class='ocrx_word' id='word_1_247' title='bbox 2051 2263 2163 2330; x_wconf 91' lang='lat' dir='ltr'>sed</span> 
     </span>
     <span class='ocr_line' id='line_1_34' title="bbox 247 2350 2161 2434; baseline 0 -20"><span class='ocrx_word' id='word_1_248' title='bbox 247 2353 465 2434; x_wconf 89' lang='lat' dir='ltr'>potius</span> <span class='ocrx_word' id='word_1_249' title='bbox 510 2353 580 2415; x_wconf 90' lang='lat' dir='ltr'>in</span> <span class='ocrx_word' id='word_1_250' title='bbox 616 2351 751 2416; x_wconf 91' lang='lat' dir='ltr'>dies</span> <span class='ocrx_word' id='word_1_251' title='bbox 786 2351 1118 2416; x_wconf 86' lang='lat' dir='ltr'>exarserit.</span> <span class='ocrx_word' id='word_1_252' title='bbox 1204 2350 1382 2416; x_wconf 88' lang='lat' dir='ltr'>Hinc</span> <span class='ocrx_word' id='word_1_253' title='bbox 1417 2350 1530 2414; x_wconf 91' lang='lat' dir='ltr'>illa</span> <span class='ocrx_word' id='word_1_254' title='bbox 1563 2350 1905 2433; x_wconf 86' lang='lat' dir='ltr'>simulatio,</span> <span class='ocrx_word' id='word_1_255' title='bbox 1944 2361 2009 2414; x_wconf 92' lang='lat' dir='ltr'>et</span> <span class='ocrx_word' id='word_1_256' title='bbox 2044 2350 2161 2433; x_wconf 81' lang='lat' dir='ltr'>hy·</span> 
     </span>
     <span class='ocr_line' id='line_1_35' title="bbox 247 2434 2164 2519; baseline -0.001 -18"><span class='ocrx_word' id='word_1_257' title='bbox 247 2436 539 2519; x_wconf 89' lang='lat' dir='ltr'>pocrisis,</span> <span class='ocrx_word' id='word_1_258' title='bbox 584 2434 756 2518; x_wconf 91' lang='lat' dir='ltr'>quod</span> <span class='ocrx_word' id='word_1_259' title='bbox 803 2435 1139 2513; x_wconf 85' lang='lat' dir='ltr'>Davidem,</span> <span class='ocrx_word' id='word_1_260' title='bbox 1185 2456 1374 2518; x_wconf 91' lang='lat' dir='ltr'>quem</span> <span class='ocrx_word' id='word_1_261' title='bbox 1417 2436 1643 2500; x_wconf 88' lang='lat' dir='ltr'>oderat</span> <span class='ocrx_word' id='word_1_262' title='bbox 1685 2455 1842 2500; x_wconf 87' lang='lat' dir='ltr'>cane</span> <span class='ocrx_word' id='word_1_263' title='bbox 1885 2437 2066 2518; x_wconf 89' lang='lat' dir='ltr'>peius</span> <span class='ocrx_word' id='word_1_264' title='bbox 2101 2446 2164 2499; x_wconf 92' lang='lat' dir='ltr'>et</span> 
     </span>
     <span class='ocr_line' id='line_1_36' title="bbox 245 2520 2162 2607; baseline 0 -22"><span class='ocrx_word' id='word_1_265' title='bbox 245 2541 480 2607; x_wconf 90' lang='lat' dir='ltr'>angue,</span> <span class='ocrx_word' id='word_1_266' title='bbox 550 2531 770 2585; x_wconf 89' lang='lat' dir='ltr'>tamen</span> <span class='ocrx_word' id='word_1_267' title='bbox 834 2520 1003 2603; x_wconf 87' lang='lat' dir='ltr'>apud</span> <span class='ocrx_word' id='word_1_268' title='bbox 1067 2542 1136 2587; x_wconf 92' lang='lat' dir='ltr'>se</span> <span class='ocrx_word' id='word_1_269' title='bbox 1200 2522 1479 2585; x_wconf 88' lang='lat' dir='ltr'>retineat</span> <span class='ocrx_word' id='word_1_270' title='bbox 1541 2534 1611 2584; x_wconf 90' lang='lat' dir='ltr'>ut</span> <span class='ocrx_word' id='word_1_271' title='bbox 1675 2520 1895 2586; x_wconf 82' lang='lat' dir='ltr'>favore</span> <span class='ocrx_word' id='word_1_272' title='bbox 1951 2521 2162 2603; x_wconf 89' lang='lat' dir='ltr'>ipsum</span> 
     </span>
     <span class='ocr_line' id='line_1_37' title="bbox 245 2603 2165 2689; baseline -0.002 -16"><span class='ocrx_word' id='word_1_273' title='bbox 245 2607 570 2689; x_wconf 86' lang='lat' dir='ltr'>conplecti</span> <span class='ocrx_word' id='word_1_274' title='bbox 608 2604 922 2683; x_wconf 90' lang='lat' dir='ltr'>videatur,</span> <span class='ocrx_word' id='word_1_275' title='bbox 958 2615 1024 2670; x_wconf 89' lang='lat' dir='ltr'>et</span> <span class='ocrx_word' id='word_1_276' title='bbox 1057 2606 1237 2673; x_wconf 88' lang='lat' dir='ltr'>varia</span> <span class='ocrx_word' id='word_1_277' title='bbox 1270 2603 1576 2670; x_wconf 89' lang='lat' dir='ltr'>mandata</span> <span class='ocrx_word' id='word_1_278' title='bbox 1611 2606 1833 2689; x_wconf 88' lang='lat' dir='ltr'>magni</span> <span class='ocrx_word' id='word_1_279' title='bbox 1855 2605 2165 2670; x_wconf 88' lang='lat' dir='ltr'>momenti</span> 
     </span>
     <span class='ocr_line' id='line_1_38' title="bbox 243 2691 2165 2773; baseline -0.001 -17"><span class='ocrx_word' id='word_1_280' title='bbox 243 2692 371 2769; x_wconf 91' lang='lat' dir='ltr'>det,</span> <span class='ocrx_word' id='word_1_281' title='bbox 435 2692 566 2757; x_wconf 89' lang='lat' dir='ltr'>etsi</span> <span class='ocrx_word' id='word_1_282' title='bbox 625 2711 961 2773; x_wconf 87' lang='lat' dir='ltr'>nunquam</span> <span class='ocrx_word' id='word_1_283' title='bbox 1018 2691 1212 2758; x_wconf 89' lang='lat' dir='ltr'>rectis</span> <span class='ocrx_word' id='word_1_284' title='bbox 1253 2691 1454 2757; x_wconf 92' lang='lat' dir='ltr'>oculis</span> <span class='ocrx_word' id='word_1_285' title='bbox 1495 2712 1642 2755; x_wconf 90' lang='lat' dir='ltr'>eum</span> <span class='ocrx_word' id='word_1_286' title='bbox 1687 2691 2060 2773; x_wconf 80' lang='lat' dir='ltr'>inspexerit,</span> <span class='ocrx_word' id='word_1_287' title='bbox 2127 2711 2165 2755; x_wconf 92' lang='lat' dir='ltr'>a</span> 
     </span>
     <span class='ocr_line' id='line_1_39' title="bbox 242 2775 2166 2859; baseline -0.002 -17"><span class='ocrx_word' id='word_1_288' title='bbox 242 2797 373 2859; x_wconf 90' lang='lat' dir='ltr'>qua</span> <span class='ocrx_word' id='word_1_289' title='bbox 432 2777 546 2841; x_wconf 90' lang='lat' dir='ltr'>die</span> <span class='ocrx_word' id='word_1_290' title='bbox 608 2775 829 2842; x_wconf 88' lang='lat' dir='ltr'>landes</span> <span class='ocrx_word' id='word_1_291' title='bbox 887 2776 1034 2841; x_wconf 88' lang='lat' dir='ltr'>illas</span> <span class='ocrx_word' id='word_1_292' title='bbox 1089 2776 1362 2843; x_wconf 86' lang='lat' dir='ltr'>Davidis</span> <span class='ocrx_word' id='word_1_293' title='bbox 1420 2775 1667 2842; x_wconf 85' lang='lat' dir='ltr'>audivit</span> <span class='ocrx_word' id='word_1_294' title='bbox 1709 2795 1749 2839; x_wconf 91' lang='lat' dir='ltr'>a</span> <span class='ocrx_word' id='word_1_295' title='bbox 1791 2775 2166 2841; x_wconf 88' lang='lat' dir='ltr'>mulieribus</span> 
     </span>
     <span class='ocr_line' id='line_1_40' title="bbox 239 2858 2166 2945; baseline -0.002 -18"><span class='ocrx_word' id='word_1_296' title='bbox 239 2861 633 2944; x_wconf 89' lang='lat' dir='ltr'>praedicari.</span> <span class='ocrx_word' id='word_1_297' title='bbox 721 2862 948 2945; x_wconf 89' lang='lat' dir='ltr'>Neque</span> <span class='ocrx_word' id='word_1_298' title='bbox 1032 2863 1205 2926; x_wconf 90' lang='lat' dir='ltr'>enim</span> <span class='ocrx_word' id='word_1_299' title='bbox 1275 2862 1414 2926; x_wconf 91' lang='lat' dir='ltr'>eius</span> <span class='ocrx_word' id='word_1_300' title='bbox 1482 2860 1836 2928; x_wconf 89' lang='lat' dir='ltr'>commodis</span> <span class='ocrx_word' id='word_1_301' title='bbox 1899 2858 2166 2937; x_wconf 89' lang='lat' dir='ltr'>studuit,</span> 
     </span>
     <span class='ocr_line' id='line_1_41' title="bbox 239 2945 2163 3031; baseline -0.002 -20"><span class='ocrx_word' id='word_1_302' title='bbox 239 2968 437 3031; x_wconf 92' lang='lat' dir='ltr'>quem</span> <span class='ocrx_word' id='word_1_303' title='bbox 508 2947 707 3013; x_wconf 87' lang='lat' dir='ltr'>rectis</span> <span class='ocrx_word' id='word_1_304' title='bbox 770 2947 976 3013; x_wconf 92' lang='lat' dir='ltr'>oculis</span> <span class='ocrx_word' id='word_1_305' title='bbox 1040 2967 1170 3013; x_wconf 89' lang='lat' dir='ltr'>non</span> <span class='ocrx_word' id='word_1_306' title='bbox 1240 2945 1419 3027; x_wconf 90' lang='lat' dir='ltr'>vidit,</span> <span class='ocrx_word' id='word_1_307' title='bbox 1482 2947 1605 3013; x_wconf 90' lang='lat' dir='ltr'>etsi</span> <span class='ocrx_word' id='word_1_308' title='bbox 1647 2946 1818 3011; x_wconf 91' lang='lat' dir='ltr'>domi</span> <span class='ocrx_word' id='word_1_309' title='bbox 1864 2945 2163 3011; x_wconf 89' lang='lat' dir='ltr'>retinuit:</span> 
     </span>
     <span class='ocr_line' id='line_1_42' title="bbox 241 3031 2165 3181; baseline -0.002 -82"><span class='ocrx_word' id='word_1_310' title='bbox 241 3031 353 3099; x_wconf 87' lang='lat' dir='ltr'>sed</span> <span class='ocrx_word' id='word_1_311' title='bbox 411 3035 637 3117; x_wconf 87' lang='lat' dir='ltr'>potius</span> <span class='ocrx_word' id='word_1_312' title='bbox 679 3035 818 3097; x_wconf 90' lang='lat' dir='ltr'>eius</span> <span class='ocrx_word' id='word_1_313' title='bbox 861 3032 1132 3097; x_wconf 88' lang='lat' dir='ltr'>exitium</span> <span class='ocrx_word' id='word_1_314' title='bbox 1176 3053 1295 3181; x_wconf 48' lang='lat' dir='ltr'>{il-o</span> <span class='ocrx_word' id='word_1_315' title='bbox 1337 3032 1588 3098; x_wconf 89' lang='lat' dir='ltr'>viribus</span> <span class='ocrx_word' id='word_1_316' title='bbox 1628 3033 1967 3114; x_wconf 86' lang='lat' dir='ltr'>quaesivit.</span> <span class='ocrx_word' id='word_1_317' title='bbox 2053 3031 2165 3095; x_wconf 92' lang='lat' dir='ltr'>In-</span> 
     </span>
     <span class='ocr_line' id='line_1_43' title="bbox 242 3116 2168 3199; baseline -0.002 -16"><span class='ocrx_word' id='word_1_318' title='bbox 242 3119 441 3184; x_wconf 87' lang='lat' dir='ltr'>terim</span> <span class='ocrx_word' id='word_1_319' title='bbox 491 3139 653 3184; x_wconf 90' lang='lat' dir='ltr'>vero</span> <span class='ocrx_word' id='word_1_320' title='bbox 697 3116 879 3183; x_wconf 90' lang='lat' dir='ltr'>Dens</span> <span class='ocrx_word' id='word_1_321' title='bbox 921 3139 1068 3183; x_wconf 90' lang='lat' dir='ltr'>eum</span> <span class='ocrx_word' id='word_1_322' title='bbox 1111 3139 1184 3182; x_wconf 91' lang='lat' dir='ltr'>co</span> <span class='ocrx_word' id='word_1_323' title='bbox 1236 3118 1413 3194; x_wconf 83' lang='lat' dir='ltr'>‘buit,</span> <span class='ocrx_word' id='word_1_324' title='bbox 1471 3117 1971 3199; x_wconf 88' lang='lat' dir='ltr'>munificumque</span> <span class='ocrx_word' id='word_1_325' title='bbox 2012 3138 2168 3198; x_wconf 88' lang='lat' dir='ltr'>erga</span> 
     </span>
     <span class='ocr_line' id='line_1_44' title="bbox 240 3201 2163 3288; baseline -0.001 -19"><span class='ocrx_word' id='word_1_326' title='bbox 240 3225 392 3270; x_wconf 89' lang='lat' dir='ltr'>eum</span> <span class='ocrx_word' id='word_1_327' title='bbox 441 3224 646 3288; x_wconf 90' lang='lat' dir='ltr'>quem</span> <span class='ocrx_word' id='word_1_328' title='bbox 687 3202 910 3268; x_wconf 90' lang='lat' dir='ltr'>oderat</span> <span class='ocrx_word' id='word_1_329' title='bbox 952 3224 1092 3268; x_wconf 84' lang='lat' dir='ltr'>esse</span> <span class='ocrx_word' id='word_1_330' title='bbox 1135 3204 1240 3267; x_wconf 89' lang='lat' dir='ltr'>vel</span> <span class='ocrx_word' id='word_1_331' title='bbox 1285 3203 1564 3267; x_wconf 89' lang='lat' dir='ltr'>invitum</span> <span class='ocrx_word' id='word_1_332' title='bbox 1605 3205 1836 3285; x_wconf 81' lang='lat' dir='ltr'>coegit.</span> <span class='ocrx_word' id='word_1_333' title='bbox 1923 3201 2163 3283; x_wconf 81' lang='lat' dir='ltr'>Quam-</span> 
     </span>
     <span class='ocr_line' id='line_1_45' title="bbox 235 3287 2163 3372; baseline -0.002 -17"><span class='ocrx_word' id='word_1_334' title='bbox 235 3291 469 3355; x_wconf 89' lang='lat' dir='ltr'>obrem</span> <span class='ocrx_word' id='word_1_335' title='bbox 532 3309 616 3354; x_wconf 90' lang='lat' dir='ltr'>ex</span> <span class='ocrx_word' id='word_1_336' title='bbox 673 3289 803 3354; x_wconf 89' lang='lat' dir='ltr'>ista</span> <span class='ocrx_word' id='word_1_337' title='bbox 859 3287 1079 3354; x_wconf 89' lang='lat' dir='ltr'>Saulis</span> <span class='ocrx_word' id='word_1_338' title='bbox 1135 3287 1463 3371; x_wconf 83' lang='lat' dir='ltr'>hypocrisi</span> <span class='ocrx_word' id='word_1_339' title='bbox 1529 3288 1849 3355; x_wconf 88' lang='lat' dir='ltr'>discamus</span> <span class='ocrx_word' id='word_1_340' title='bbox 1921 3309 2163 3372; x_wconf 86' lang='lat' dir='ltr'>sapere,</span> 
     </span>
     <span class='ocr_line' id='line_1_46' title="bbox 237 3371 2166 3440; baseline -0.002 -1"><span class='ocrx_word' id='word_1_341' title='bbox 237 3387 304 3439; x_wconf 88' lang='lat' dir='ltr'>et</span> <span class='ocrx_word' id='word_1_342' title='bbox 348 3375 421 3440; x_wconf 91' lang='lat' dir='ltr'>in</span> <span class='ocrx_word' id='word_1_343' title='bbox 473 3373 856 3439; x_wconf 86' lang='lat' dir='ltr'>memoriam</span> <span class='ocrx_word' id='word_1_344' title='bbox 902 3394 1272 3439; x_wconf 88' lang='lat' dir='ltr'>revocemus</span> <span class='ocrx_word' id='word_1_345' title='bbox 1316 3373 1558 3439; x_wconf 92' lang='lat' dir='ltr'>dictum</span> <span class='ocrx_word' id='word_1_346' title='bbox 1601 3372 1762 3438; x_wconf 89' lang='lat' dir='ltr'>illud</span> <span class='ocrx_word' id='word_1_347' title='bbox 1797 3371 2061 3438; x_wconf 88' lang='lat' dir='ltr'>Ioannis</span> <span class='ocrx_word' id='word_1_348' title='bbox 2095 3373 2166 3437; x_wconf 88' lang='lat' dir='ltr'>in</span> 
     </span>
     <span class='ocr_line' id='line_1_47' title="bbox 239 3456 2165 3544; baseline -0.001 -20"><span class='ocrx_word' id='word_1_349' title='bbox 239 3460 466 3544; x_wconf 89' lang='lat' dir='ltr'>priore</span> <span class='ocrx_word' id='word_1_350' title='bbox 513 3479 634 3525; x_wconf 88' lang='lat' dir='ltr'>sua</span> <span class='ocrx_word' id='word_1_351' title='bbox 675 3460 1000 3537; x_wconf 85' lang='lat' dir='ltr'>canonica,</span> <span class='ocrx_word' id='word_1_352' title='bbox 1067 3479 1188 3523; x_wconf 91' lang='lat' dir='ltr'>nos</span> <span class='ocrx_word' id='word_1_353' title='bbox 1250 3458 1395 3523; x_wconf 93' lang='lat' dir='ltr'>odio</span> <span class='ocrx_word' id='word_1_354' title='bbox 1450 3456 1763 3523; x_wconf 89' lang='lat' dir='ltr'>habentes</span> <span class='ocrx_word' id='word_1_355' title='bbox 1815 3460 2165 3541; x_wconf 88' lang='lat' dir='ltr'>proximos,</span> 
     </span>
     <span class='ocr_line' id='line_1_48' title="bbox 240 3541 2169 3629; baseline -0.001 -21"><span class='ocrx_word' id='word_1_356' title='bbox 240 3566 377 3609; x_wconf 88' lang='lat' dir='ltr'>non</span> <span class='ocrx_word' id='word_1_357' title='bbox 441 3565 640 3629; x_wconf 90' lang='lat' dir='ltr'>posse</span> <span class='ocrx_word' id='word_1_358' title='bbox 695 3545 835 3609; x_wconf 87' lang='lat' dir='ltr'>fieri</span> <span class='ocrx_word' id='word_1_359' title='bbox 892 3544 1078 3628; x_wconf 84' lang='lat' dir='ltr'>regni</span> <span class='ocrx_word' id='word_1_360' title='bbox 1134 3543 1423 3609; x_wconf 90' lang='lat' dir='ltr'>caelestis</span> <span class='ocrx_word' id='word_1_361' title='bbox 1467 3542 1808 3610; x_wconf 88' lang='lat' dir='ltr'>haeredes:</span> <span class='ocrx_word' id='word_1_362' title='bbox 1878 3541 2049 3625; x_wconf 90' lang='lat' dir='ltr'>quod</span> <span class='ocrx_word' id='word_1_363' title='bbox 2103 3553 2169 3607; x_wconf 91' lang='lat' dir='ltr'>et</span> 
     </span>
     <span class='ocr_line' id='line_1_49' title="bbox 239 3629 2163 3697; baseline -0.002 -3"><span class='ocrx_word' id='word_1_364' title='bbox 239 3629 326 3694; x_wconf 90' lang='lat' dir='ltr'>D.</span> <span class='ocrx_word' id='word_1_365' title='bbox 386 3631 650 3697; x_wconf 89' lang='lat' dir='ltr'>Paulus</span> <span class='ocrx_word' id='word_1_366' title='bbox 710 3629 913 3694; x_wconf 90' lang='lat' dir='ltr'>altera</span> <span class='ocrx_word' id='word_1_367' title='bbox 971 3629 1371 3694; x_wconf 87' lang='lat' dir='ltr'>memorabili</span> <span class='ocrx_word' id='word_1_368' title='bbox 1427 3629 1750 3695; x_wconf 89' lang='lat' dir='ltr'>sententia</span> <span class='ocrx_word' id='word_1_369' title='bbox 1793 3630 2163 3693; x_wconf 87' lang='lat' dir='ltr'>confirmat:</span> 
     </span>
     <span class='ocr_line' id='line_1_50' title="bbox 237 3713 2167 3798; baseline -0.002 -18"><span class='ocrx_word' id='word_1_370' title='bbox 237 3717 419 3781; x_wconf 83' lang='lat' dir='ltr'>Eum</span> <span class='ocrx_word' id='word_1_371' title='bbox 495 3715 607 3798; x_wconf 90' lang='lat' dir='ltr'>qui</span> <span class='ocrx_word' id='word_1_372' title='bbox 652 3716 917 3780; x_wconf 82' lang='lat' dir='ltr'>fratrem</span> <span class='ocrx_word' id='word_1_373' title='bbox 961 3715 1096 3780; x_wconf 92' lang='lat' dir='ltr'>odit</span> <span class='ocrx_word' id='word_1_374' title='bbox 1139 3735 1278 3779; x_wconf 89' lang='lat' dir='ltr'>esse</span> <span class='ocrx_word' id='word_1_375' title='bbox 1322 3713 1725 3778; x_wconf 87' lang='lat' dir='ltr'>homicidam.</span> <span class='ocrx_word' id='word_1_376' title='bbox 1812 3714 2000 3779; x_wconf 86' lang='lat' dir='ltr'>Licet</span> <span class='ocrx_word' id='word_1_377' title='bbox 2042 3713 2167 3778; x_wconf 89' lang='lat' dir='ltr'>ita-</span> 
     </span>
     <span class='ocr_line' id='line_1_51' title="bbox 235 3799 2167 3885; baseline -0.001 -20"><span class='ocrx_word' id='word_1_378' title='bbox 235 3822 367 3884; x_wconf 91' lang='lat' dir='ltr'>que</span> <span class='ocrx_word' id='word_1_379' title='bbox 414 3801 797 3885; x_wconf 88' lang='lat' dir='ltr'>proximum</span> <span class='ocrx_word' id='word_1_380' title='bbox 841 3822 967 3864; x_wconf 91' lang='lat' dir='ltr'>non</span> <span class='ocrx_word' id='word_1_381' title='bbox 1013 3801 1365 3865; x_wconf 84' lang='lat' dir='ltr'>afficiamus</span> <span class='ocrx_word' id='word_1_382' title='bbox 1410 3800 1667 3877; x_wconf 87' lang='lat' dir='ltr'>iniuria,</span> <span class='ocrx_word' id='word_1_383' title='bbox 1721 3819 1930 3882; x_wconf 88' lang='lat' dir='ltr'>neque</span> <span class='ocrx_word' id='word_1_384' title='bbox 1972 3799 2167 3863; x_wconf 88' lang='lat' dir='ltr'>minis</span> 
     </span>
     <span class='ocr_line' id='line_1_52' title="bbox 233 3883 2167 3969; baseline -0.002 -19"><span class='ocrx_word' id='word_1_385' title='bbox 233 3900 620 3952; x_wconf 85' lang='lat' dir='ltr'>terreamus</span> <span class='ocrx_word' id='word_1_386' title='bbox 664 3894 972 3969; x_wconf 87' lang='lat' dir='ltr'>tanquam</span> <span class='ocrx_word' id='word_1_387' title='bbox 1016 3884 1287 3949; x_wconf 89' lang='lat' dir='ltr'>iniurias</span> <span class='ocrx_word' id='word_1_388' title='bbox 1330 3883 1543 3950; x_wconf 88' lang='lat' dir='ltr'>illatas</span> <span class='ocrx_word' id='word_1_389' title='bbox 1586 3884 1806 3961; x_wconf 90' lang='lat' dir='ltr'>ulturi,</span> <span class='ocrx_word' id='word_1_390' title='bbox 1849 3894 2066 3949; x_wconf 89' lang='lat' dir='ltr'>tamen</span> <span class='ocrx_word' id='word_1_391' title='bbox 2110 3884 2167 3948; x_wconf 91' lang='lat' dir='ltr'>si</span> 
     </span>
     <span class='ocr_line' id='line_1_53' title="bbox 233 3969 2164 4054; baseline -0.003 -16"><span class='ocrx_word' id='word_1_392' title='bbox 233 3982 514 4054; x_wconf 86' lang='lat' dir='ltr'>pectore</span> <span class='ocrx_word' id='word_1_393' title='bbox 572 3970 788 4035; x_wconf 90' lang='lat' dir='ltr'>odium</span> <span class='ocrx_word' id='word_1_394' title='bbox 832 3971 1223 4037; x_wconf 90' lang='lat' dir='ltr'>occultemus</span> <span class='ocrx_word' id='word_1_395' title='bbox 1267 3979 1333 4034; x_wconf 90' lang='lat' dir='ltr'>et</span> <span class='ocrx_word' id='word_1_396' title='bbox 1373 3970 1721 4045; x_wconf 84' lang='lat' dir='ltr'>foveamus,</span> <span class='ocrx_word' id='word_1_397' title='bbox 1777 3969 1906 4033; x_wconf 90' lang='lat' dir='ltr'>iam</span> <span class='ocrx_word' id='word_1_398' title='bbox 1951 3988 2164 4034; x_wconf 88' lang='lat' dir='ltr'>coram</span> 
     </span>
     <span class='ocr_line' id='line_1_54' title="bbox 233 4054 2169 4139; baseline -0.003 -17"><span class='ocrx_word' id='word_1_399' title='bbox 233 4058 543 4123; x_wconf 88' lang='lat' dir='ltr'>Domino</span> <span class='ocrx_word' id='word_1_400' title='bbox 607 4054 1019 4122; x_wconf 88' lang='lat' dir='ltr'>condemnati</span> <span class='ocrx_word' id='word_1_401' title='bbox 1081 4076 1324 4128; x_wconf 82' lang='lat' dir='ltr'>sumus.</span> <span class='ocrx_word' id='word_1_402' title='bbox 1389 4064 1456 4119; x_wconf 89' lang='lat' dir='ltr'>ct</span> <span class='ocrx_word' id='word_1_403' title='bbox 1513 4055 1712 4139; x_wconf 88' lang='lat' dir='ltr'>digna</span> <span class='ocrx_word' id='word_1_404' title='bbox 1767 4074 2014 4119; x_wconf 90' lang='lat' dir='ltr'>merces</span> <span class='ocrx_word' id='word_1_405' title='bbox 2069 4071 2169 4118; x_wconf 88' lang='lat' dir='ltr'>est</span> 
     </span>
     <span class='ocr_line' id='line_1_55' title="bbox 233 4138 2167 4223; baseline -0.003 -15"><span class='ocrx_word' id='word_1_406' title='bbox 233 4143 493 4208; x_wconf 90' lang='lat' dir='ltr'>nostris</span> <span class='ocrx_word' id='word_1_407' title='bbox 521 4142 710 4207; x_wconf 85' lang='lat' dir='ltr'>factis</span> <span class='ocrx_word' id='word_1_408' title='bbox 747 4141 1194 4223; x_wconf 89' lang='lat' dir='ltr'>exspectanda.</span> <span class='ocrx_word' id='word_1_409' title='bbox 1258 4139 1602 4205; x_wconf 89' lang='lat' dir='ltr'>Discamus</span> <span class='ocrx_word' id='word_1_410' title='bbox 1639 4141 1838 4223; x_wconf 89' lang='lat' dir='ltr'>igitur</span> <span class='ocrx_word' id='word_1_411' title='bbox 1871 4138 2167 4222; x_wconf 87' lang='lat' dir='ltr'>exemplo</span> 
     </span>
     <span class='ocr_line' id='line_1_56' title="bbox 231 4225 2169 4308; baseline -0.002 -15"><span class='ocrx_word' id='word_1_412' title='bbox 231 4227 496 4303; x_wconf 81' lang='lat' dir='ltr'>Saulis,</span> <span class='ocrx_word' id='word_1_413' title='bbox 559 4227 687 4308; x_wconf 88' lang='lat' dir='ltr'>qui,</span> <span class='ocrx_word' id='word_1_414' title='bbox 746 4227 913 4308; x_wconf 90' lang='lat' dir='ltr'>quod</span> <span class='ocrx_word' id='word_1_415' title='bbox 964 4225 1282 4290; x_wconf 86' lang='lat' dir='ltr'>Davidem</span> <span class='ocrx_word' id='word_1_416' title='bbox 1326 4225 1586 4308; x_wconf 89' lang='lat' dir='ltr'>quidem</span> <span class='ocrx_word' id='word_1_417' title='bbox 1632 4226 1870 4290; x_wconf 90' lang='lat' dir='ltr'>honore</span> <span class='ocrx_word' id='word_1_418' title='bbox 1916 4225 2169 4290; x_wconf 84' lang='lat' dir='ltr'>afficere</span> 
     </span>
     <span class='ocr_line' id='line_1_57' title="bbox 232 4309 2165 4393; baseline -0.003 -14"><span class='ocrx_word' id='word_1_419' title='bbox 232 4313 607 4386; x_wconf 84' lang='lat' dir='ltr'>videretur,</span> <span class='ocrx_word' id='word_1_420' title='bbox 666 4323 731 4376; x_wconf 89' lang='lat' dir='ltr'>et</span> <span class='ocrx_word' id='word_1_421' title='bbox 783 4312 1007 4376; x_wconf 83' lang='lat' dir='ltr'>favore</span> <span class='ocrx_word' id='word_1_422' title='bbox 1062 4311 1396 4393; x_wconf 86' lang='lat' dir='ltr'>complecti</span> <span class='ocrx_word' id='word_1_423' title='bbox 1455 4330 1799 4393; x_wconf 89' lang='lat' dir='ltr'>amareque</span> <span class='ocrx_word' id='word_1_424' title='bbox 1855 4331 1924 4375; x_wconf 92' lang='lat' dir='ltr'>se</span> <span class='ocrx_word' id='word_1_425' title='bbox 1966 4309 2165 4374; x_wconf 90' lang='lat' dir='ltr'>simu-</span> 
     </span>
     <span class='ocr_line' id='line_1_58' title="bbox 229 4395 2169 4478; baseline -0.003 -14"><span class='ocrx_word' id='word_1_426' title='bbox 229 4398 430 4473; x_wconf 89' lang='lat' dir='ltr'>laret,</span> <span class='ocrx_word' id='word_1_427' title='bbox 487 4395 986 4478; x_wconf 85' lang='lat' dir='ltr'>hominibusque</span> <span class='ocrx_word' id='word_1_428' title='bbox 1021 4397 1238 4461; x_wconf 77' lang='lat' dir='ltr'>fucum</span> <span class='ocrx_word' id='word_1_429' title='bbox 1275 4397 1530 4474; x_wconf 88' lang='lat' dir='ltr'>faceret,</span> <span class='ocrx_word' id='word_1_430' title='bbox 1575 4395 1794 4461; x_wconf 87' lang='lat' dir='ltr'>odium</span> <span class='ocrx_word' id='word_1_431' title='bbox 1830 4404 2046 4461; x_wconf 91' lang='lat' dir='ltr'>tamen</span> <span class='ocrx_word' id='word_1_432' title='bbox 2071 4396 2169 4459; x_wconf 91' lang='lat' dir='ltr'>in·</span> 
     </span>
     <span class='ocr_line' id='line_1_59' title="bbox 227 4480 2172 4557; baseline -0.003 -7"><span class='ocrx_word' id='word_1_433' title='bbox 227 4494 344 4550; x_wconf 88' lang='lat' dir='ltr'>tus</span> <span class='ocrx_word' id='word_1_434' title='bbox 394 4484 676 4557; x_wconf 86' lang='lat' dir='ltr'>foveret,</span> <span class='ocrx_word' id='word_1_435' title='bbox 737 4503 776 4546; x_wconf 90' lang='lat' dir='ltr'>a</span> <span class='ocrx_word' id='word_1_436' title='bbox 819 4481 959 4547; x_wconf 90' lang='lat' dir='ltr'>Deo</span> <span class='ocrx_word' id='word_1_437' title='bbox 1002 4481 1465 4547; x_wconf 89' lang='lat' dir='ltr'>condemnatus</span> <span class='ocrx_word' id='word_1_438' title='bbox 1521 4493 1620 4547; x_wconf 90' lang='lat' dir='ltr'>est</span> <span class='ocrx_word' id='word_1_439' title='bbox 1662 4480 1950 4546; x_wconf 88' lang='lat' dir='ltr'>cordium</span> <span class='ocrx_word' id='word_1_440' title='bbox 1996 4499 2172 4545; x_wconf 90' lang='lat' dir='ltr'>scru-</span> 
     </span>
     <span class='ocr_line' id='line_1_60' title="bbox 227 4567 2173 4650; baseline -0.003 -15"><span class='ocrx_word' id='word_1_441' title='bbox 227 4580 500 4635; x_wconf 88' lang='lat' dir='ltr'>tatore:</span> <span class='ocrx_word' id='word_1_442' title='bbox 549 4568 657 4634; x_wconf 91' lang='lat' dir='ltr'>cui</span> <span class='ocrx_word' id='word_1_443' title='bbox 700 4567 885 4631; x_wconf 89' lang='lat' dir='ltr'>nulla</span> <span class='ocrx_word' id='word_1_444' title='bbox 926 4588 1030 4632; x_wconf 88' lang='lat' dir='ltr'>res</span> <span class='ocrx_word' id='word_1_445' title='bbox 1074 4574 1289 4632; x_wconf 89' lang='lat' dir='ltr'>creata</span> <span class='ocrx_word' id='word_1_446' title='bbox 1330 4575 1542 4649; x_wconf 89' lang='lat' dir='ltr'>potest</span> <span class='ocrx_word' id='word_1_447' title='bbox 1574 4567 1929 4649; x_wconf 90' lang='lat' dir='ltr'>imponere,</span> <span class='ocrx_word' id='word_1_448' title='bbox 1973 4586 2173 4650; x_wconf 90' lang='lat' dir='ltr'>quan-</span> 
     </span>
     <span class='ocr_line' id='line_1_61' title="bbox 229 4651 2177 4739; baseline -0.002 -21"><span class='ocrx_word' id='word_1_449' title='bbox 229 4653 604 4739; x_wconf 89' lang='lat' dir='ltr'>doquidem</span> <span class='ocrx_word' id='word_1_450' title='bbox 660 4652 995 4717; x_wconf 89' lang='lat' dir='ltr'>hominum</span> <span class='ocrx_word' id='word_1_451' title='bbox 1052 4651 1245 4717; x_wconf 89' lang='lat' dir='ltr'>corda</span> <span class='ocrx_word' id='word_1_452' title='bbox 1300 4652 1366 4716; x_wconf 91' lang='lat' dir='ltr'>in</span> <span class='ocrx_word' id='word_1_453' title='bbox 1423 4662 1737 4734; x_wconf 87' lang='lat' dir='ltr'>potestate</span> <span class='ocrx_word' id='word_1_454' title='bbox 1780 4651 1993 4727; x_wconf 87' lang='lat' dir='ltr'>habet,</span> <span class='ocrx_word' id='word_1_455' title='bbox 2049 4672 2177 4732; x_wconf 89' lang='lat' dir='ltr'>qua</span> 
     </span>
     <span class='ocr_line' id='line_1_62' title="bbox 229 4737 2176 4825; baseline -0.002 -21"><span class='ocrx_word' id='word_1_456' title='bbox 229 4742 386 4825; x_wconf 87' lang='lat' dir='ltr'>ipsa</span> <span class='ocrx_word' id='word_1_457' title='bbox 451 4740 892 4804; x_wconf 87' lang='lat' dir='ltr'>remotissima</span> <span class='ocrx_word' id='word_1_458' title='bbox 935 4737 1146 4804; x_wconf 90' lang='lat' dir='ltr'>cordis</span> <span class='ocrx_word' id='word_1_459' title='bbox 1189 4737 1546 4819; x_wconf 82' lang='lat' dir='ltr'>penetralia</span> <span class='ocrx_word' id='word_1_460' title='bbox 1590 4738 1881 4817; x_wconf 90' lang='lat' dir='ltr'>rimatur,</span> <span class='ocrx_word' id='word_1_461' title='bbox 1939 4748 2005 4802; x_wconf 91' lang='lat' dir='ltr'>et</span> <span class='ocrx_word' id='word_1_462' title='bbox 2047 4757 2176 4801; x_wconf 91' lang='grc'>000</span> 
     </span>
     <span class='ocr_line' id='line_1_63' title="bbox 228 4822 1636 4906; baseline -0.002 -15"><span class='ocrx_word' id='word_1_463' title='bbox 228 4827 509 4894; x_wconf 87' lang='lat' dir='ltr'>iudicat</span> <span class='ocrx_word' id='word_1_464' title='bbox 553 4846 635 4890; x_wconf 90' lang='lat' dir='ltr'>ex</span> <span class='ocrx_word' id='word_1_465' title='bbox 679 4845 896 4889; x_wconf 90' lang='lat' dir='ltr'>rerum</span> <span class='ocrx_word' id='word_1_466' title='bbox 943 4834 1361 4889; x_wconf 89' lang='lat' dir='ltr'>externarum</span> <span class='ocrx_word' id='word_1_467' title='bbox 1405 4822 1636 4906; x_wconf 91' lang='lat' dir='ltr'>specie.</span> 
     </span>
     <span class='ocr_line' id='line_1_64' title="bbox 417 4909 1160 4994; baseline -0.007 -17"><span class='ocrx_word' id='word_1_468' title='bbox 417 4912 575 4977; x_wconf 84' lang='lat' dir='ltr'>Iam</span> <span class='ocrx_word' id='word_1_469' title='bbox 623 4930 776 4976; x_wconf 84' lang='lat' dir='ltr'>vero</span> <span class='ocrx_word' id='word_1_470' title='bbox 821 4909 1013 4994; x_wconf 88' lang='lat' dir='ltr'>agite,</span> <span class='ocrx_word' id='word_1_471' title='bbox 1058 4913 1160 4973; x_wconf 84' lang='lat' dir='ltr'>etc.</span> 
     </span>
    </p>
   </div>
   <div class='ocr_carea' id='block_1_15' title="bbox 2256 1329 4175 1923">
    <p class='ocr_par' dir='ltr' id='par_1_15' title="bbox 2256 1329 4175 1923">
     <span class='ocr_line' id='line_1_65' title="bbox 2264 1329 4171 1414; baseline 0.003 -21"><span class='ocrx_word' id='word_1_472' title='bbox 2264 1334 2319 1393; x_wconf 86' lang='lat' dir='ltr'>et</span> <span class='ocrx_word' id='word_1_473' title='bbox 2371 1329 2514 1410; x_wconf 79' lang='lat' dir='ltr'>fecit</span> <span class='ocrx_word' id='word_1_474' title='bbox 2570 1349 2709 1393; x_wconf 86' lang='lat' dir='ltr'>eum</span> <span class='ocrx_word' id='word_1_475' title='bbox 2750 1331 3063 1395; x_wconf 79' lang='lat' dir='ltr'>tribunum</span> <span class='ocrx_word' id='word_1_476' title='bbox 3105 1352 3295 1412; x_wconf 83' lang='lat' dir='ltr'>super</span> <span class='ocrx_word' id='word_1_477' title='bbox 3334 1331 3502 1396; x_wconf 76' lang='lat' dir='ltr'>mille</span> <span class='ocrx_word' id='word_1_478' title='bbox 3542 1335 3744 1398; x_wconf 83' lang='lat' dir='ltr'>viros:</span> <span class='ocrx_word' id='word_1_479' title='bbox 3809 1338 3864 1396; x_wconf 89' lang='lat' dir='ltr'>et</span> <span class='ocrx_word' id='word_1_480' title='bbox 3906 1334 4171 1414; x_wconf 69' lang='lat' dir='ltr'>eqredie-</span> 
     </span>
     <span class='ocr_line' id='line_1_66' title="bbox 2262 1413 4174 1499; baseline 0.001 -22"><span class='ocrx_word' id='word_1_481' title='bbox 2262 1413 2445 1479; x_wconf 82' lang='lat' dir='ltr'>batur</span> <span class='ocrx_word' id='word_1_482' title='bbox 2495 1418 2551 1477; x_wconf 86' lang='lat' dir='ltr'>et</span> <span class='ocrx_word' id='word_1_483' title='bbox 2608 1415 3072 1497; x_wconf 72' lang='lat' dir='ltr'>iuyrediebatur</span> <span class='ocrx_word' id='word_1_484' title='bbox 3112 1417 3183 1481; x_wconf 82' lang='lat' dir='ltr'>in</span> <span class='ocrx_word' id='word_1_485' title='bbox 3222 1423 3539 1498; x_wconf 78' lang='lat' dir='ltr'>conspectu</span> <span class='ocrx_word' id='word_1_486' title='bbox 3591 1418 3830 1499; x_wconf 82' lang='lat' dir='ltr'>populi.</span> <span class='ocrx_word' id='word_1_487' title='bbox 3920 1418 4022 1482; x_wconf 89' lang='lat'>14.</span> <span class='ocrx_word' id='word_1_488' title='bbox 4091 1417 4174 1481; x_wconf 78' lang='lat' dir='ltr'>Iu</span> 
     </span>
     <span class='ocr_line' id='line_1_67' title="bbox 2262 1497 4173 1585; baseline 0.001 -22"><span class='ocrx_word' id='word_1_489' title='bbox 2262 1497 2545 1563; x_wconf 83' lang='lat' dir='ltr'>omnibus</span> <span class='ocrx_word' id='word_1_490' title='bbox 2585 1520 2818 1580; x_wconf 77' lang='lat' dir='ltr'>quoque</span> <span class='ocrx_word' id='word_1_491' title='bbox 2858 1501 2983 1565; x_wconf 86' lang='lat' dir='ltr'>viis</span> <span class='ocrx_word' id='word_1_492' title='bbox 3028 1502 3163 1566; x_wconf 82' lang='lat' dir='ltr'>suis</span> <span class='ocrx_word' id='word_1_493' title='bbox 3204 1501 3423 1566; x_wconf 76' lang='lat' dir='ltr'>David</span> <span class='ocrx_word' id='word_1_494' title='bbox 3457 1504 3797 1582; x_wconf 74' lang='lat' dir='ltr'>prudenter</span> <span class='ocrx_word' id='word_1_495' title='bbox 3835 1504 4071 1585; x_wconf 76' lang='lat' dir='ltr'>ayebat,</span> <span class='ocrx_word' id='word_1_496' title='bbox 4115 1508 4173 1566; x_wconf 86' lang='lat' dir='ltr'>et</span> 
     </span>
     <span class='ocr_line' id='line_1_68' title="bbox 2263 1582 4174 1669; baseline 0.002 -22"><span class='ocrx_word' id='word_1_497' title='bbox 2263 1582 2578 1648; x_wconf 79' lang='lat' dir='ltr'>Dominus</span> <span class='ocrx_word' id='word_1_498' title='bbox 2635 1590 2766 1649; x_wconf 81' lang='lat' dir='ltr'>erat</span> <span class='ocrx_word' id='word_1_499' title='bbox 2818 1605 2956 1651; x_wconf 88' lang='lat' dir='ltr'>cum</span> <span class='ocrx_word' id='word_1_500' title='bbox 3011 1607 3094 1650; x_wconf 85' lang='lat' dir='ltr'>co.</span> <span class='ocrx_word' id='word_1_501' title='bbox 3185 1585 3285 1651; x_wconf 87' lang='grc'><strong>15.</strong></span> <span class='ocrx_word' id='word_1_502' title='bbox 3347 1587 3517 1652; x_wconf 80' lang='lat' dir='ltr'>Vidit</span> <span class='ocrx_word' id='word_1_503' title='bbox 3559 1589 3767 1669; x_wconf 72' lang='lat' dir='ltr'>itaque</span> <span class='ocrx_word' id='word_1_504' title='bbox 3810 1587 3969 1652; x_wconf 78' lang='lat' dir='ltr'>Saul</span> <span class='ocrx_word' id='word_1_505' title='bbox 4011 1588 4174 1668; x_wconf 69' lang='lat' dir='ltr'>quod</span> 
     </span>
     <span class='ocr_line' id='line_1_69' title="bbox 2256 1669 4175 1753; baseline 0.003 -21"><span class='ocrx_word' id='word_1_506' title='bbox 2256 1669 2539 1748; x_wconf 76' lang='lat' dir='ltr'>prudens</span> <span class='ocrx_word' id='word_1_507' title='bbox 2580 1675 2734 1734; x_wconf 85' lang='lat' dir='ltr'>esset</span> <span class='ocrx_word' id='word_1_508' title='bbox 2772 1671 2983 1753; x_wconf 79' lang='lat' dir='ltr'>nimis,</span> <span class='ocrx_word' id='word_1_509' title='bbox 3028 1678 3082 1735; x_wconf 88' lang='lat' dir='ltr'>et</span> <span class='ocrx_word' id='word_1_510' title='bbox 3123 1673 3309 1753; x_wconf 86' lang='lat' dir='ltr'>coepit</span> <span class='ocrx_word' id='word_1_511' title='bbox 3339 1692 3550 1737; x_wconf 81' lang='lat' dir='ltr'>cavere</span> <span class='ocrx_word' id='word_1_512' title='bbox 3582 1693 3740 1738; x_wconf 86' lang='lat' dir='ltr'>eum.</span> <span class='ocrx_word' id='word_1_513' title='bbox 3804 1674 3903 1738; x_wconf 88' lang='lat'>16.</span> <span class='ocrx_word' id='word_1_514' title='bbox 3957 1673 4175 1738; x_wconf 78' lang='lat' dir='ltr'>Omnis</span> 
     </span>
     <span class='ocr_line' id='line_1_70' title="bbox 2267 1755 4175 1841; baseline 0.003 -24"><span class='ocrx_word' id='word_1_515' title='bbox 2267 1759 2470 1818; x_wconf 83' lang='lat' dir='ltr'>autem</span> <span class='ocrx_word' id='word_1_516' title='bbox 2536 1755 2742 1819; x_wconf 66' lang='lat' dir='ltr'>Israel</span> <span class='ocrx_word' id='word_1_517' title='bbox 2795 1761 2849 1820; x_wconf 85' lang='lat' dir='ltr'>et</span> <span class='ocrx_word' id='word_1_518' title='bbox 2905 1755 3075 1822; x_wconf 79' lang='lat' dir='ltr'>Iuda</span> <span class='ocrx_word' id='word_1_519' title='bbox 3131 1757 3422 1841; x_wconf 76' lang='lat' dir='ltr'>diliyebat</span> <span class='ocrx_word' id='word_1_520' title='bbox 3474 1757 3724 1824; x_wconf 81' lang='lat' dir='ltr'>David.-</span> <span class='ocrx_word' id='word_1_521' title='bbox 3785 1759 3919 1840; x_wconf 84' lang='lat' dir='ltr'>ipse</span> <span class='ocrx_word' id='word_1_522' title='bbox 3974 1763 4175 1823; x_wconf 72' lang='lat' dir='ltr'>atatem</span> 
     </span>
     <span class='ocr_line' id='line_1_71' title="bbox 2262 1839 3616 1923; baseline 0.003 -19"><span class='ocrx_word' id='word_1_523' title='bbox 2262 1839 2686 1921; x_wconf 76' lang='lat' dir='ltr'>eyrediebatur</span> <span class='ocrx_word' id='word_1_524' title='bbox 2725 1845 2780 1904; x_wconf 86' lang='lat' dir='ltr'>et</span> <span class='ocrx_word' id='word_1_525' title='bbox 2819 1841 3280 1923; x_wconf 75' lang='lat' dir='ltr'>inyrediebatur</span> <span class='ocrx_word' id='word_1_526' title='bbox 3321 1847 3459 1908; x_wconf 81' lang='lat' dir='ltr'>ante</span> <span class='ocrx_word' id='word_1_527' title='bbox 3500 1863 3616 1908; x_wconf 87' lang='lat' dir='ltr'>cos.</span> 
     </span>
    </p>
   </div>
   <div class='ocr_carea' id='block_1_16' title="bbox 2264 2008 4190 5246">
    <p class='ocr_par' dir='ltr' id='par_1_16' title="bbox 2264 2008 4190 5246">
     <span class='ocr_line' id='line_1_72' title="bbox 2434 2008 4174 2079; baseline 0.001 -4"><span class='ocrx_word' id='word_1_528' title='bbox 2434 2008 2919 2075; x_wconf 82' lang='lat' dir='ltr'>Consideranda</span> <span class='ocrx_word' id='word_1_529' title='bbox 2961 2011 3143 2076; x_wconf 91' lang='lat' dir='ltr'>nobis</span> <span class='ocrx_word' id='word_1_530' title='bbox 3184 2012 3465 2078; x_wconf 90' lang='lat' dir='ltr'>occurrit</span> <span class='ocrx_word' id='word_1_531' title='bbox 3499 2011 3884 2078; x_wconf 86' lang='lat' dir='ltr'>admiranda</span> <span class='ocrx_word' id='word_1_532' title='bbox 3918 2014 4174 2079; x_wconf 88' lang='lat' dir='ltr'>viarum</span> 
     </span>
     <span class='ocr_line' id='line_1_73' title="bbox 2264 2093 4174 2179; baseline 0.002 -22"><span class='ocrx_word' id='word_1_533' title='bbox 2264 2093 2530 2160; x_wconf 89' lang='lat' dir='ltr'>Domini</span> <span class='ocrx_word' id='word_1_534' title='bbox 2573 2095 2762 2173; x_wconf 84' lang='lat' dir='ltr'>ratic,</span> <span class='ocrx_word' id='word_1_535' title='bbox 2805 2106 2871 2159; x_wconf 87' lang='lat' dir='ltr'>et</span> <span class='ocrx_word' id='word_1_536' title='bbox 2909 2095 3145 2178; x_wconf 89' lang='lat' dir='ltr'>quibus</span> <span class='ocrx_word' id='word_1_537' title='bbox 3188 2096 3395 2163; x_wconf 90' lang='lat' dir='ltr'>modis</span> <span class='ocrx_word' id='word_1_538' title='bbox 3430 2118 3549 2163; x_wconf 87' lang='lat' dir='ltr'>sua</span> <span class='ocrx_word' id='word_1_539' title='bbox 3583 2098 3847 2165; x_wconf 86' lang='lat' dir='ltr'>consilia</span> <span class='ocrx_word' id='word_1_540' title='bbox 3880 2098 4174 2179; x_wconf 87' lang='lat' dir='ltr'>perficiat</span> 
     </span>
     <span class='ocr_line' id='line_1_74' title="bbox 2264 2178 4175 2264; baseline 0.002 -22"><span class='ocrx_word' id='word_1_541' title='bbox 2264 2187 2330 2243; x_wconf 91' lang='lat' dir='ltr'>et</span> <span class='ocrx_word' id='word_1_542' title='bbox 2372 2178 2452 2243; x_wconf 88' lang='lat' dir='ltr'>ad</span> <span class='ocrx_word' id='word_1_543' title='bbox 2496 2200 2686 2243; x_wconf 90' lang='lat' dir='ltr'>suum</span> <span class='ocrx_word' id='word_1_544' title='bbox 2729 2181 2977 2245; x_wconf 89' lang='lat' dir='ltr'>exitum</span> <span class='ocrx_word' id='word_1_545' title='bbox 3023 2181 3361 2263; x_wconf 88' lang='lat' dir='ltr'>perducat:</span> <span class='ocrx_word' id='word_1_546' title='bbox 3405 2203 3598 2264; x_wconf 89' lang='lat' dir='ltr'>quam</span> <span class='ocrx_word' id='word_1_547' title='bbox 3632 2183 3713 2248; x_wconf 92' lang='lat' dir='ltr'>ob</span> <span class='ocrx_word' id='word_1_548' title='bbox 3746 2203 4008 2248; x_wconf 89' lang='lat' dir='ltr'>causam</span> <span class='ocrx_word' id='word_1_549' title='bbox 4044 2181 4175 2245; x_wconf 89' lang='lat' dir='ltr'>Da·</span> 
     </span>
     <span class='ocr_line' id='line_1_75' title="bbox 2268 2264 4177 2348; baseline 0.001 -18"><span class='ocrx_word' id='word_1_550' title='bbox 2268 2265 2479 2330; x_wconf 86' lang='lat' dir='ltr'>videm</span> <span class='ocrx_word' id='word_1_551' title='bbox 2547 2264 2752 2330; x_wconf 85' lang='lat' dir='ltr'>voluit</span> <span class='ocrx_word' id='word_1_552' title='bbox 2814 2264 2986 2348; x_wconf 88' lang='lat' dir='ltr'>apud</span> <span class='ocrx_word' id='word_1_553' title='bbox 3052 2265 3315 2333; x_wconf 87' lang='lat' dir='ltr'>Saulem</span> <span class='ocrx_word' id='word_1_554' title='bbox 3383 2288 3664 2348; x_wconf 89' lang='lat' dir='ltr'>manere,</span> <span class='ocrx_word' id='word_1_555' title='bbox 3718 2267 3872 2335; x_wconf 89' lang='lat' dir='ltr'>licet</span> <span class='ocrx_word' id='word_1_556' title='bbox 3926 2289 4055 2332; x_wconf 91' lang='lat' dir='ltr'>non</span> <span class='ocrx_word' id='word_1_557' title='bbox 4100 2288 4177 2330; x_wconf 89' lang='lat' dir='ltr'>ea</span> 
     </span>
     <span class='ocr_line' id='line_1_76' title="bbox 2268 2351 4177 2419; baseline 0.001 -6"><span class='ocrx_word' id='word_1_558' title='bbox 2268 2358 2436 2414; x_wconf 87' lang='lat' dir='ltr'>esset</span> <span class='ocrx_word' id='word_1_559' title='bbox 2478 2370 2664 2415; x_wconf 91' lang='lat' dir='ltr'>mens</span> <span class='ocrx_word' id='word_1_560' title='bbox 2708 2360 2772 2415; x_wconf 89' lang='lat' dir='ltr'>et</span> <span class='ocrx_word' id='word_1_561' title='bbox 2816 2351 3119 2417; x_wconf 88' lang='lat' dir='ltr'>voluntas</span> <span class='ocrx_word' id='word_1_562' title='bbox 3161 2352 3401 2418; x_wconf 89' lang='lat' dir='ltr'>Saulis.</span> <span class='ocrx_word' id='word_1_563' title='bbox 3490 2351 3620 2419; x_wconf 85' lang='lat' dir='ltr'>Sed</span> <span class='ocrx_word' id='word_1_564' title='bbox 3662 2355 3756 2418; x_wconf 89' lang='lat' dir='ltr'>ita</span> <span class='ocrx_word' id='word_1_565' title='bbox 3796 2353 3961 2419; x_wconf 92' lang='lat' dir='ltr'>solet</span> <span class='ocrx_word' id='word_1_566' title='bbox 3992 2353 4177 2417; x_wconf 91' lang='lat' dir='ltr'>Deus</span> 
     </span>
     <span class='ocr_line' id='line_1_77' title="bbox 2266 2435 4178 2523; baseline 0.002 -23"><span class='ocrx_word' id='word_1_567' title='bbox 2266 2435 2638 2501; x_wconf 89' lang='lat' dir='ltr'>homiuibus</span> <span class='ocrx_word' id='word_1_568' title='bbox 2697 2447 2953 2518; x_wconf 89' lang='lat' dir='ltr'>praeter</span> <span class='ocrx_word' id='word_1_569' title='bbox 3006 2438 3290 2520; x_wconf 88' lang='lat' dir='ltr'>ipsorum</span> <span class='ocrx_word' id='word_1_570' title='bbox 3348 2439 3612 2503; x_wconf 88' lang='lat' dir='ltr'>consilia</span> <span class='ocrx_word' id='word_1_571' title='bbox 3653 2448 3717 2504; x_wconf 91' lang='lat' dir='ltr'>et</span> <span class='ocrx_word' id='word_1_572' title='bbox 3759 2439 4178 2523; x_wconf 87' lang='lat' dir='ltr'>cogitationes</span> 
     </span>
     <span class='ocr_line' id='line_1_78' title="bbox 2269 2519 4179 2606; baseline 0.001 -21"><span class='ocrx_word' id='word_1_573' title='bbox 2269 2522 2384 2585; x_wconf 90' lang='lat' dir='ltr'>uti.</span> <span class='ocrx_word' id='word_1_574' title='bbox 2470 2519 2745 2585; x_wconf 91' lang='lat' dir='ltr'>Interim</span> <span class='ocrx_word' id='word_1_575' title='bbox 2790 2522 2997 2586; x_wconf 89' lang='lat' dir='ltr'>videri</span> <span class='ocrx_word' id='word_1_576' title='bbox 3057 2530 3309 2604; x_wconf 90' lang='lat' dir='ltr'>poterat</span> <span class='ocrx_word' id='word_1_577' title='bbox 3365 2521 3583 2588; x_wconf 86' lang='lat' dir='ltr'>David</span> <span class='ocrx_word' id='word_1_578' title='bbox 3643 2524 3833 2606; x_wconf 89' lang='lat' dir='ltr'>longe</span> <span class='ocrx_word' id='word_1_579' title='bbox 3875 2523 4179 2588; x_wconf 85' lang='lat' dir='ltr'>remotior</span> 
     </span>
     <span class='ocr_line' id='line_1_79' title="bbox 2268 2606 4178 2691; baseline 0.001 -21"><span class='ocrx_word' id='word_1_580' title='bbox 2268 2626 2457 2688; x_wconf 91' lang='lat' dir='ltr'>quam</span> <span class='ocrx_word' id='word_1_581' title='bbox 2503 2607 2924 2690; x_wconf 83' lang='lat' dir='ltr'>propinquior</span> <span class='ocrx_word' id='word_1_582' title='bbox 2967 2606 3120 2671; x_wconf 91' lang='lat' dir='ltr'>huic</span> <span class='ocrx_word' id='word_1_583' title='bbox 3163 2608 3297 2688; x_wconf 86' lang='lat' dir='ltr'>fini,</span> <span class='ocrx_word' id='word_1_584' title='bbox 3342 2608 3860 2691; x_wconf 89' lang='lat' dir='ltr'>quandoquidem</span> <span class='ocrx_word' id='word_1_585' title='bbox 3906 2631 3946 2673; x_wconf 88' lang='lat' dir='ltr'>a</span> <span class='ocrx_word' id='word_1_586' title='bbox 3983 2606 4178 2674; x_wconf 87' lang='lat' dir='ltr'>Saule</span> 
     </span>
     <span class='ocr_line' id='line_1_80' title="bbox 2269 2690 4176 2777; baseline 0.002 -24"><span class='ocrx_word' id='word_1_587' title='bbox 2269 2690 2472 2754; x_wconf 88' lang='lat' dir='ltr'>veluti</span> <span class='ocrx_word' id='word_1_588' title='bbox 2512 2694 2810 2774; x_wconf 87' lang='lat' dir='ltr'>captivus</span> <span class='ocrx_word' id='word_1_589' title='bbox 2853 2703 2965 2757; x_wconf 92' lang='lat' dir='ltr'>aut</span> <span class='ocrx_word' id='word_1_590' title='bbox 3008 2693 3399 2777; x_wconf 87' lang='lat' dir='ltr'>mancipium</span> <span class='ocrx_word' id='word_1_591' title='bbox 3435 2693 3752 2776; x_wconf 88' lang='lat' dir='ltr'>quoddam</span> <span class='ocrx_word' id='word_1_592' title='bbox 3789 2693 4176 2759; x_wconf 87' lang='lat' dir='ltr'>habebatur:</span> 
     </span>
     <span class='ocr_line' id='line_1_81' title="bbox 2269 2775 4177 2862; baseline 0.002 -23"><span class='ocrx_word' id='word_1_593' title='bbox 2269 2796 2420 2840; x_wconf 90' lang='lat' dir='ltr'>nam</span> <span class='ocrx_word' id='word_1_594' title='bbox 2475 2775 2599 2841; x_wconf 90' lang='lat' dir='ltr'>sibi</span> <span class='ocrx_word' id='word_1_595' title='bbox 2654 2775 2993 2842; x_wconf 88' lang='lat' dir='ltr'>videbatur</span> <span class='ocrx_word' id='word_1_596' title='bbox 3049 2776 3213 2843; x_wconf 88' lang='lat' dir='ltr'>Saul</span> <span class='ocrx_word' id='word_1_597' title='bbox 3267 2778 3390 2845; x_wconf 90' lang='lat' dir='ltr'>Dei</span> <span class='ocrx_word' id='word_1_598' title='bbox 3449 2781 3725 2862; x_wconf 87' lang='lat' dir='ltr'>gratiam</span> <span class='ocrx_word' id='word_1_599' title='bbox 3782 2798 3967 2861; x_wconf 88' lang='lat' dir='ltr'>posse</span> <span class='ocrx_word' id='word_1_600' title='bbox 4023 2798 4177 2860; x_wconf 86' lang='lat' dir='ltr'>quo-</span> 
     </span>
     <span class='ocr_line' id='line_1_82' title="bbox 2269 2860 4179 2942; baseline 0 -17"><span class='ocrx_word' id='word_1_601' title='bbox 2269 2860 2608 2925; x_wconf 89' lang='lat' dir='ltr'>dammodo</span> <span class='ocrx_word' id='word_1_602' title='bbox 2673 2862 2920 2927; x_wconf 90' lang='lat' dir='ltr'>vincire</span> <span class='ocrx_word' id='word_1_603' title='bbox 2983 2863 3038 2928; x_wconf 90' lang='lat' dir='ltr'>si</span> <span class='ocrx_word' id='word_1_604' title='bbox 3104 2862 3276 2928; x_wconf 90' lang='lat' dir='ltr'>domi</span> <span class='ocrx_word' id='word_1_605' title='bbox 3341 2864 3664 2930; x_wconf 89' lang='lat' dir='ltr'>Davidem</span> <span class='ocrx_word' id='word_1_606' title='bbox 3721 2866 4049 2942; x_wconf 89' lang='lat' dir='ltr'>retineret,</span> <span class='ocrx_word' id='word_1_607' title='bbox 4112 2873 4179 2926; x_wconf 91' lang='lat' dir='ltr'>et</span> 
     </span>
     <span class='ocr_line' id='line_1_83' title="bbox 2268 2946 4174 3033; baseline 0 -24"><span class='ocrx_word' id='word_1_608' title='bbox 2268 2949 2484 3010; x_wconf 86' lang='lat' dir='ltr'>omnia</span> <span class='ocrx_word' id='word_1_609' title='bbox 2548 2946 2752 3029; x_wconf 90' lang='lat' dir='ltr'>ipsius</span> <span class='ocrx_word' id='word_1_610' title='bbox 2796 2948 2963 3012; x_wconf 81' lang='lat' dir='ltr'>facta</span> <span class='ocrx_word' id='word_1_611' title='bbox 3004 2948 3351 3031; x_wconf 89' lang='lat' dir='ltr'>diligenter</span> <span class='ocrx_word' id='word_1_612' title='bbox 3393 2948 3777 3033; x_wconf 84' lang='lat' dir='ltr'>exploraret.</span> <span class='ocrx_word' id='word_1_613' title='bbox 3865 2946 3997 3013; x_wconf 89' lang='lat' dir='ltr'>Sed</span> <span class='ocrx_word' id='word_1_614' title='bbox 4040 2950 4174 3029; x_wconf 88' lang='lat' dir='ltr'>opi-</span> 
     </span>
     <span class='ocr_line' id='line_1_84' title="bbox 2270 3032 4176 3117; baseline 0 -22"><span class='ocrx_word' id='word_1_615' title='bbox 2270 3033 2460 3096; x_wconf 89' lang='lat' dir='ltr'>nione</span> <span class='ocrx_word' id='word_1_616' title='bbox 2503 3052 2622 3096; x_wconf 89' lang='lat' dir='ltr'>sua</span> <span class='ocrx_word' id='word_1_617' title='bbox 2663 3032 2921 3111; x_wconf 84' lang='lat' dir='ltr'>excidit,</span> <span class='ocrx_word' id='word_1_618' title='bbox 2969 3045 3041 3097; x_wconf 91' lang='lat' dir='ltr'>ut</span> <span class='ocrx_word' id='word_1_619' title='bbox 3081 3035 3246 3100; x_wconf 90' lang='lat' dir='ltr'>solet</span> <span class='ocrx_word' id='word_1_620' title='bbox 3281 3034 3461 3099; x_wconf 91' lang='lat' dir='ltr'>Deus</span> <span class='ocrx_word' id='word_1_621' title='bbox 3495 3034 3931 3117; x_wconf 91' lang='lat' dir='ltr'>improborum</span> <span class='ocrx_word' id='word_1_622' title='bbox 3971 3032 4176 3096; x_wconf 87' lang='lat' dir='ltr'>homi·</span> 
     </span>
     <span class='ocr_line' id='line_1_85' title="bbox 2271 3117 4176 3202; baseline 0.001 -22"><span class='ocrx_word' id='word_1_623' title='bbox 2271 3138 2425 3180; x_wconf 91' lang='lat' dir='ltr'>num</span> <span class='ocrx_word' id='word_1_624' title='bbox 2472 3117 2742 3183; x_wconf 87' lang='lat' dir='ltr'>consilia</span> <span class='ocrx_word' id='word_1_625' title='bbox 2782 3119 3082 3202; x_wconf 81' lang='lat' dir='ltr'>frangere</span> <span class='ocrx_word' id='word_1_626' title='bbox 3125 3129 3193 3184; x_wconf 91' lang='lat' dir='ltr'>et</span> <span class='ocrx_word' id='word_1_627' title='bbox 3234 3121 3302 3184; x_wconf 92' lang='lat' dir='ltr'>in</span> <span class='ocrx_word' id='word_1_628' title='bbox 3338 3121 3729 3185; x_wconf 89' lang='lat' dir='ltr'>contrarium</span> <span class='ocrx_word' id='word_1_629' title='bbox 3764 3127 4176 3184; x_wconf 89' lang='lat' dir='ltr'>commutare.</span> 
     </span>
     <span class='ocr_line' id='line_1_86' title="bbox 2268 3201 4180 3271; baseline 0 -6"><span class='ocrx_word' id='word_1_630' title='bbox 2268 3201 2737 3267; x_wconf 84' lang='lat' dir='ltr'>Verumtamen</span> <span class='ocrx_word' id='word_1_631' title='bbox 2792 3201 3131 3269; x_wconf 88' lang='lat' dir='ltr'>hominum</span> <span class='ocrx_word' id='word_1_632' title='bbox 3190 3205 3422 3271; x_wconf 89' lang='lat' dir='ltr'>iudicio</span> <span class='ocrx_word' id='word_1_633' title='bbox 3483 3202 3697 3270; x_wconf 82' lang='lat' dir='ltr'>David</span> <span class='ocrx_word' id='word_1_634' title='bbox 3754 3202 4099 3268; x_wconf 87' lang='lat' dir='ltr'>videbatur</span> <span class='ocrx_word' id='word_1_635' title='bbox 4140 3221 4180 3265; x_wconf 92' lang='lat' dir='ltr'>a</span> 
     </span>
     <span class='ocr_line' id='line_1_87' title="bbox 2270 3287 4178 3372; baseline -0.001 -20"><span class='ocrx_word' id='word_1_636' title='bbox 2270 3287 2587 3372; x_wconf 89' lang='lat' dir='ltr'>dignitate</span> <span class='ocrx_word' id='word_1_637' title='bbox 2621 3287 2801 3371; x_wconf 91' lang='lat' dir='ltr'>regia</span> <span class='ocrx_word' id='word_1_638' title='bbox 2835 3291 3316 3365; x_wconf 84' lang='lat' dir='ltr'>remotissimus,</span> <span class='ocrx_word' id='word_1_639' title='bbox 3360 3302 3589 3355; x_wconf 90' lang='lat' dir='ltr'>contra</span> <span class='ocrx_word' id='word_1_640' title='bbox 3618 3309 3796 3372; x_wconf 91' lang='lat' dir='ltr'>spem</span> <span class='ocrx_word' id='word_1_641' title='bbox 3819 3287 3917 3352; x_wconf 90' lang='lat' dir='ltr'>illi</span> <span class='ocrx_word' id='word_1_642' title='bbox 3940 3289 4178 3353; x_wconf 87' lang='lat' dir='ltr'>factam</span> 
     </span>
     <span class='ocr_line' id='line_1_88' title="bbox 2268 3372 4180 3457; baseline 0.001 -22"><span class='ocrx_word' id='word_1_643' title='bbox 2268 3392 2307 3435; x_wconf 89' lang='lat' dir='ltr'>a</span> <span class='ocrx_word' id='word_1_644' title='bbox 2350 3372 2670 3438; x_wconf 83' lang='lat' dir='ltr'>Samuele.</span> <span class='ocrx_word' id='word_1_645' title='bbox 2732 3372 3058 3456; x_wconf 89' lang='lat' dir='ltr'>Deinceps</span> <span class='ocrx_word' id='word_1_646' title='bbox 3100 3375 3409 3457; x_wconf 89' lang='lat' dir='ltr'>sequitur,</span> <span class='ocrx_word' id='word_1_647' title='bbox 3451 3376 3749 3456; x_wconf 85' lang='lat' dir='ltr'>spiritum</span> <span class='ocrx_word' id='word_1_648' title='bbox 3782 3374 3909 3440; x_wconf 86' lang='lat' dir='ltr'>Dei</span> <span class='ocrx_word' id='word_1_649' title='bbox 3942 3373 4180 3437; x_wconf 72' lang='lat' dir='ltr'>malum</span> 
     </span>
     <span class='ocr_line' id='line_1_89' title="bbox 2268 3456 4181 3543; baseline -0.001 -20"><span class='ocrx_word' id='word_1_650' title='bbox 2268 3458 2576 3523; x_wconf 81' lang='lat' dir='ltr'>invasisse</span> <span class='ocrx_word' id='word_1_651' title='bbox 2650 3456 2934 3525; x_wconf 77' lang='lat' dir='ltr'>Saulem:</span> <span class='ocrx_word' id='word_1_652' title='bbox 3021 3481 3102 3524; x_wconf 89' lang='lat' dir='ltr'>ex</span> <span class='ocrx_word' id='word_1_653' title='bbox 3167 3480 3293 3542; x_wconf 93' lang='lat' dir='ltr'>quo</span> <span class='ocrx_word' id='word_1_654' title='bbox 3357 3472 3623 3543; x_wconf 85' lang='lat' dir='ltr'>apparet</span> <span class='ocrx_word' id='word_1_655' title='bbox 3686 3481 3813 3524; x_wconf 89' lang='lat' dir='ltr'>non</span> <span class='ocrx_word' id='word_1_656' title='bbox 3873 3459 4181 3524; x_wconf 88' lang='lat' dir='ltr'>continue</span> 
     </span>
     <span class='ocr_line' id='line_1_90' title="bbox 2270 3542 4181 3627; baseline -0.001 -20"><span class='ocrx_word' id='word_1_657' title='bbox 2270 3544 2465 3608; x_wconf 82' lang='lat' dir='ltr'>fuisse</span> <span class='ocrx_word' id='word_1_658' title='bbox 2501 3543 2811 3609; x_wconf 85' lang='lat' dir='ltr'>afflictum</span> <span class='ocrx_word' id='word_1_659' title='bbox 2852 3542 3133 3615; x_wconf 88' lang='lat' dir='ltr'>Saulem,</span> <span class='ocrx_word' id='word_1_660' title='bbox 3178 3544 3289 3609; x_wconf 89' lang='lat' dir='ltr'>sed</span> <span class='ocrx_word' id='word_1_661' title='bbox 3326 3566 3445 3627; x_wconf 90' lang='lat' dir='ltr'>per</span> <span class='ocrx_word' id='word_1_662' title='bbox 3478 3546 3841 3623; x_wconf 89' lang='lat' dir='ltr'>intervalla,</span> <span class='ocrx_word' id='word_1_663' title='bbox 3885 3545 4028 3609; x_wconf 88' lang='lat' dir='ltr'>Deo</span> <span class='ocrx_word' id='word_1_664' title='bbox 4063 3543 4181 3608; x_wconf 90' lang='lat' dir='ltr'>ali-</span> 
     </span>
     <span class='ocr_line' id='line_1_91' title="bbox 2270 3626 4182 3711; baseline 0 -19"><span class='ocrx_word' id='word_1_665' title='bbox 2270 3626 2423 3711; x_wconf 89' lang='lat' dir='ltr'>quid</span> <span class='ocrx_word' id='word_1_666' title='bbox 2490 3626 2570 3691; x_wconf 92' lang='lat' dir='ltr'>de</span> <span class='ocrx_word' id='word_1_667' title='bbox 2626 3629 2796 3693; x_wconf 88' lang='lat' dir='ltr'>iusta</span> <span class='ocrx_word' id='word_1_668' title='bbox 2852 3649 2970 3693; x_wconf 87' lang='lat' dir='ltr'>sua</span> <span class='ocrx_word' id='word_1_669' title='bbox 3029 3629 3309 3694; x_wconf 82' lang='lat' dir='ltr'>vindicta</span> <span class='ocrx_word' id='word_1_670' title='bbox 3363 3632 3733 3695; x_wconf 89' lang='lat' dir='ltr'>remittente</span> <span class='ocrx_word' id='word_1_671' title='bbox 3791 3639 3859 3695; x_wconf 88' lang='lat' dir='ltr'>et</span> <span class='ocrx_word' id='word_1_672' title='bbox 3900 3629 4182 3710; x_wconf 90' lang='lat' dir='ltr'>aliquam</span> 
     </span>
     <span class='ocr_line' id='line_1_92' title="bbox 2271 3712 4182 3798; baseline 0.001 -21"><span class='ocrx_word' id='word_1_673' title='bbox 2271 3713 2553 3795; x_wconf 90' lang='lat' dir='ltr'>quietem</span> <span class='ocrx_word' id='word_1_674' title='bbox 2613 3712 2800 3778; x_wconf 88' lang='lat' dir='ltr'>Sauli</span> <span class='ocrx_word' id='word_1_675' title='bbox 2857 3713 3266 3779; x_wconf 84' lang='lat' dir='ltr'>concedente.</span> <span class='ocrx_word' id='word_1_676' title='bbox 3355 3714 3465 3781; x_wconf 89' lang='lat' dir='ltr'>Sic</span> <span class='ocrx_word' id='word_1_677' title='bbox 3508 3715 3809 3781; x_wconf 89' lang='lat' dir='ltr'>videmus</span> <span class='ocrx_word' id='word_1_678' title='bbox 3852 3715 4182 3798; x_wconf 90' lang='lat' dir='ltr'>improbos</span> 
     </span>
     <span class='ocr_line' id='line_1_93' title="bbox 2272 3797 4181 3880; baseline -0.001 -17"><span class='ocrx_word' id='word_1_679' title='bbox 2272 3798 2546 3863; x_wconf 88' lang='lat' dir='ltr'>subinde</span> <span class='ocrx_word' id='word_1_680' title='bbox 2602 3797 2985 3880; x_wconf 88' lang='lat' dir='ltr'>quibusdam</span> <span class='ocrx_word' id='word_1_681' title='bbox 3041 3801 3467 3865; x_wconf 87' lang='lat' dir='ltr'>conscientiae</span> <span class='ocrx_word' id='word_1_682' title='bbox 3511 3799 3829 3865; x_wconf 90' lang='lat' dir='ltr'>morsibus</span> <span class='ocrx_word' id='word_1_683' title='bbox 3872 3799 4181 3865; x_wconf 86' lang='lat' dir='ltr'>excitari:</span> 
     </span>
     <span class='ocr_line' id='line_1_94' title="bbox 2271 3882 4184 3965; baseline -0.001 -16"><span class='ocrx_word' id='word_1_684' title='bbox 2271 3893 2338 3949; x_wconf 90' lang='lat' dir='ltr'>et</span> <span class='ocrx_word' id='word_1_685' title='bbox 2393 3884 2512 3949; x_wconf 91' lang='lat' dir='ltr'>Dei</span> <span class='ocrx_word' id='word_1_686' title='bbox 2575 3884 3006 3965; x_wconf 87' lang='lat' dir='ltr'>praesentiam</span> <span class='ocrx_word' id='word_1_687' title='bbox 3050 3884 3332 3965; x_wconf 90' lang='lat' dir='ltr'>horrere,</span> <span class='ocrx_word' id='word_1_688' title='bbox 3389 3896 3454 3950; x_wconf 90' lang='lat' dir='ltr'>et</span> <span class='ocrx_word' id='word_1_689' title='bbox 3497 3896 3671 3950; x_wconf 90' lang='lat' dir='ltr'>metu</span> <span class='ocrx_word' id='word_1_690' title='bbox 3716 3887 4026 3951; x_wconf 89' lang='lat' dir='ltr'>attonitos</span> <span class='ocrx_word' id='word_1_691' title='bbox 4068 3882 4184 3948; x_wconf 92' lang='lat' dir='ltr'>ob-</span> 
     </span>
     <span class='ocr_line' id='line_1_95' title="bbox 2270 3969 4184 4053; baseline -0.001 -19"><span class='ocrx_word' id='word_1_692' title='bbox 2270 3978 2674 4052; x_wconf 86' lang='lat' dir='ltr'>stupescere:</span> <span class='ocrx_word' id='word_1_693' title='bbox 2730 3969 2961 4033; x_wconf 88' lang='lat' dir='ltr'>deinde</span> <span class='ocrx_word' id='word_1_694' title='bbox 3022 3969 3161 4034; x_wconf 93' lang='lat' dir='ltr'>Deo</span> <span class='ocrx_word' id='word_1_695' title='bbox 3203 3969 3442 4053; x_wconf 85' lang='lat' dir='ltr'>aliquid</span> <span class='ocrx_word' id='word_1_696' title='bbox 3488 3972 3855 4036; x_wconf 87' lang='lat' dir='ltr'>remittente</span> <span class='ocrx_word' id='word_1_697' title='bbox 3897 3979 3964 4035; x_wconf 89' lang='lat' dir='ltr'>et</span> <span class='ocrx_word' id='word_1_698' title='bbox 4005 3970 4184 4051; x_wconf 90' lang='lat' dir='ltr'>quie·</span> 
     </span>
     <span class='ocr_line' id='line_1_96' title="bbox 2273 4053 4187 4138; baseline -0.002 -20"><span class='ocrx_word' id='word_1_699' title='bbox 2273 4064 2400 4118; x_wconf 89' lang='lat' dir='ltr'>tem</span> <span class='ocrx_word' id='word_1_700' title='bbox 2468 4053 2751 4135; x_wconf 88' lang='lat' dir='ltr'>aliquam</span> <span class='ocrx_word' id='word_1_701' title='bbox 2818 4053 3223 4133; x_wconf 88' lang='lat' dir='ltr'>concedente,</span> <span class='ocrx_word' id='word_1_702' title='bbox 3287 4055 3368 4120; x_wconf 91' lang='lat' dir='ltr'>ad</span> <span class='ocrx_word' id='word_1_703' title='bbox 3428 4056 3766 4138; x_wconf 87' lang='lat' dir='ltr'>ingenium</span> <span class='ocrx_word' id='word_1_704' title='bbox 3823 4053 4052 4131; x_wconf 87' lang='lat' dir='ltr'>redire,</span> <span class='ocrx_word' id='word_1_705' title='bbox 4119 4066 4187 4116; x_wconf 88' lang='lat' dir='ltr'>et</span> 
     </span>
     <span class='ocr_line' id='line_1_97' title="bbox 2273 4137 4186 4223; baseline -0.002 -20"><span class='ocrx_word' id='word_1_706' title='bbox 2273 4138 2395 4204; x_wconf 91' lang='lat' dir='ltr'>sibi</span> <span class='ocrx_word' id='word_1_707' title='bbox 2437 4139 2891 4219; x_wconf 88' lang='lat' dir='ltr'>impunitatem</span> <span class='ocrx_word' id='word_1_708' title='bbox 2932 4138 3307 4222; x_wconf 87' lang='lat' dir='ltr'>pollicentes</span> <span class='ocrx_word' id='word_1_709' title='bbox 3361 4145 3565 4220; x_wconf 84' lang='lat' dir='ltr'>magis</span> <span class='ocrx_word' id='word_1_710' title='bbox 3609 4162 3684 4206; x_wconf 88' lang='lat' dir='ltr'>ac</span> <span class='ocrx_word' id='word_1_711' title='bbox 3726 4142 3935 4223; x_wconf 85' lang='lat' dir='ltr'>magis</span> <span class='ocrx_word' id='word_1_712' title='bbox 3991 4137 4186 4203; x_wconf 90' lang='lat' dir='ltr'>indu-</span> 
     </span>
     <span class='ocr_line' id='line_1_98' title="bbox 2274 4223 4183 4310; baseline -0.001 -22"><span class='ocrx_word' id='word_1_713' title='bbox 2274 4225 2437 4288; x_wconf 86' lang='lat' dir='ltr'>rari:</span> <span class='ocrx_word' id='word_1_714' title='bbox 2496 4223 2742 4307; x_wconf 90' lang='lat' dir='ltr'>sibique</span> <span class='ocrx_word' id='word_1_715' title='bbox 2798 4224 3185 4306; x_wconf 85' lang='lat' dir='ltr'>persuadere</span> <span class='ocrx_word' id='word_1_716' title='bbox 3243 4226 3495 4293; x_wconf 79' lang='lat' dir='ltr'>nullum</span> <span class='ocrx_word' id='word_1_717' title='bbox 3554 4226 3831 4310; x_wconf 90' lang='lat' dir='ltr'>amplius</span> <span class='ocrx_word' id='word_1_718' title='bbox 3872 4226 3941 4289; x_wconf 92' lang='lat' dir='ltr'>in</span> <span class='ocrx_word' id='word_1_719' title='bbox 3986 4223 4183 4290; x_wconf 88' lang='lat' dir='ltr'>coelis</span> 
     </span>
     <span class='ocr_line' id='line_1_99' title="bbox 2276 4308 4185 4395; baseline -0.001 -22"><span class='ocrx_word' id='word_1_720' title='bbox 2276 4310 2488 4373; x_wconf 91' lang='lat' dir='ltr'>Deum</span> <span class='ocrx_word' id='word_1_721' title='bbox 2554 4310 2737 4374; x_wconf 87' lang='lat' dir='ltr'>cuius</span> <span class='ocrx_word' id='word_1_722' title='bbox 2789 4330 2987 4374; x_wconf 89' lang='lat' dir='ltr'>manu</span> <span class='ocrx_word' id='word_1_723' title='bbox 3046 4320 3113 4375; x_wconf 90' lang='lat' dir='ltr'>et</span> <span class='ocrx_word' id='word_1_724' title='bbox 3169 4312 3413 4376; x_wconf 89' lang='lat' dir='ltr'>virtute</span> <span class='ocrx_word' id='word_1_725' title='bbox 3470 4332 3600 4376; x_wconf 91' lang='lat' dir='ltr'>non</span> <span class='ocrx_word' id='word_1_726' title='bbox 3660 4321 3993 4395; x_wconf 89' lang='lat' dir='ltr'>urgentur.</span> <span class='ocrx_word' id='word_1_727' title='bbox 4081 4308 4185 4371; x_wconf 89' lang='lat' dir='ltr'>Ita</span> 
     </span>
     <span class='ocr_line' id='line_1_100' title="bbox 2278 4392 4183 4480; baseline -0.002 -20"><span class='ocrx_word' id='word_1_728' title='bbox 2278 4392 2435 4460; x_wconf 88' lang='lat' dir='ltr'>Saul</span> <span class='ocrx_word' id='word_1_729' title='bbox 2482 4415 2680 4477; x_wconf 92' lang='lat' dir='ltr'>quum</span> <span class='ocrx_word' id='word_1_730' title='bbox 2717 4394 2887 4460; x_wconf 90' lang='lat' dir='ltr'>malo</span> <span class='ocrx_word' id='word_1_731' title='bbox 2923 4395 3048 4459; x_wconf 89' lang='lat' dir='ltr'>Dei</span> <span class='ocrx_word' id='word_1_732' title='bbox 3079 4396 3311 4478; x_wconf 89' lang='lat' dir='ltr'>spiritu</span> <span class='ocrx_word' id='word_1_733' title='bbox 3347 4398 3718 4480; x_wconf 89' lang='lat' dir='ltr'>agitaretur.</span> <span class='ocrx_word' id='word_1_734' title='bbox 3805 4395 3934 4460; x_wconf 90' lang='lat' dir='ltr'>Hic</span> <span class='ocrx_word' id='word_1_735' title='bbox 3963 4406 4183 4459; x_wconf 89' lang='lat' dir='ltr'>autem</span> 
     </span>
     <span class='ocr_line' id='line_1_101' title="bbox 2275 4479 4185 4564; baseline -0.001 -20"><span class='ocrx_word' id='word_1_736' title='bbox 2275 4479 2344 4544; x_wconf 88' lang='lat' dir='ltr'>in</span> <span class='ocrx_word' id='word_1_737' title='bbox 2411 4480 2784 4545; x_wconf 89' lang='lat' dir='ltr'>memoriam</span> <span class='ocrx_word' id='word_1_738' title='bbox 2842 4479 3205 4546; x_wconf 89' lang='lat' dir='ltr'>revocanda</span> <span class='ocrx_word' id='word_1_739' title='bbox 3262 4502 3425 4564; x_wconf 87' lang='lat' dir='ltr'>quae</span> <span class='ocrx_word' id='word_1_740' title='bbox 3481 4492 3671 4546; x_wconf 88' lang='lat' dir='ltr'>antea</span> <span class='ocrx_word' id='word_1_741' title='bbox 3726 4499 4185 4546; x_wconf 88' lang='lat' dir='ltr'>commemora-</span> 
     </span>
     <span class='ocr_line' id='line_1_102' title="bbox 2279 4562 4185 4649; baseline -0.002 -20"><span class='ocrx_word' id='word_1_742' title='bbox 2279 4567 2508 4643; x_wconf 89' lang='lat' dir='ltr'>vimus,</span> <span class='ocrx_word' id='word_1_743' title='bbox 2582 4586 2812 4647; x_wconf 88' lang='lat' dir='ltr'>nempe</span> <span class='ocrx_word' id='word_1_744' title='bbox 2885 4564 3059 4630; x_wconf 90' lang='lat' dir='ltr'>hunc</span> <span class='ocrx_word' id='word_1_745' title='bbox 3116 4567 3414 4649; x_wconf 91' lang='lat' dir='ltr'>spiritum</span> <span class='ocrx_word' id='word_1_746' title='bbox 3473 4566 3716 4630; x_wconf 90' lang='lat' dir='ltr'>malum</span> <span class='ocrx_word' id='word_1_747' title='bbox 3786 4566 4001 4631; x_wconf 87' lang='lat' dir='ltr'>vocari</span> <span class='ocrx_word' id='word_1_748' title='bbox 4057 4562 4185 4627; x_wconf 89' lang='lat' dir='ltr'>Dei</span> 
     </span>
     <span class='ocr_line' id='line_1_103' title="bbox 2278 4649 4185 4734; baseline -0.002 -19"><span class='ocrx_word' id='word_1_749' title='bbox 2278 4650 2610 4733; x_wconf 86' lang='lat' dir='ltr'>spiritum:</span> <span class='ocrx_word' id='word_1_750' title='bbox 2691 4650 3208 4733; x_wconf 87' lang='lat' dir='ltr'>quandoquidem</span> <span class='ocrx_word' id='word_1_751' title='bbox 3293 4651 3474 4717; x_wconf 89' lang='lat' dir='ltr'>Deus</span> <span class='ocrx_word' id='word_1_752' title='bbox 3538 4652 3695 4734; x_wconf 88' lang='lat' dir='ltr'>ipsis</span> <span class='ocrx_word' id='word_1_753' title='bbox 3760 4650 4026 4715; x_wconf 88' lang='lat' dir='ltr'>diabolis</span> <span class='ocrx_word' id='word_1_754' title='bbox 4094 4649 4185 4712; x_wconf 90' lang='lat' dir='ltr'>uti</span> 
     </span>
     <span class='ocr_line' id='line_1_104' title="bbox 2280 4734 4186 4816; baseline -0.002 -15"><span class='ocrx_word' id='word_1_755' title='bbox 2280 4735 2444 4801; x_wconf 90' lang='lat' dir='ltr'>solet</span> <span class='ocrx_word' id='word_1_756' title='bbox 2478 4735 2793 4800; x_wconf 89' lang='lat' dir='ltr'>ministris</span> <span class='ocrx_word' id='word_1_757' title='bbox 2827 4757 3090 4802; x_wconf 88' lang='lat' dir='ltr'>suorum</span> <span class='ocrx_word' id='word_1_758' title='bbox 3128 4736 3531 4802; x_wconf 85' lang='lat' dir='ltr'>iudiciorum.</span> <span class='ocrx_word' id='word_1_759' title='bbox 3610 4735 3801 4816; x_wconf 78' lang='lat' dir='ltr'>Quod</span> <span class='ocrx_word' id='word_1_760' title='bbox 3838 4737 3963 4799; x_wconf 89' lang='lat' dir='ltr'>nisi</span> <span class='ocrx_word' id='word_1_761' title='bbox 4001 4734 4186 4799; x_wconf 90' lang='lat' dir='ltr'>nobis</span> 
     </span>
     <span class='ocr_line' id='line_1_105' title="bbox 2283 4819 4189 4904; baseline -0.001 -19"><span class='ocrx_word' id='word_1_762' title='bbox 2283 4842 2662 4903; x_wconf 86' lang='lat' dir='ltr'>persuasum</span> <span class='ocrx_word' id='word_1_763' title='bbox 2707 4831 2892 4901; x_wconf 89' lang='lat' dir='ltr'>esset,</span> <span class='ocrx_word' id='word_1_764' title='bbox 2936 4822 3146 4903; x_wconf 89' lang='lat' dir='ltr'>qualis</span> <span class='ocrx_word' id='word_1_765' title='bbox 3188 4834 3427 4899; x_wconf 87' lang='lat' dir='ltr'>nostra,</span> <span class='ocrx_word' id='word_1_766' title='bbox 3469 4841 3723 4904; x_wconf 85' lang='lat' dir='ltr'>quaeso,</span> <span class='ocrx_word' id='word_1_767' title='bbox 3769 4823 3931 4886; x_wconf 87' lang='lat' dir='ltr'>foret</span> <span class='ocrx_word' id='word_1_768' title='bbox 3972 4819 4189 4885; x_wconf 88' lang='lat' dir='ltr'>condi·</span> 
     </span>
     <span class='ocr_line' id='line_1_106' title="bbox 2285 4905 4186 4989; baseline 0 -20"><span class='ocrx_word' id='word_1_769' title='bbox 2285 4905 2421 4970; x_wconf 81' lang='lat' dir='ltr'>tio?</span> <span class='ocrx_word' id='word_1_770' title='bbox 2511 4906 2678 4970; x_wconf 89' lang='lat' dir='ltr'>Nam</span> <span class='ocrx_word' id='word_1_771' title='bbox 2732 4907 2788 4970; x_wconf 88' lang='lat' dir='ltr'>si</span> <span class='ocrx_word' id='word_1_772' title='bbox 2844 4905 3099 4984; x_wconf 89' lang='lat' dir='ltr'>diaboli,</span> <span class='ocrx_word' id='word_1_773' title='bbox 3164 4908 3273 4989; x_wconf 92' lang='lat' dir='ltr'>qui</span> <span class='ocrx_word' id='word_1_774' title='bbox 3326 4916 3479 4970; x_wconf 89' lang='lat' dir='ltr'>sunt</span> <span class='ocrx_word' id='word_1_775' title='bbox 3532 4906 3739 4971; x_wconf 88' lang='lat' dir='ltr'>instar</span> <span class='ocrx_word' id='word_1_776' title='bbox 3794 4905 4186 4989; x_wconf 89' lang='lat' dir='ltr'>rugientium</span> 
     </span>
     <span class='ocr_line' id='line_1_107' title="bbox 2282 4989 4190 5074; baseline 0 -19"><span class='ocrx_word' id='word_1_777' title='bbox 2282 4991 2540 5056; x_wconf 91' lang='lat' dir='ltr'>leonum</span> <span class='ocrx_word' id='word_1_778' title='bbox 2583 4991 2855 5072; x_wconf 88' lang='lat' dir='ltr'>praedae</span> <span class='ocrx_word' id='word_1_779' title='bbox 2898 5012 3149 5074; x_wconf 87' lang='lat' dir='ltr'>semper</span> <span class='ocrx_word' id='word_1_780' title='bbox 3179 4991 3585 5070; x_wconf 88' lang='lat' dir='ltr'>inhiantium,</span> <span class='ocrx_word' id='word_1_781' title='bbox 3630 5013 3743 5074; x_wconf 90' lang='lat' dir='ltr'>pro</span> <span class='ocrx_word' id='word_1_782' title='bbox 3778 4990 4040 5057; x_wconf 88' lang='lat' dir='ltr'>arbitrio</span> <span class='ocrx_word' id='word_1_783' title='bbox 4072 4989 4190 5055; x_wconf 90' lang='lat' dir='ltr'>im·</span> 
     </span>
     <span class='ocr_line' id='line_1_108' title="bbox 2285 5076 4189 5160; baseline 0.001 -19"><span class='ocrx_word' id='word_1_784' title='bbox 2285 5086 2509 5160; x_wconf 89' lang='lat' dir='ltr'>petum</span> <span class='ocrx_word' id='word_1_785' title='bbox 2565 5077 2631 5141; x_wconf 92' lang='grc'>10</span> <span class='ocrx_word' id='word_1_786' title='bbox 2691 5097 2811 5142; x_wconf 90' lang='lat' dir='ltr'>nos</span> <span class='ocrx_word' id='word_1_787' title='bbox 2865 5076 3171 5155; x_wconf 83' lang='lat' dir='ltr'>facerent,</span> <span class='ocrx_word' id='word_1_788' title='bbox 3234 5089 3479 5141; x_wconf 88' lang='lat' dir='ltr'>certum</span> <span class='ocrx_word' id='word_1_789' title='bbox 3522 5087 3622 5141; x_wconf 87' lang='lat' dir='ltr'>est</span> <span class='ocrx_word' id='word_1_790' title='bbox 3665 5096 3784 5143; x_wconf 88' lang='lat' dir='ltr'>nos</span> <span class='ocrx_word' id='word_1_791' title='bbox 3826 5077 3955 5142; x_wconf 88' lang='lat' dir='ltr'>illis</span> <span class='ocrx_word' id='word_1_792' title='bbox 3996 5077 4189 5142; x_wconf 87' lang='lat' dir='ltr'>resis-</span> 
     </span>
     <span class='ocr_line' id='line_1_109' title="bbox 2287 5160 4189 5246; baseline 0.001 -19"><span class='ocrx_word' id='word_1_793' title='bbox 2287 5161 2481 5227; x_wconf 91' lang='lat' dir='ltr'>tendo</span> <span class='ocrx_word' id='word_1_794' title='bbox 2516 5160 2710 5246; x_wconf 87' lang='lat' dir='ltr'>longe</span> <span class='ocrx_word' id='word_1_795' title='bbox 2742 5163 3039 5246; x_wconf 87' lang='lat' dir='ltr'>impares,</span> <span class='ocrx_word' id='word_1_796' title='bbox 3073 5160 3633 5244; x_wconf 84' lang='lat' dir='ltr'>conditionemque</span> <span class='ocrx_word' id='word_1_797' title='bbox 3667 5172 3959 5229; x_wconf 88' lang='lat' dir='ltr'>nostram</span> <span class='ocrx_word' id='word_1_798' title='bbox 3998 5163 4189 5245; x_wconf 80' lang='lat' dir='ltr'>longe</span> 
     </span>
    </p>
   </div>
  </div>
 </body>
</html>
