5059 6059
868 319 952 387 39
2479 317 2892 387 HOMILIA
2934 318 3228 386 XLVII.
4696 328 4753 397 40

872 520 1092 577 castra
1147 509 1643 577 Philistinorum
1703 510 2095 594 pervasisse:
2161 508 2242 575 de
2305 530 2433 592 quo
2490 508 2596 574 die
2645 528 2819 575 cras-

877 599 1016 662 tina
1056 595 1402 662 dicendum
1464 597 1592 663 erit
1649 596 1958 680 pluribus,
2005 596 2153 660 Deo
2195 595 2490 661 faciente.
2579 595 2822 660 Notan-

877 683 1032 748 dum
1090 703 1244 747 vero
1302 682 1553 748 interea
1599 682 1981 748 miraculose
2041 682 2252 746 Deum
2312 681 2419 747 hic
2460 692 2822 764 operatum,

877 766 1050 851 quod
1102 780 1238 832 tam
1297 769 1623 834 numerosi
1683 768 1900 833 hostes
1967 777 2237 851 tamque
2308 777 2624 851 potentes,
2690 777 2819 831 ter-

874 854 985 919 riti
1066 854 1306 919 fuerint
1382 855 1630 921 obiecto
1695 853 1865 938 quod
1931 854 2179 919 nullam
2245 854 2512 918 terroris
2577 852 2816 918 occasi·

876 960 1068 1005 onem
1124 939 1412 1006 haberet.
1524 939 1700 1023 Quid
1774 938 1972 1024 ergo?
2082 940 2217 1004 Nae
2279 940 2457 1004 Deus
2521 940 2614 1003 ita
2672 939 2820 1003 fecit

875 1025 1296 1092 manifestum
1349 1048 1420 1092 se
1475 1028 1542 1091 in
1617 1026 1913 1091 manibus
1970 1026 2221 1090 animos
2286 1025 2625 1089 hominum
2701 1023 2817 1088 ha-

873 1110 1065 1177 bere:
1142 1123 1209 1176 et
1287 1113 1542 1177 efficere
1605 1118 1681 1177 ut
1752 1113 1860 1194 qui
1934 1111 2193 1175 leonum
2267 1111 2477 1176 instar
2542 1107 2818 1175 audaces

875 1209 1097 1275 eraut,
1158 1198 1339 1262 nullo
1397 1210 1820 1281 persequente
1874 1195 2154 1262 latebras
2215 1208 2547 1280 quaerant,
2615 1205 2683 1260 et
2734 1217 2817 1259 ex

877 1294 1060 1349 metu
1102 1294 1169 1349 et
1223 1285 1487 1368 ignavia
1528 1285 1784 1367 prodire
1829 1305 1961 1346 non
2022 1282 2327 1358 audeant,
2389 1282 2541 1346 licet
2599 1281 2817 1346 nullus

875 1368 1279 1453 insequatur.
1389 1368 1500 1437 Sic
1579 1369 1885 1434 dicuntur
1947 1368 2222 1451 improbi
2306 1368 2601 1433 homines
2665 1368 2816 1452 fuga

879 1456 1154 1521 salutem
1213 1458 1584 1539 quaesituri,
1637 1456 1786 1521 licet
1867 1453 2074 1519 nullos
2132 1455 2543 1536 insequentes
2598 1452 2816 1518 hostes

880 1541 1180 1607 habeant.
1294 1542 1736 1622 Quamobrem
1828 1541 2011 1604 facile
2078 1539 2441 1604 iudicamus
2505 1538 2815 1604 Ionatha-

875 1648 1038 1692 num
1111 1648 1242 1693 non
1321 1628 1645 1711 accepisse
1709 1647 1894 1691 omen
1963 1625 2141 1689 istud
2198 1626 2324 1691 nisi
2383 1635 2601 1691 mente
2659 1646 2811 1689 con·

879 1716 1160 1797 cepisset
1219 1713 1435 1779 Deum
1497 1735 1615 1779 sua
1672 1712 1945 1778 consilia
2003 1726 2066 1775 et
2124 1722 2395 1776 conatus
2442 1712 2808 1775 fortunatu-

876 1821 1044 1865 rum.
1090 1800 1189 1866 Ac
1233 1800 1503 1864 minime
1548 1798 1720 1864 istud
1767 1797 2027 1880 quidem
2064 1796 2585 1881 intelligendum,
2630 1797 2813 1880 quasi

875 1885 1290 1951 Ionathanus
1347 1907 1467 1951 sua
1523 1884 1870 1967 prudentia
1937 1883 2134 1947 nixus
2201 1898 2315 1946 aut
2383 1881 2628 1947 viribus
2691 1883 2812 1948 hoc

875 1992 1231 2056 aggressus
1275 1971 1380 2049 sit,
1426 1971 1561 2049 sed,
1606 1979 1680 2035 ut
1724 1980 1877 2033 ante
1912 1967 2216 2045 diximus,
2264 1969 2463 2033 fuisse
2508 1980 2698 2033 extra
2741 1989 2810 2032 se

873 2058 1177 2142 positum,
1238 2071 1304 2122 et
1360 2078 1397 2121 a
1443 2055 1586 2122 Deo
1641 2055 1808 2121 hanc
1853 2068 2138 2118 mentem
2185 2054 2511 2136 accepisse
2556 2065 2808 2119 certum

873 2153 990 2210 est.
1079 2143 1551 2208 Verumtamen
1597 2143 1716 2207 etsi
1764 2140 2046 2204 multum
2093 2141 2161 2204 in
2204 2140 2322 2205 illo
2366 2140 2493 2204 fuit
2529 2140 2808 2204 infirmi-

873 2230 1025 2296 tatis
1094 2240 1160 2294 et
1212 2230 1447 2292 anxius
1506 2228 1706 2292 animi
1766 2225 2000 2303 haesit,
2066 2225 2233 2290 bono
2288 2235 2511 2290 tamen
2573 2225 2805 2291 funda-

870 2328 1091 2381 mento
1149 2325 1214 2379 et
1269 2314 1590 2397 principio
1646 2310 1995 2376 nitebatur.
2084 2311 2315 2376 Fidem
2378 2311 2552 2376 enim
2601 2312 2809 2377 maxi-

870 2422 1047 2467 mam
1090 2402 1218 2465 ista
1259 2401 1398 2465 eius
1442 2399 1522 2465 ad
1561 2398 1960 2481 armigerum
2012 2398 2209 2461 verba
2245 2407 2609 2463 testantur:
2659 2397 2806 2463 Non

873 2492 962 2554 est
1024 2486 1525 2568 impedimentum
1585 2482 1843 2549 Iehovae
1906 2483 2064 2565 quin
2125 2487 2323 2548 servet
2381 2502 2520 2547 cum
2587 2482 2807 2548 multis

879 2577 989 2638 aut
1043 2571 1292 2654 pauci&
1403 2570 1493 2635 Et
1567 2569 1790 2653 procul
1859 2568 2054 2633 dubio
2120 2568 2247 2633 nisi
2315 2569 2509 2650 probe
2575 2570 2807 2634 fuisset

877 2657 1245 2724 Ionathano
1287 2657 1543 2740 cognita
1586 2654 1713 2720 Dei
1759 2654 2067 2739 potentia,
2127 2674 2209 2718 ex
2254 2675 2381 2737 qua
2426 2664 2601 2720 totus
2645 2675 2803 2738 pen-

881 2743 1081 2819 deret,
1120 2751 1367 2807 certum
1427 2751 1528 2807 est
1569 2741 1756 2806 illum
1814 2743 1935 2804 isto
1987 2760 2289 2805 sermone
2329 2741 2602 2805 minime
2645 2760 2803 2806 usu·

881 2850 1027 2894 rum
1069 2828 1287 2905 fuisse,
1392 2828 1727 2893 raesertim
1772 2827 1838 2891 in
1886 2834 2020 2890 tam
2066 2826 2366 2908 angustis
2410 2827 2606 2891 rebus
2650 2846 2801 2892 con-

882 2915 1209 2981 stitutum.
1360 2934 1462 2978 am
1508 2912 1695 2978 facile
1739 2921 1838 2976 est
1882 2912 2076 2977 rebus
2120 2910 2420 2977 secundis
2465 2911 2802 2976 utentibus

879 3000 1009 3066 Dei
1075 3000 1389 3066 virtutem
1460 2997 1863 3082 praedicare:
1942 3008 2007 3061 et
2082 2996 2271 3062 illum
2339 3018 2524 3080 posse
2590 2997 2801 3063 solum

878 3107 1103 3153 omnes
1158 3084 1443 3150 hostium
1503 3093 1773 3150 conatus
1816 3084 2136 3167 frangere,
2194 3091 2260 3147 et
2303 3083 2433 3149 illis
2479 3084 2802 3161 resistere,

877 3173 1030 3239 licet
1087 3171 1373 3236 mundus
1417 3191 1565 3236 cum
1610 3169 1739 3235 illis
1798 3168 2253 3252 conspirasset,
2309 3168 2622 3251 profiteri.
2715 3172 2804 3233 At

879 3259 1109 3323 mortis
1154 3256 1526 3323 discrimine
1561 3268 1929 3338 apparente,
1973 3254 2121 3337 quis
2167 3253 2248 3319 de
2283 3254 2423 3320 Deo
2469 3264 2605 3320 tam
2650 3276 2804 3320 con-

878 3343 1154 3409 fidenter
1216 3342 1393 3425 loqui
1460 3351 1689 3425 potest,
1757 3341 1879 3405 nisi
1940 3341 2050 3422 qui
2118 3339 2283 3405 altas
2343 3340 2494 3405 fidei
2554 3340 2806 3406 radices

882 3428 1056 3516 egit?
1147 3428 1325 3494 Sane
1382 3428 1496 3511 qui
1551 3428 1617 3491 in
1677 3425 1894 3490 Deum
1953 3445 2140 3491 suam
2198 3446 2458 3491 omnem
2501 3426 2806 3491 fiduciam

880 3514 1170 3592 collocat,
1216 3513 1404 3579 facile
1449 3511 1726 3578 audaces
1768 3521 1835 3576 et
1872 3512 2247 3577 temerarios
2282 3513 2620 3577 invasores
2657 3532 2808 3578 con-

880 3608 1163 3666 temnet:
1226 3620 1357 3664 non
1416 3597 1678 3682 quidem
1739 3606 1814 3662 ut
1856 3596 2071 3663 solent
2115 3597 2440 3663 temerarii
2486 3598 2807 3677 homines,

882 3687 994 3768 qui
1052 3706 1262 3768 neque
1317 3695 1495 3749 metu
1553 3683 1683 3749 Dei
1745 3683 2128 3762 retinentur,
2197 3704 2405 3766 neque
2467 3683 2542 3748 in
2602 3684 2808 3766 ipsius

880 3772 1237 3838 bonitatem
1294 3780 1584 3851 sperant:
1646 3768 1761 3834 sed
1804 3778 2051 3834 temere
2095 3790 2167 3834 se
2207 3768 2275 3833 in
2322 3770 2593 3851 quaevis
2637 3770 2810 3853 peri-

881 3857 1029 3923 cula
1083 3856 1454 3934 coniiciunt,
1514 3864 1582 3921 et
1633 3854 1889 3919 nullum
1948 3875 2209 3919 sensum
2256 3854 2611 3920 modestiae
2655 3856 2809 3920 reti·

882 3953 1062 4018 nent,
1128 3942 1352 4023 quales
1409 3943 1454 4005 ii
1512 3962 1789 4025 quorum
1846 3940 2088 4023 alioqui
2147 3939 2410 4006 laudata
2468 3962 2596 4007 vox
2663 3941 2806 4006 illa:

877 4028 1009 4094 Hic
1061 4025 1513 4111 prandeamus,
1572 4035 1886 4110 tanquam
1942 4025 2117 4109 apud
2161 4026 2406 4091 inferos
2447 4027 2808 4092 coenaturi.

878 4114 1080 4197 Atqui
1128 4134 1259 4177 non
1304 4113 1466 4177 haec
1507 4111 1819 4178 fortitudo
1864 4120 1930 4177 et
1972 4112 2480 4194 magnanimitas
2517 4112 2807 4191 dicenda,

882 4199 992 4267 sed
1042 4219 1239 4275 mera,
1286 4208 1361 4263 ut
1404 4198 1559 4277 dixi,
1604 4198 1957 4263 temeritas.
2046 4198 2193 4263 Non
2240 4198 2334 4262 ita
2369 4198 2805 4265 Ionathanus:

880 4287 1067 4354 cuius
1124 4284 1544 4350 consiliorum
1610 4284 1802 4367 longe
1860 4283 1988 4349 alia
2046 4285 2172 4348 fuit
2233 4285 2415 4362 ratio,
2482 4297 2550 4349 et
2617 4284 2808 4368 longe

882 4372 1049 4438 alius
1107 4371 1275 4436 finis.
1363 4370 1533 4435 Nam
1592 4389 1630 4432 a
1684 4367 1829 4434 Deo
1883 4380 2059 4436 totus
2104 4368 2445 4452 dependet,
2502 4372 2571 4435 in
2617 4392 2806 4453 quem

881 4479 1088 4525 unum
1151 4457 1328 4522 vitae
1385 4477 1541 4521 suae
1586 4475 1764 4539 spem
1812 4456 2036 4522 reiicit.
2129 4454 2474 4538 Deumque
2518 4457 2812 4542 agnoscit

883 4564 1071 4628 posse
1111 4542 1298 4607 illum
1342 4563 1473 4607 non
1516 4542 1734 4605 minus
1777 4559 1920 4605 cum
1968 4542 2195 4623 paucis
2229 4560 2423 4624 quam
2458 4562 2609 4608 cum
2646 4541 2813 4606 mul-

882 4630 969 4696 tis
1029 4627 1401 4693 hominibus
1456 4648 1734 4703 servare,
1793 4628 1914 4692 etsi
1973 4627 2185 4693 nullas
2230 4628 2369 4711 ipse
2412 4627 2605 4706 virsa,
2666 4628 2811 4692 nul·

884 4717 1020 4781 lum
1077 4713 1423 4780 consilium
1484 4713 1753 4778 adferat.
1847 4716 2059 4795 Atque
2102 4712 2263 4779 haec
2307 4722 2408 4778 est
2450 4712 2646 4779 huius
2687 4714 2810 4780 loci

883 4801 1224 4879 sententia,
1306 4809 1374 4864 et
1448 4798 1628 4864 utilis
1707 4797 1859 4862 inde
1925 4798 2217 4863 doctrina
2279 4799 2585 4865 eruenda.
2699 4797 2811 4866 Sic

886 4886 1309 4969 Iosaphatum
1368 4883 1607 4949 bonum
1655 4884 1841 4948 illum
1889 4904 2109 4969 regem
2156 4884 2455 4950 videmus
2500 4906 2651 4951 suos
2697 4886 2813 4950 mi-

882 4969 1032 5037 lites
1076 4973 1474 5051 confirmare,
1520 4991 1721 5053 quum
1767 4969 2000 5054 ingens
2025 4969 2360 5056 ⁴adversus
2402 4970 2617 5053 ipsum
2662 4970 2810 5036 hos-

888 5059 1055 5121 tium
1120 5077 1437 5121 numerus
1499 5057 1951 5138 conspirasset,
2019 5074 2296 5137 quorum
2353 5076 2626 5122 numero
2681 5058 2810 5120 iam

885 5143 1017 5206 iam
1082 5142 1425 5208 videbatur
1487 5140 1889 5207 obruendus:
1958 5160 2169 5225 neque
2235 5143 2408 5207 enim
2469 5154 2612 5207 erat
2675 5142 2812 5207 ulla

885 5249 1035 5313 spes
1090 5226 1410 5294 evasionis
1474 5249 1560 5294 ex
1617 5238 1802 5293 tanta
1868 5235 1935 5292 et
1998 5236 2133 5292 tam
2191 5227 2515 5294 horrenda
2572 5239 2808 5313 strage.

2918 507 3366 574 Nihilominus
3433 518 3651 574 tamen
3717 508 3830 574 ille
3892 510 3966 574 in
4033 530 4239 575 unum
4288 511 4498 579 Deum
4555 518 4761 605 respicit,

2919 594 3108 659 cuius
3154 594 3466 660 virtutem
3510 607 3576 659 et
3632 594 3994 678 potentiam
4050 596 4252 662 nullis
4546 603 4766 673 terminis

2918 680 3239 744 contineri
3282 680 3497 747 docet:
3556 702 3632 747 ac
3689 681 3961 765 proinde
4014 702 4148 746 nou
4191 683 4461 747 effertur
4502 688 4651 768 regia
4680 710 4765 755 m

2918 765 3257 849 dignitate,
3303 786 3510 850 neque
3542 767 3677 831 suis
3714 767 4032 832 militibus
4066 767 4353 846 confidit,
4391 789 4638 851 quorum
4666 774 4767 842 sinc

2917 850 3062 916 Deo
3128 852 3340 917 nullas
3416 853 3592 918 vires
3656 853 3795 917 fore
3859 856 4169 937 agnoscit.
4272 855 4562 938 Denique
4629 858 4768 944 longo

2916 937 3106 1003 aliter
3148 958 3218 1003 se
3263 938 3463 1021 gessit
3506 959 3701 1021 quam
3759 939 3971 1003 solent
4014 960 4201 1024 reges
4243 950 4357 1004 aut
4400 940 4769 1028 imperatores,

2917 1022 3029 1106 qui
3073 1022 3411 1090 victoriam
3456 1046 3539 1089 ex
3582 1044 3846 1089 suorum
3896 1025 4176 1090 militum
4220 1046 4513 1108 numero,
4555 1030 4640 1094 vel
4675 1032 4771 1098 ala·

2917 1110 3147 1173 oritate
3204 1119 3271 1173 et
3322 1108 3704 1175 fortitudine
3748 1111 4143 1175 metiuntur:
4197 1132 4273 1176 ac
4330 1113 4591 1195 proinde
4625 1138 4768 1200 quum

2919 1206 3015 1258 tot
3080 1215 3393 1278 equorum
3461 1196 3687 1275 millia,
3753 1206 3850 1261 tot
3913 1197 4327 1277 munitiones,
4392 1208 4494 1263 tot
4551 1218 4774 1270 armatos

2917 1280 3159 1346 milites
3220 1292 3580 1366 recensent,
3632 1281 3754 1347 sibi
3815 1281 3983 1346 nihil
4040 1282 4464 1349 metuendum
4519 1287 4774 1354 arbitran-

2918 1378 3046 1431 tur.
3138 1367 3276 1432 Nae
3318 1367 3625 1433 mortales
3669 1367 4033 1433 istiusmodi
4081 1369 4343 1434 auxiliis
4387 1370 4472 1436 ad
4502 1373 4774 1441 victoriam

2916 1451 3435 1535 consequendam
3481 1452 3809 1537 indigent:
3855 1452 3969 1519 sed
4013 1453 4209 1538 longe
4252 1455 4443 1521 aliter
4482 1457 4664 1538 Deus,
4698 1465 4774 1543 qui

2914 1560 2954 1603 a
3010 1538 3191 1604 nullo
3249 1539 3617 1605 mortalium
3660 1539 4014 1622 quidquam
4073 1551 4445 1606 mutuatur:
4500 1545 4607 1609 sed
4642 1549 4778 1613 cuins

2916 1645 3149 1690 manus
3208 1626 3367 1690 satis
3422 1634 3520 1691 est
3579 1637 3807 1707 potens
3864 1623 3944 1690 ad
4000 1646 4152 1691 suos
4210 1627 4283 1691 in
4345 1630 4572 1710 quovis
4611 1632 4777 1697 discri-

2918 1713 3092 1775 mine
3155 1710 3579 1775 adiuvandos.
3668 1709 4107 1791 Quamobrem
4166 1713 4363 1778 altius
4419 1716 4641 1781 animis
4676 1740 4778 1784 nos

2916 1798 3033 1861 tris
3096 1797 3265 1861 hanc
3318 1795 3679 1861 doctrinam
3736 1797 4109 1880 infigamus,
4174 1799 4313 1863 Deo
4372 1800 4536 1865 nihil
4580 1802 4782 1868 obstem

2915 1904 3100 1963 posse
3146 1883 3493 1966 quominus
3554 1884 3689 1947 suis
3733 1895 4171 1965 opportunum
4216 1905 4479 1969 semper
4521 1890 4781 1954 auxilium

2913 1965 3180 2033 adferat.
3271 1968 3442 2032 Nam
3497 1988 3692 2050 quum
3758 1968 4096 2033 hominum
4154 1991 4419 2054 operam
4466 1973 4707 2039 adhibet
4736 1978 4783 2039 in

2913 2055 3047 2119 suis
3106 2052 3546 2128 sublevandis,
3616 2073 3854 2136 magno
3912 2053 4058 2121 illos
4120 2056 4369 2121 honore
4431 2059 4653 2125 afficit:
4706 2061 4784 2127 sed

2914 2151 3132 2204 tamen
3180 2161 3309 2203 non
3356 2140 3510 2204 facit
3554 2139 3775 2221 aliqua
3819 2152 4082 2205 coactus
4130 2144 4531 2211 necessitate.
4597 2147 4787 2229 Ecquis

2912 2225 3083 2289 enim
3127 2224 3397 2297 dubitat,
3442 2225 3574 2288 imo
3620 2226 3765 2306 quis
3809 2246 3935 2290 non
3986 2226 4181 2291 habet
4272 2250 4342 2292 ro
4389 2244 4566 2296 certo
4599 2231 4783 2309 Deum,

2912 2322 2984 2374 ut
3040 2332 3146 2375 res
3203 2331 3429 2375 omnes
3473 2310 3738 2388 creavit,
3798 2312 3891 2375 ita
3932 2313 4127 2377 etiam
4173 2313 4216 2376 il
4248 2313 4304 2379 is
4349 2316 4449 2379 uti
4493 2338 4670 2401 posse
4702 2339 4785 2402 pro

2910 2418 3027 2462 suo
3072 2396 3339 2461 arbitrio
3382 2397 3461 2459 ad
3508 2417 3626 2461 nos
3671 2396 3942 2463 tuendos
3986 2409 4052 2461 et
4093 2401 4595 2482 conservandos,
4636 2424 4783 2486 quum

2910 2484 2977 2547 in
3037 2482 3243 2565 ipsius
3298 2481 3668 2547 obedientia
3726 2494 4103 2548 constanter
4144 2484 4701 2561 ambulaverimus.
4742 2502 4786 2554 et

2911 2587 3292 2651 quocunque
3337 2568 3667 2632 vocaverit
3713 2567 4037 2651 intrepide
4076 2573 4610 2653 perrexerimus?
4686 2575 4787 2640 Nae

2909 2656 2962 2718 si
3022 2654 3259 2718 animis
3303 2654 3544 2718 nostris
3598 2652 3843 2719 isthaec
3888 2656 4228 2735 haeserint,
4289 2658 4549 2724 nullum
4592 2662 4786 2745 pericu·

2911 2740 3063 2813 lum,
3131 2739 3355 2804 nullus
3422 2739 3653 2804 mortis
3717 2750 3933 2805 metus
3996 2763 4116 2806 nos
4182 2742 4262 2807 ab
4328 2745 4546 2810 officio
4602 2749 4789 2830 poterit

2909 2846 3200 2901 avocare,
3260 2846 3334 2889 ac
3394 2845 3476 2888 ne
3543 2824 3644 2889 vel
3706 2825 4039 2890 tantillum
4094 2828 4359 2910 quidem
4406 2851 4786 2897 commovere.

2907 2913 2998 2977 Et
3041 2911 3122 2975 de
3163 2910 3512 2975 Ionathani
3556 2918 3794 2975 conatu
3840 2912 4174 2997 hactenus,
4234 2914 4316 2979 de
4361 2937 4494 2999 quo
4538 2919 4789 3001 deinceps

2909 2995 3124 3063 adhuc
3170 2994 3467 3079 pluribus
3511 2998 3716 3061 acturi
3764 3018 4011 3063 sumus.

3080 3083 3411 3165 Deinceps
3468 3103 3623 3147 vero
3683 3081 3843 3147 Saul
3905 3082 4143 3148 dicitur
4197 3085 4538 3155 audivisse
4601 3090 4790 3155 tumul-

2910 3179 3046 3233 tum
3091 3168 3163 3232 in
3218 3171 3465 3245 castris,
3526 3180 3590 3231 et
3632 3189 3959 3233 summum
4020 3170 4422 3238 sacerdotem
4470 3175 4787 3249 advocant.

2907 3255 3297 3335 iussisseque
3376 3264 3450 3316 ut
3527 3274 3746 3319 arcam
3811 3255 4084 3321 Domini
4163 3256 4571 3341 admoveret,
4645 3272 4792 3343 atque

2906 3338 3116 3423 ephod
3181 3339 3506 3416 indueret,
3566 3340 4055 3423 Dominumque
4108 3344 4578 3412 sciscitaretur.
4659 3348 4792 3411 Inte-

2906 3427 3032 3491 rim
3092 3446 3249 3491 vero
3293 3426 3489 3490 etiam
3534 3445 3736 3508 quum
3780 3424 4224 3494 Ionathanum
4272 3430 4506 3498 abesse
4552 3431 4791 3498 animad-

2907 3521 3214 3587 verteret,
3274 3511 3536 3576 iussisse
3601 3511 3882 3577 eundem
3942 3513 4219 3596 requiri:
4275 3528 4343 3580 et
4398 3519 4599 3584 simul
4639 3520 4791 3583 etim

2905 3595 3307 3664 sacerdotem
3348 3616 3611 3660 manum
3668 3618 3851 3662 suam
3909 3600 4217 3685 recipere,
4277 3612 4343 3666 et
4391 3604 4665 3670 ulterius
4699 3622 4793 3668 non

2907 3679 3228 3768 progredi.
3317 3681 3629 3748 Diximus
3687 3703 3847 3748 vero
3892 3685 4080 3750 initio
4124 3684 4324 3754 huius
4372 3689 4682 3756 historiae
4714 3688 4793 3751 ob-

2910 3768 3327 3845 servandum,
3395 3767 3611 3833 Deum
3680 3769 3771 3833 ita
3827 3770 4168 3836 misertum
4225 3793 4370 3839 esse
4432 3776 4654 3859 populi
4708 3774 4790 3849 sui,

2909 3868 2984 3920 ut
3031 3853 3216 3921 Sauli
3284 3863 3504 3918 tamen
3563 3874 3891 3919 summum
3954 3855 4232 3924 dedecus
4288 3868 4359 3924 et
4416 3860 4792 3946 ignominiam

2909 3940 3241 4018 inusserit,
3286 3953 3482 4022 atque
3524 3941 3703 4004 omni
3749 3940 3941 4006 laude
3985 3942 4330 4028 indignum
4380 3968 4533 4012 esse
4568 3948 4793 4013 declan-

2910 4028 3018 4093 rit.
3105 4025 3276 4090 Nam
3336 4024 3596 4092 videtur
3651 4024 3810 4092 Saul
3869 4038 4049 4093 metu
4105 4051 4177 4095 se
4230 4030 4299 4095 in
4360 4035 4602 4100 eastris
4639 4031 4795 4100 conti·

2909 4114 3175 4212 nuisse,·
3197 4121 3266 4176 et
3307 4110 3616 4262 progredi
3662 4133 3792 4176 non
3827 4133 4029 4179 ausus
4073 4115 4292 4195 fuisse,
4341 4116 4502 4183 dum
4551 4120 4793 4184 Ionath*

2911 4220 3035 4263 nus
3091 4207 3289 4263 etiam
3346 4218 3429 4262 au
3476 4207 3543 4262 et
3603 4197 3919 4265 adversus
3976 4209 4231 4266 tantum
4287 4204 4655 4271 exercitum
4690 4223 4792 4290 pro·

2910 4283 3112 4370 gredi,
3181 4293 3247 4347 et
3312 4292 3409 4347 tot
3472 4292 3759 4350 armatos
3823 4294 3892 4350 et
3950 4285 4306 4354 instructos
4366 4290 4615 4358 milites
4664 4290 4792 4357 sulm

2911 4370 3171 4436 adoriri.
3259 4366 3480 4435 Saulis
3546 4376 3785 4448 tamen,
3854 4370 4075 4452 fateor,
4142 4395 4222 4439 ex
4281 4394 4362 4438 eo
4428 4375 4612 4445 facto
4667 4378 4791 4442 fama

2911 4456 3336 4522 vehementer
3389 4466 3580 4521 aucta
3638 4467 3777 4521 est:
3838 4468 4292 4525 verumtamen
4345 4464 4626 4544 spiritus
4662 4481 4792 4529 saue

2912 4552 3019 4607 tus
3084 4560 3205 4606 nos
3271 4539 3459 4605 docet
3513 4540 3679 4606 nihil
3747 4542 3855 4607 hic
3914 4542 4185 4610 Saulem
4251 4550 4569 4629 potuisse.
4633 4564 4792 4630 neque

2911 4628 3052 4693 eius
3112 4626 3361 4692 viribus
3420 4636 3534 4692 aut
3576 4627 3929 4709 prudentia
3971 4628 4324 4713 quidquam
4371 4648 4634 4716 gestum
4669 4652 4791 4700 esse:

2910 4713 3024 4780 sed
3082 4733 3287 4796 quum
3332 4712 3683 4778 Ionathani
3726 4714 4000 4779 consilia
4057 4725 4123 4781 et
4178 4719 4545 4785 eorundem
4601 4721 4789 4786 exitum

2912 4799 3370 4883 perspexisset,
3428 4799 3912 4882 persequendos
3967 4798 4188 4868 hostes
4240 4822 4385 4871 esse
4446 4806 4633 4872 illum
4673 4802 4791 4871 iudi·

2910 4906 3109 4965 casse,
3154 4884 3593 4967 populumque
3637 4884 3719 4949 ad
3762 4886 4198 4968 insequendos
4242 4887 4470 4958 hostes
4515 4893 4787 4959 hortatum

2912 4992 3071 5048 esse,
3137 4982 3211 5034 ut
3255 4969 3312 5034 si
3370 4970 3511 5034 fieri
3570 4981 3806 5056 posset,
3864 4992 3949 5036 ne
3991 4994 4169 5041 unus
4223 4976 4491 5059 quidem
4538 5000 4617 5045 ex
4658 4986 4790 5044 tantu

2911 5054 3333 5122 multitudine
3392 5066 3780 5137 superesset.
3870 5058 4021 5138 Qua
4075 5061 4145 5124 in
4208 5082 4279 5125 re
4336 5063 4495 5129 feeit
4541 5065 4787 5131 manifes-

2912 5151 3046 5207 tam
3093 5162 3279 5207 suam
3325 5143 3767 5224 arrogantiam
3812 5150 3880 5210 et
3923 5144 4359 5213 temeritatem
4394 5171 4555 5216 cum
4594 5162 4789 5218 summ

2910 5227 3290 5294 crudelitate
3347 5226 3778 5308 coniunctam,
3836 5231 4379 5313 quemadmodum
4425 5236 4687 5303 inferius
4722 5236 4787 5299 vi·
