5059 6059
279 331 385 398 221
1596 329 1695 398 IN
1734 331 1791 398 I.
1838 330 2018 398 LIB.
2064 331 2469 400 SAMUEL.
2513 331 2710 399 OAP.
2753 327 2982 397 XVII.
4102 331 4228 397 222

281 547 429 612 quae
470 542 661 590 causa
706 529 805 587 est
847 542 966 587 cur
1011 540 1206 604 saepe
1252 520 1645 598 deficiamus,
1705 529 1772 584 et
1830 527 2013 585 tanto
2059 526 2190 586 ter-

280 633 412 680 rore
461 606 891 693 percellamur
948 605 1029 671 ab
1082 606 1380 673 hostibus
1424 606 1712 690 undique
1755 606 2192 691 circumsepti,

279 708 347 767 ut
388 718 462 761 ue
506 696 723 760 Deum
768 693 1030 775 quidem
1076 693 1381 759 invocare
1426 693 1767 776 possimus,
1824 713 2032 775 neque
2077 711 2193 755 au-

276 783 488 851 xilium
532 780 614 845 ab
658 780 867 862 ipsius
910 778 1354 845 misericordia
1408 779 1778 862 implorare,
1838 778 1966 842 nisi
2024 775 2194 859 quod

277 866 674 950 semisepulta
740 866 954 931 iacent
1020 886 1443 948 quaecunque
1509 865 1590 931 ab
1655 865 1797 947 ipso
1862 864 2195 929 benefacta

272 950 666 1037 accepimus?
747 951 999 1017 Contra
1042 971 1197 1017 vero
1242 949 1459 1016 David
1504 951 1700 1016 etiam
1747 951 2089 1032 profitetur
2123 967 2193 1013 se

277 1044 341 1108 in
392 1038 662 1106 summis
706 1035 1199 1103 difficultatibus
1243 1038 1671 1103 constitutum
1716 1036 1855 1100 dies
1890 1036 2192 1117 antiquos

274 1124 574 1193 memoria
616 1123 1030 1206 repet-ivisse:
1076 1144 1151 1189 ac
1196 1123 1470 1206 proinde
1514 1143 1643 1188 non
1692 1131 1947 1186 tantum
1996 1120 2076 1185 de
2111 1120 2191 1185 iis

270 1213 542 1297 cogitare
586 1229 752 1292 quae
797 1209 1075 1291 ipsemet
1116 1210 1426 1290 quamdiu
1471 1210 1642 1273 vixit
1678 1207 1758 1272 de
1780 1206 1907 1272 Dei
1946 1207 2190 1273 virtute

273 1309 335 1366 et
372 1297 658 1362 bonitate
703 1314 860 1378 erga
903 1315 973 1359 se
1018 1304 1327 1376 expertus
1362 1305 1498 1360 est:
1541 1293 1655 1360 sed
1696 1293 1891 1358 etiam
1932 1301 2191 1359 veteres

272 1383 568 1450 historias
625 1379 1084 1445 beneficiorum
1129 1379 1253 1444 Dei
1311 1402 1468 1464 erga
1525 1378 1838 1463 populum
1883 1397 2190 1444 revocare

267 1471 332 1536 in
372 1467 773 1540 memoriam,
832 1476 906 1530 ut
949 1485 1115 1549 quae
1159 1467 1403 1549 scripta
1444 1476 1602 1532 sunt
1643 1466 1713 1529 in
1758 1486 1951 1530 suum
1999 1485 2191 1530 usum

266 1554 627 1621 transferat.
721 1554 816 1616 Ac
875 1572 1034 1617 sane
1092 1571 1291 1634 quum
1348 1551 1417 1615 in
1461 1551 1606 1616 Deo
1660 1572 1840 1633 spem
1898 1559 2189 1615 nostram

264 1640 572 1707 collocare
630 1638 955 1715 iubemur,
1038 1658 1170 1702 uon
1227 1647 1383 1701 sunt
1441 1637 1647 1721 ipsius
1708 1637 2017 1701 beneficia
2089 1656 2191 1700 re·

259 1722 641 1809 stringenda
672 1722 751 1787 ad
777 1744 854 1787 ea
876 1743 1040 1805 quae
1070 1723 1198 1788 iam
1238 1722 1551 1788 habemus
1592 1722 1996 1805 experientia
2017 1741 2190 1786 eom·-

257 1821 470 1895 perta:
516 1809 631 1875 sed
677 1809 939 1892 longius
983 1818 1083 1873 est
1126 1808 1573 1874 extendenda:
1616 1816 1691 1873 ut
1725 1828 2192 1892 cognoscamus

258 1899 468 1963 Deum
492 1894 653 1961 inde
677 1893 759 1959 ab
800 1895 976 1958 omni
1023 1894 1281 1960 saeculo
1324 1916 1474 1960 suos
1520 1914 1835 1971 servasse,
1883 1903 1948 1959 et
1981 1895 2050 1957 in
2090 1914 2189 1958 re·

256 1986 373 2050 bus
416 1980 720 2066 angustis
764 1979 1082 2044 auxilium
1129 1980 1289 2063 ipsis
1337 1982 1583 2046 tulisse.
1675 1980 1867 2045 Hanc
1917 1980 1998 2044 ob
2039 2000 2191 2045 cau-

257 2091 388 2137 sam
450 2067 666 2134 voluit
712 2066 893 2130 Deus
951 2078 1248 2131 veterum
1306 2079 1565 2149 patrum
1614 2066 1920 2131 historias
1964 2086 2193 2130 monu-

254 2155 491 2221 mentis
554 2151 872 2219 conscribi
940 2162 1005 2216 et
1062 2152 1129 2216 in
1197 2172 1450 2217 sacram
1518 2153 1825 2235 paginam
1891 2149 2192 2230 conferri,

255 2264 377 2307 non
440 2250 706 2305 tantum
766 2247 841 2302 ut
898 2237 1192 2302 norimus
1239 2238 1712 2321 Abrahamum,
1756 2237 2008 2315 Mosen,
2055 2237 2190 2301 Da·

248 2328 465 2394 videm
517 2334 591 2389 et
632 2323 793 2389 alios
850 2322 1257 2405 patriarchas
1301 2323 1429 2388 Dei
1484 2323 1695 2405 gratia
1750 2331 2065 2406 servatos,
2126 2329 2193 2386 et

247 2416 314 2479 in
356 2412 560 2477 rebus
605 2411 903 2492 angustis
950 2409 1195 2473 auxilio
1239 2408 1465 2474 divino
1508 2407 1787 2489 adiutos,
1832 2406 1947 2473 sed
1993 2418 2067 2473 ut
2108 2406 2189 2471 li-

252 2499 628 2566 berationes
671 2494 818 2560 illas
862 2494 928 2560 in
975 2503 1272 2560 nostrum
1317 2515 1507 2560 usum
1552 2503 1619 2559 et
1653 2495 1998 2560 utilitatem
2036 2514 2187 2560 con-

247 2597 606 2652 vertamus.
697 2580 790 2645 At
844 2583 897 2645 εἰ
960 2580 1040 2645 ad
1100 2579 1248 2645 fidei
1306 2589 1565 2646 nostrae
1623 2580 2188 2647 confirmationem

248 2671 562 2736 debemus
628 2668 945 2731 memoria
1010 2675 1304 2748 repetere
1373 2685 1797 2750 quaecunque
1874 2664 2192 2732 beneficia

246 2758 429 2823 Deus
475 2756 549 2819 in
615 2773 804 2818 suam
865 2752 1203 2819 ecclesiam
1262 2752 1560 2833 eontulit,
1616 2759 1860 2834 quanta
1917 2752 2046 2817 erit
2087 2751 2189 2815 in-

241 2838 602 2927 gratitudo,
662 2849 728 2902 et
770 2849 1054 2922 quantus
1096 2849 1321 2921 stupor
1366 2858 1498 2904 non
1543 2859 1767 2904 eorum
1813 2837 2190 2903 meminisse

240 2950 405 3012 quae
451 2924 701 3009 singuli
749 2944 788 2988 a
832 2925 973 2990 Deo
1018 2924 1354 2989 benefacta
1396 2931 1803 3009 acceperunt,
1861 2931 1930 2989 et
1982 2944 2064 2988 ex
2109 2923 2190 2988 iis

242 3015 308 3079 in
353 3010 848 3097 exspectatione
895 3008 1156 3075 divinae
1201 3010 1505 3076 bonitatis
1550 3008 1970 3076 confirmari?
2060 3009 2189 3074 Ec·

240 3100 388 3185 quis
433 3098 622 3164 enim
668 3096 798 3159 iam
847 3116 887 3160 a
932 3093 1175 3160 teneris
1218 3094 1613 3179 unguiculis,
1668 3096 1835 3178 quis,
1895 3096 2188 3176 inquam,

239 3208 372 3251 non
429 3184 593 3249 inde
650 3183 778 3246 iam
840 3179 922 3246 ab
982 3189 1168 3246 utero
1225 3182 1432 3246 sensit
1487 3201 1680 3263 quam
1741 3181 1952 3246 bonus
2005 3181 2190 3246 Deus

236 3292 394 3357 erga
439 3293 536 3347 se,
584 3287 782 3351 quam
828 3274 1079 3349 potens,
1141 3287 1338 3348 quam
1396 3267 1741 3331 munificus
1797 3267 1866 3332 in
1927 3288 2036 3333 eos
2078 3264 2191 3349 qui

235 3357 318 3423 ad
363 3359 596 3441 ipsum
645 3353 1053 3436 confugiunt,
1099 3363 1164 3418 et
1207 3352 1276 3417 in
1321 3353 1462 3435 ipso
1506 3352 1645 3418 solo
1687 3353 2189 3436 conquiescunt:

234 3467 309 3512 ac
352 3439 647 3527 proinde
692 3459 821 3502 non
870 3437 1102 3504 habeat
1144 3459 1549 3522 persuasum,
1595 3435 1822 3504 fideles
1867 3437 1947 3505 ad
1971 3440 2192 3504 Deum

236 3527 704 3612 confugientes
747 3544 868 3588 sua
911 3546 1026 3606 spe
1070 3544 1412 3607 nunquam
1460 3523 1842 3591 excisuros?
1912 3523 2023 3591 Sic
2065 3523 2192 3589 ita-

235 3638 361 3700 que
398 3611 636 3679 David
675 3607 870 3674 fidem
916 3631 1100 3676 snam
1146 3610 1510 3692 roborabat,
1553 3610 1873 3676 memoria
1916 3609 2193 3693 insignis

233 3703 420 3768 illius
492 3697 708 3765 divini
775 3714 934 3779 erga
999 3717 1069 3761 se
1133 3695 1452 3774 beneficii,
1527 3716 1659 3778 quo
1723 3715 1853 3762 non
1934 3704 2192 3761 tantum

232 3794 552 3854 evaserat
598 3781 807 3848 leonis
843 3793 908 3846 et
945 3780 1081 3847 ursi
1116 3803 1371 3865 ungues
1407 3794 1471 3846 et
1506 3782 1744 3859 fauces,
1783 3781 1897 3847 sed
1932 3781 2192 3847 eosdem

229 3875 708 3940 interemerat:
770 3867 959 3934 cuius
1002 3868 1095 3933 rei
1142 3867 1338 3933 fidem
1382 3866 1541 3933 facit
1582 3868 1991 3951 potissimum
2036 3888 2191 3935 con-

229 3960 440 4030 clusio
489 3956 704 4040 ipsius
764 3952 868 4018 his
915 3954 1156 4019 verbis:
1217 3953 1539 4020 Dominus
1590 3954 1701 4036 qui
1751 3954 1918 4019 eruit
1971 3975 2069 4019 me
2117 3953 2195 4018 de

227 4065 433 4114 manu
483 4042 709 4120 leonia,
766 4044 824 4104 et
886 4040 962 4105 de
1017 4060 1213 4105 manu
1270 4040 1432 4117 ursi,
1477 4041 1615 4122 ipse
1657 4059 1752 4104 me
1792 4038 2078 4104 liberabit
2118 4039 2160 4102 C

226 4151 432 4200 manu
478 4126 832 4193 Philistaei
871 4125 1082 4191 huius.
1174 4124 1431 4205 Quibus
1496 4124 1801 4190 docemur
1857 4123 2194 4190 benefacta

223 4219 356 4285 Dei
421 4235 599 4299 erga
657 4232 777 4276 nos
833 4211 1176 4276 referenda
1233 4231 1374 4276 esse
1428 4211 1495 4275 in
1556 4210 1846 4275 futurum
1894 4217 2189 4294 tempus:

224 4306 418 4371 Deus
471 4299 659 4366 enim
705 4297 806 4361 sui
851 4317 1112 4380 semper
1155 4305 1256 4362 est
1314 4296 1565 4375 similis,
1631 4317 1841 4380 neque
1886 4297 2025 4363 eius
2069 4318 2190 4362 un-

221 4411 431 4477 quam
508 4381 935 4452 imminuitur
998 4383 1322 4467 potentia:
1391 4392 1456 4447 et
1511 4382 1581 4446 in
1641 4402 1753 4447 eos
1811 4382 1922 4465 qui
1978 4384 2190 4465 ipsum

219 4479 568 4543 invocant
614 4469 980 4534 misericors
1023 4480 1089 4534 et
1131 4470 1200 4534 in
1247 4468 1568 4533 auxilium
1605 4469 1897 4551 ipsorum
1937 4481 2193 4551 promp-

221 4573 349 4630 tus.
448 4552 1009 4640 Quandoquidem
1067 4555 1273 4638 igitur
1326 4562 1641 4639 perpetua
1698 4563 1799 4618 est
1842 4554 1970 4619 Dei
2014 4554 2193 4619 boni-

217 4661 325 4716 tas
374 4656 450 4714 et
498 4645 725 4710 virtus
769 4659 845 4704 ac
888 4641 1195 4724 potentia,
1254 4649 1320 4705 et
1376 4639 1807 4705 immutabilis
1864 4639 2191 4719 voluntas,

216 4734 419 4801 facile
469 4747 835 4815 possumus
895 4725 1283 4792 concludere
1341 4728 1478 4791 fore
1523 4733 1600 4790 ut
1645 4725 2190 4809 quemadmodum

217 4844 344 4888 nos
389 4819 735 4884 hactenus
778 4813 849 4877 in
894 4814 1138 4878 nostris
1184 4811 1678 4878 difficultatibus
1725 4821 1792 4877 et
1834 4811 2029 4877 rebus
2074 4832 2188 4878 an-

220 4909 445 4993 gustis
494 4900 780 4975 adiuvit,
828 4897 1109 4963 eundem
1155 4919 1225 4963 se
1271 4920 1427 4982 erga
1469 4919 1590 4963 nos
1635 4898 1703 4962 in
1749 4898 1947 4962 finem
1987 4919 2192 4982 usque

212 4993 582 5078 praebeat.
674 4984 816 5049 Nae
861 4984 916 5048 si
965 4985 1157 5050 rebus
1201 4985 1437 5050 creatis
1483 4985 1664 5051 Deus
1723 4992 1894 5049 esset
1937 4983 2190 5062 similis,

213 5081 298 5145 de
345 5077 579 5162 ipsius
628 5070 996 5138 constantia
1040 5081 1106 5135 et
1148 5070 1278 5136 fide
1322 5070 1556 5136 merito
1602 5067 2067 5141 dubitaremus.
2127 5081 2192 5134 et

209 5166 271 5232 si
317 5163 535 5230 hodie
587 5159 799 5240 potuit
859 5167 924 5222 et
980 5156 1208 5236 voluit,
1269 5176 1498 5222 crasne
1556 5156 1762 5240 possit
1803 5165 1870 5220 et
1912 5156 2078 5222 velit
2119 5156 2192 5222 in

210 5251 509 5318 dubium
555 5265 818 5312 vocare.
905 5242 1079 5308 Nam
1123 5241 1425 5310 homines
1468 5263 1599 5308 non
1643 5240 1890 5308 habent
1931 5262 2193 5327 semper

2297 530 2707 590 constantem
2768 520 3192 601 voluntatem,
3254 542 3465 605 neque
3524 522 3882 606 potentiam
3942 529 4008 587 et
4052 521 4229 587 vires

2295 606 2735 675 immutabiles
2777 615 2847 670 et
2887 607 3260 672 continuas:
3306 609 3524 692 itaque
3562 608 3618 675 si
3655 616 3828 674 esset
3860 607 4021 690 ipsis
4041 605 4231 673 Deus

2295 696 2562 777 similis,
2623 693 2950 758 diceretur
3013 713 3146 757 non
3213 693 3519 759 omnibus
3583 714 3772 780 posse
3837 693 4227 772 satisfacere,

2296 781 2468 846 alios*
2499 781 2692 846 etiam
2752 797 2892 843 esse
2937 779 3046 861 qui
3089 799 3161 843 se
3210 778 3507 845 adiuvari
3551 782 3633 847 ab
3677 782 3818 863 ipso
3863 779 4228 863 postulent:

2294 886 2369 933 ac
2414 864 2685 949 proinde
2731 863 2909 930 dubii
2953 883 3209 946 semper
3262 866 3752 944 haesitaremus,
3812 863 4230 950 quemadmo-

2296 951 2451 1017 dum
2497 953 2611 1035 qui
2670 950 2753 1015 ab
2813 949 3183 1015 hominibus
3238 950 3527 1034 pendent
3579 953 3742 1016 nihil
3805 953 4065 1016 firmum
4113 950 4226 1015 ha-

2294 1038 2453 1103 bent
2497 1057 2710 1120 neque
2754 1034 3004 1100 stabile.
3094 1033 3225 1101 Sed
3271 1037 3341 1100 in
3387 1038 3601 1103 Deum
3648 1036 3812 1102 nihil
3859 1036 3989 1102 tale
4033 1035 4226 1102 cadit.

2291 1124 2464 1189 Nam
2518 1123 2634 1206 qui
2692 1121 2835 1187 heri
2892 1128 3122 1203 potens
3178 1121 3322 1202 fuit,
3389 1123 3612 1187 eadem
3681 1122 3873 1189 hodie
3940 1123 4231 1206 potentia

2293 1209 2626 1294 praeditus
2670 1215 2802 1273 est:
2848 1208 2957 1289 qui
2996 1205 3219 1286 bonus,
3256 1207 3483 1273 eadem
3522 1209 3841 1274 bonitate:
3885 1228 4084 1292 quare
4119 1208 4228 1290 qui

2292 1318 2410 1380 pro
2465 1316 2585 1362 sua
2643 1313 2799 1378 erga
2854 1314 2973 1359 nos
3034 1293 3365 1359 voluntate
3409 1294 3619 1359 voluit
3665 1295 3867 1360 nostri
3914 1295 4228 1372 misereri,

2293 1401 2629 1465 nunquam
2674 1380 2915 1443 mutari
2960 1386 3191 1463 potest,
3249 1379 3363 1445 sed
3409 1380 3683 1445 eandem
3730 1400 3989 1463 semper
4032 1378 4227 1444 fidem

2294 1478 2361 1531 et
2402 1465 2834 1533 constantiam
2882 1466 3139 1529 retinet.
3229 1465 3338 1530 Ex
3381 1466 3654 1531 istorum
3698 1466 3903 1549 igitur
3946 1486 4227 1531 comme-

2293 1554 2654 1618 moratione
2694 1550 2883 1615 facile
2927 1549 3309 1634 colligimus,
3355 1552 3481 1617 Dei
3526 1552 3845 1616 auxilium
3892 1572 4227 1635 nunquam

2292 1638 2481 1705 nobis
2559 1636 2963 1702 defuturum:
3044 1635 3155 1700 sed
3236 1636 3780 1719 quomadmodum
3860 1638 4230 1720 praeteritis

2294 1723 2696 1807 temporibus
2761 1721 2958 1804 iuvit,
3037 1724 3231 1786 etiam
3300 1723 3367 1787 in
3435 1725 3761 1804 praesenti
3830 1724 4227 1802 adiuturum,

2294 1812 2484 1876 modo
2544 1831 2628 1875 ne
2688 1810 2812 1892 ipsi
2871 1806 3336 1891 impedimento
3393 1811 3616 1874 simus.
3705 1809 3847 1874 Nae
3905 1809 3999 1874 sic
4045 1808 4229 1874 decet

2294 1920 2414 1963 nos
2457 1915 2711 1962 sacram
2754 1893 3144 1976 scripturam
3188 1895 3255 1958 in
3297 1914 3491 1959 usum
3529 1903 3826 1960 nostrum
3864 1894 4126 1972 referre,
4163 1902 4232 1960 et

2295 1984 2421 2049 Dei
2479 1981 2794 2047 beneficia
2850 1980 3202 2063 praeterita
3257 1982 3326 2043 in
3371 1981 3930 2045 confirmationem
3976 1980 4229 2046 futuro-

2293 2091 2441 2135 rum
2511 2086 2862 2133 assumere.
2964 2065 3135 2129 Nam
3200 2074 3267 2130 et
3329 2067 3594 2131 firmum
3657 2066 3826 2131 illud
3890 2067 3956 2131 in
4027 2067 4230 2133 sacris

2292 2157 2565 2239 ponitur
2620 2150 3146 2228 fundamentum,
3206 2151 3419 2216 Deum
3480 2172 3813 2235 nunquam
3857 2153 4228 2236 relinquere

2293 2240 2750 2324 imperfectum
2785 2258 2945 2320 opus
2969 2255 3283 2301 manuum
3321 2256 3618 2302 suarum:
3665 2236 3778 2304 sed
3814 2238 3982 2321 quod
4027 2236 4226 2304 semel

2291 2326 2536 2408 incepit
2610 2323 2693 2389 ad
2777 2344 2974 2388 suum
3044 2323 3244 2387 finem
3303 2322 3678 2405 perducere.
3783 2322 4226 2405 Quamobrem

2293 2412 2493 2479 semel
2550 2410 2617 2474 in
2677 2429 2863 2475 suam
2907 2407 3278 2473 clientelam
3323 2416 3389 2473 et
3433 2410 3706 2475 tutelam
3751 2422 4043 2494 receptos
4086 2429 4231 2474 cero

2293 2507 2436 2563 tum
2479 2505 2583 2562 est
2625 2514 2962 2577 nunquam
3007 2492 3491 2572 derelicturum,
3536 2504 3604 2560 et
3646 2496 3846 2561 semel
3883 2506 4077 2578 atque
4113 2495 4227 2560 ite-

2294 2605 2439 2648 rum
2485 2592 2741 2663 ereptos
2785 2602 2865 2644 ex
2908 2579 3220 2664 periculis
3267 2600 3603 2662 nunquam
3640 2581 4074 2659 desert-urum,
4113 2579 4227 2646 sed

2294 2689 2551 2752 semper
2593 2674 2960 2731 tutaturum
2999 2678 3064 2729 et
3099 2664 3518 2731 defensurum
3559 2665 3762 2735 donec
3797 2669 3867 2732 in
3892 2678 4229 2732 aeternam

2295 2754 2574 2821 salutem
2620 2750 2886 2817 tandem
2935 2750 3293 2816 incolumes
3337 2748 3698 2819 deduxerit.
3789 2753 3967 2819 Hinc
4026 2753 4231 2838 igitur

2295 2846 2570 2924 apparet
2631 2836 2809 2903 unde
2875 2846 3181 2902 nascatur
3258 2835 3373 2901 illa
3438 2837 3507 2901 in
3585 2837 3772 2904 nobis
3850 2837 4230 2916 diffidentia,

2295 2946 2496 3009 quum
2557 2921 2861 3007 periculis
2919 2920 3073 2987 hinc
3129 2921 3283 2986 inde
3326 2943 3657 3006 urgemur,
3701 2945 3903 3006 quum
3948 2923 4230 2989 rumori·

2295 3013 2418 3078 bus
2461 3018 2807 3093 terremur,
2852 3028 3052 3091 quum
3097 3006 3394 3072 hostibus
3437 3010 3840 3075 saevissimis
3883 3010 4229 3094 cingimur,

2295 3117 2496 3181 quum
2543 3095 2821 3178 deniqne
2865 3101 3045 3158 metu
3089 3093 3495 3160 imminentis
3551 3096 3736 3160 exitii
3790 3095 4228 3180 percellimur,

2296 3203 2530 3265 nempe
2575 3203 2658 3246 ex
2702 3179 3030 3246 oblivione
3075 3177 3452 3245 divinorum
3497 3179 3955 3246 beneficiorum
4039 3181 4233 3248 uibus

2295 3277 2489 3333 antea
2544 3267 2784 3332 fuimus
2842 3264 3079 3339 affecti,
3144 3264 3258 3331 sed
3327 3285 3492 3349 quae
3558 3267 3778 3331 statim
3845 3268 3988 3333 exci
4036 3273 4233 3334 erunt

2294 3354 2486 3421 nobis
2530 3361 2597 3418 et
2652 3351 2861 3418 veluti
2920 3349 3196 3435 pedibus
3252 3351 3626 3418 conculcata
3684 3361 3856 3418 sunt.
3945 3352 4119 3418 Nam
4173 3351 4232 3418 si

2295 3439 2375 3506 de
2418 3438 2551 3505 illis
2594 3439 2780 3517 serio,
2839 3447 2916 3501 ut
2957 3457 3079 3520 par
3134 3444 3253 3516 est,
3317 3438 3774 3521 cogitaremus,
3834 3446 4087 3506 certum
4132 3445 4233 3505 est

2295 3547 2417 3594 nos
2460 3527 2527 3590 in
2573 3522 2855 3590 Davidis
2898 3522 3290 3588 sententiam
3348 3523 3796 3605 conclusuros,
3852 3523 4073 3591 Deum
4117 3523 4232 3608 qui

2296 3622 2491 3678 antea
2536 3610 2721 3677 nobis
2764 3609 2836 3673 in
2881 3606 3076 3674 rebus
3120 3609 3418 3692 angustis
3452 3609 3680 3691 adfuit,
3724 3611 3922 3676 etiam
3959 3610 4234 3677 adverso

2295 3707 2592 3781 tempore
2636 3695 3037 3773 adfuturum,
3074 3714 3158 3759 ex
3194 3694 3502 3777 periculis
3538 3703 3934 3779 erepturum,
3972 3720 4055 3763 ex
4091 3697 4233 3763 luto

2295 3800 2362 3849 et
2424 3803 2624 3849 coeno
2688 3783 2828 3866 ipso
2893 3787 3367 3860 retracturum;
3457 3788 3525 3846 et
3614 3781 3928 3849 adversus
4010 3783 4232 3849 hostes

2295 3879 2554 3935 nostros
2598 3868 3078 3944 dimicaturum,
3138 3875 3207 3930 et
3268 3865 3494 3950 ”lypeo
3552 3868 3803 3951 gratiae
3846 3869 4053 3952 ipsius
4098 3878 4228 3935 teo·

2297 3964 2397 4021 tos
2441 3954 2828 4020 miraculose
2873 3973 2954 4016 ex
2998 3952 3290 4034 ipsorum
3336 3953 3629 4018 faucibus
3672 3962 4073 4038 erepturum.
4161 3954 4231 4020 Is

2295 4041 2475 4108 enim
2518 4047 2619 4106 est
2660 4039 2773 4123 qui
2817 4037 3244 4103 afflictionum
3293 4037 3800 4105 amaritudinem
3843 4062 3963 4107 sua
4008 4040 4233 4106 dulce·

2296 4127 2450 4192 dine
2518 4126 2680 4190 lenit
2744 4122 3060 4207 siquidem
3130 4121 3338 4188 bonus
3404 4133 3524 4203 est,
3591 4133 3655 4189 et
3714 4127 3966 4192 bonitas
4024 4128 4043 4191 i
4094 4125 4233 4192 sius

2295 4233 2453 4297 erga
2497 4232 2653 4277 suos
2695 4219 3053 4293 permanet.
3141 4207 3364 4290 Quare
3410 4208 3733 4277 discamus
3790 4213 3884 4276 ita
3928 4233 4031 4277 me
4079 4211 4230 4276 itari

2297 4298 2467 4363 bona
2500 4318 2669 4381 quae
2691 4297 2817 4362 Dei
2855 4316 3058 4360 manu
3092 4297 3523 4381 percepimus,
3569 4309 3643 4362 ut
3686 4319 3816 4363 non
3863 4296 4230 4363 dubitemus

2297 4384 2455 4469 quin
2501 4384 2555 4449 si
2603 4403 2724 4449 nos
2769 4382 2839 4446 in
2882 4381 2963 4446 iis
3007 4382 3515 4464 exercuerimus,
3580 4390 3645 4448 et
3703 4404 3893 4448 omne
3937 4381 4230 4448 studium

2296 4481 2590 4537 nostrum
2637 4466 3067 4553 posuerimus,
3128 4488 3286 4534 vera
3330 4467 3568 4534 fiducia
3611 4489 3759 4534 cum
3804 4489 3964 4534 vera
4006 4489 4231 4535 conso-

2293 4555 2536 4621 latione
2595 4554 2944 4621 coniuncta
2999 4555 3375 4618 muniamur
3433 4562 3500 4618 et
3542 4575 3875 4619 armemur
3916 4553 4232 4620 adversus

2295 4661 2718 4726 quaecunque
2761 4640 3136 4723 ingruerint
3192 4640 3261 4704 in
3307 4660 3426 4704 nos
3469 4640 3774 4722 pericula,
3820 4651 4071 4707 certum
4115 4661 4230 4705 ex-

2294 4738 2665 4812 spectantes
2709 4727 2790 4793 ab
2833 4726 2976 4810 ipso
3019 4726 3361 4806 auxilium,
3416 4738 3484 4790 et
3528 4724 3733 4792 veluti
3778 4727 3910 4790 iam
3956 4733 4230 4791 stratam

2293 4813 2376 4879 ad
2418 4815 2638 4896 ipsum
2684 4810 3122 4879 invocandum
3173 4811 3344 4876 viam
3391 4810 3727 4890 habentes,
3764 4832 3847 4877 ne
3890 4832 4237 4878 vereamur

2292 4902 2514 4984 ipsum
2615 4897 2868 4966 recibus
2921 4897 3339 4980 interpellare
3412 4895 3590 4963 dubii
3648 4905 3714 4963 et
3771 4897 4005 4963 incerti
4065 4897 4237 4963 sitne

2293 5007 2414 5051 nos
2472 5006 2560 5050 au
2606 4987 2819 5052 iturus
2875 5002 3115 5048 annon.
3206 4982 3382 5050 Sane
3446 4984 3651 5050 fateor
3711 5003 3829 5049 nos
3895 5005 4025 5050 non
4091 5005 4233 5050 esse

2291 5072 2453 5138 adeo
2497 5071 2697 5137 duros
2740 5079 2807 5136 et
2849 5069 3132 5148 hebetes,
3190 5079 3264 5133 ut
3320 5090 3586 5136 sensum
3647 5090 3909 5136 omnem
3970 5071 4231 5136 exueri-

2293 5179 2475 5223 mus:
2532 5178 2688 5222 nam
2751 5155 2807 5222 si
2863 5154 3168 5240 periculis
3227 5155 3422 5221 nullis
3468 5158 3893 5236 afficeremur,
3937 5157 4119 5222 nulla
4163 5156 4234 5222 in

2294 5244 2517 5311 Deum
2572 5242 2813 5312 fiducia
2869 5248 3096 5310 nostra
3138 5249 3327 5321 esset,
3388 5242 3503 5308 sod
3549 5254 3857 5327 tanquam
3906 5243 4125 5310 trunci
4170 5249 4238 5308 et
