5059 6059
300 293 403 359 413

1600 295 1703 362 IN
1747 295 1802 362 1.
1846 295 2030 365 LIB.
2079 293 2481 365 SAMUEL.
2527 294 2728 364 OAP.
2773 295 2897 362 IV.

4116 305 4247 370 414

300 494 518 555 menter
574 484 709 550 falli
767 483 1046 552 Iudaeos
1109 484 1316 567 docet,
1381 486 1457 564 si,
1528 485 1757 570 templi
1822 493 2186 570 praetextu,
2294 483 2517 566 Quare
2575 505 2778 569 quum
2822 485 2955 551 iam
2997 505 3038 552 a
3081 487 3311 554 multis
3369 487 3649 555 saeculis
3708 488 4014 558 homines
4070 512 4244 559 vana

295 576 482 641 Deum
521 570 641 637 sibi
686 571 1124 655 propinquum
1168 571 1626 639 auxiliatorem
1672 573 1830 653 fore,
1885 581 1955 639 et
2015 572 2189 655 quod

296 680 420 726 eum
490 657 822 723 sacrificiis
909 658 1137 724 multis
1205 657 1429 724 colant
1492 657 1871 724 devinctum
1949 659 2188 725 habere

292 742 712 894 persluaideant.
803 742 980 895 Hulic
1036 743 1759 895 dmnw'ffizitzmmiffl
1844 744 2192 896 prophelt'z

288 853 367 899 sic
437 852 472 894 u
519 848 669 894 aeos
710 849 900 913 repre
950 851 1032 895 en
1079 849 1229 896 ens:
1536 830 1835 911 confidere
1876 851 1947 897 m
1987 851 2095 896 ver

288 916 581 994 mendacii,
601 914 868 981 dicentes
881 940 901 981 .·
926 916 1255 998 Templum
1268 914 1554 993 Domini,
1589 916 1884 998 tentplum
1905 915 2190 997 Domini,

282 1001 541 1083 tenplum
582 999 852 1066 Domini
893 1006 1001 1068 cst.
1093 1002 1427 1084 Numquid
1468 1003 1636 1068 enim
1675 1002 1971 1083 spelunca
2004 1002 2192 1070 latro-

282 1087 995 1169 mfactaestdomus
1050 1089 1200 1170 isto,
1243 1089 1485 1168 inqua
1536 1089 1888 1154 invocatum
1941 1094 2031 1155 est
2080 1108 2191 1154 no-

276 1195 396 1240 mon
433 1191 635 1238 metm
667 1174 739 1238 in
784 1173 982 1240 oculis
1020 1173 1292 1240 vestris?
1352 1172 1545 1239 Abite
1586 1176 1722 1241 iam
1762 1179 1818 1240 ot
1850 1175 2031 1241 micas
2064 1173 2191 1240 alis

277 1259 550 1344 tcyimini.
640 1259 853 1324 Porro
894 1282 1027 1326 non
1073 1262 1272 1326 unius
1315 1259 1568 1336 aetatis,
1615 1260 1760 1345 loci,
1819 1269 1936 1326 aut
1977 1260 2189 1344 regio-

273 1348 365 1411 nis
402 1345 754 1429 proprium,
812 1344 929 1410 sed
971 1347 1266 1412 omnium
1313 1356 1624 1422 aetatum,
1683 1346 1999 1428 locorum,
2042 1366 2188 1429 per-

272 1450 589 1498 sonarum:
658 1440 888 1514 utpote
935 1434 1242 1499 omnibus
1277 1443 1514 1496 natura
1546 1431 1818 1498 insitum
1853 1432 1982 1498 fuit
2012 1429 2189 1498 istud

272 1517 502 1582 vitium.
569 1517 766 1601 Nam,
809 1536 944 1601 oro,
988 1538 1191 1601 quam
1233 1517 1461 1583 multis
1504 1518 1784 1585 subinde
1823 1519 2012 1584 novis
2053 1516 2190 1583 cul·

269 1603 425 1668 tibus
456 1608 523 1667 et
553 1607 1090 1687 ἐθελοθρησκεεως
1122 1604 1420 1673 homines
1452 1601 1576 1668 sibi
1596 1603 1818 1673 Deum
1846 1605 2191 1673 conciliare

268 1688 527 1767 student,
589 1697 658 1755 et
712 1689 780 1754 in
824 1690 905 1755 iis
949 1693 1375 1774 pertinaciter
1418 1692 1824 1759 adhaerent?
1910 1691 2189 1757 Interim

266 1775 423 1840 vitiis
463 1775 603 1840 suis
646 1774 1014 1860 indulgent,
1073 1798 1148 1843 ac
1210 1777 1405 1845 rebus
1448 1778 1755 1845 inanibus
1797 1778 2019 1844 Deum
2075 1776 2189 1844 de·

267 1861 527 1926 mulcere
569 1874 642 1927 et
684 1860 946 1944 placare
987 1862 1271 1944 student,
1316 1873 1479 1949 puta
1514 1866 1806 1930 externis
1839 1864 2187 1949 gesticula-

265 1946 547 2024 tionibus,
618 1955 689 2012 et
750 1948 958 2030 siguis
1021 1948 1093 2014 in
1159 1950 1381 2016 oculos
1444 1951 1955 2027 incurrentibus,
2013 1948 2185 2033 quod

261 2032 459 2097 Deum
501 2054 651 2099 esse
693 2034 997 2115 spiritum
1054 2036 1273 2101 animo
1329 2058 1459 2102 non
1518 2037 2061 2120 contemplentur,
2112 2054 2189 2101 ac

260 2118 510 2200 proinde
540 2119 800 2184 cultum
837 2119 977 2184 eius
1013 2122 1214 2186 etiam
1250 2122 1658 2205 spiritualem
1693 2144 1835 2188 esse
1868 2132 2186 2205 oportere,

260 2202 415 2284 quod
449 2202 613 2269 dicit
633 2204 946 2270 Ioannes:
990 2204 1171 2273 Deus
1211 2213 1300 2273 cst
1339 2209 1628 2291 spiritus,
1674 2214 1731 2273 et
1769 2208 1879 2289 qui
1921 2207 2189 2273 adoram

260 2308 401 2368 eum,
438 2295 678 2372 oportet
718 2295 789 2356 ut
828 2291 1067 2374 spiritu
1108 2313 1183 2358 ac
1223 2296 1474 2359 veritate
1513 2296 1790 2360 adorent.
1858 2293 2183 2376 Exemplo

257 2384 379 2440 esto
422 2376 749 2460 papistica
791 2378 1171 2459 superstitio
1215 2389 1283 2443 et
1324 2379 1737 2445 idolomania.
1808 2378 1973 2444 Nam
2017 2398 2185 2461 quae

253 2459 460 2526 Iudaei
504 2463 591 2527 de
637 2483 791 2528 arca
832 2463 948 2529 illa
989 2463 1237 2530 visibili
1280 2475 1650 2546 senserunt,
1705 2465 1932 2531 eadem
1989 2464 2183 2529 hodie

251 2547 529 2630 papistae
603 2548 741 2613 suis
807 2547 942 2615 illis
1004 2549 1198 2616 idolis
1263 2551 1654 2617 attribuunt.
1742 2552 1834 2616 Et
1893 2550 2181 2633 quidem,

252 2631 401 2714 proh
465 2633 695 2699 dolorl
786 2634 981 2717 longe
1044 2644 1200 2702 sunt
1262 2638 1617 2721 papisticus
1677 2639 2185 2719 ἐθελοθρησκείαι

250 2716 616 2796 deteriores,
671 2728 739 2784 et
793 2740 943 2785 cum
999 2723 1465 2806 superstitione
1508 2724 1754 2789 maiore
1796 2723 2181 2789 coniunctae

248 2823 425 2885 quam
466 2804 876 2871 Iudaeorum
918 2806 1074 2871 olim
1117 2808 1287 2874 ritus
1328 2815 1396 2873 et
1435 2809 1901 2874 caeremoniae.
1994 2808 2183 2873 Deus

246 2890 407 2954 enim
462 2892 758 2957 iusserat
813 2913 967 2958 arca
1007 2892 1122 2959 illa
1166 2893 1376 2978 legem
1432 2915 1622 2960 suam
1663 2893 1944 2971 includi,
2012 2912 2179 2975 quae

245 2972 375 3040 ideo
417 2998 573 3044 arca
625 2977 903 3044 foederis
948 2978 1315 3047 vocabatur.
1386 2980 1567 3061 Quin
1603 2982 1803 3046 etiam
1837 2976 2181 3045 accedebat

246 3057 451 3128 divina
504 3065 884 3146 promissio,
949 3063 1031 3131 de
1085 3066 1166 3131 iis
1221 3067 1335 3149 qui
1390 3066 1477 3132 ad
1529 3065 1713 3132 illam
1757 3075 2180 3149 precarentur

245 3149 690 3215 exaudiendis.
782 3148 915 3216 Sed
959 3150 1257 3234 papistae
1300 3173 1386 3218 ne
1429 3151 1751 3236 syllabam
1797 3153 2060 3235 quidem
2104 3151 2177 3215 in

244 3241 367 3298 tota
404 3236 747 3320 scriptura
790 3237 1198 3303 ostenderint
1240 3259 1367 3320 qua
1410 3238 1627 3304 cultus
1667 3238 1780 3303 ille
1822 3258 1982 3304 suus
2026 3256 2178 3320 pro·

240 3316 433 3401 betur,
492 3342 574 3388 ac
638 3322 1030 3388 nominatim
1089 3324 1369 3408 insignis
1422 3324 1540 3389 illa
1599 3323 2001 3408 blasphemia
2048 3341 2180 3406 qua

242 3407 683 3473 vociferantur
755 3415 825 3472 et
888 3410 1097 3493 magis
1161 3410 1552 3477 clamoribus
1613 3419 1909 3490 tuentur,
1974 3411 2180 3474 frusto

242 3492 414 3571 panis
480 3494 619 3560 Dei
688 3497 1124 3577 praesentiam
1188 3496 1542 3575 contineri,
1614 3498 1747 3561 imo
1815 3497 2028 3561 Deum
2096 3515 2180 3560 ex

240 3596 397 3657 pane
460 3579 582 3644 illo
654 3581 820 3645 fieri.
930 3580 1258 3663 Equidem
1322 3602 1604 3666 agnosco
1670 3583 1837 3647 tueri
1901 3603 1971 3647 se
2034 3581 2181 3647 illos

237 3662 445 3732 verbis
468 3665 753 3731 Domini
786 3666 998 3732 nostri
1042 3667 1194 3734 Iesu
1238 3667 1511 3745 Christi,
1555 3666 1670 3734 sed
1713 3687 1881 3751 quae
1925 3665 2179 3732 adulte-

236 3761 375 3814 rant
412 3763 477 3816 et
524 3762 993 3835 corrumpunt.
1061 3751 1196 3819 Sed
1241 3775 1385 3838 age,
1428 3773 1724 3819 crassum
1768 3754 1956 3819 illum
2000 3773 2180 3818 erro·

234 3854 368 3899 rem
410 3837 488 3903 de
532 3839 673 3903 Dei
719 3840 1086 3921 praesentia
1144 3860 1312 3922 pano
1368 3839 1693 3923 conclusa,
1747 3850 2177 3917 transeamus,

233 3921 436 4003 qualis
489 3934 600 3990 est
665 3923 931 3989 illorum
991 3925 1059 3989 in
1120 3945 1357 4010 genere
1416 3925 1497 3991 de
1555 3925 2004 4000 sacramentis,
2062 3944 2179 3990 seu

237 4006 437 4091 signis
481 4008 868 4076 visibilibus
909 4011 1278 4075 sententia?
1365 4011 1539 4077 Nam
1582 4012 1767 4076 aiunt
1810 4011 2018 4093 signis
2063 4031 2177 4075 ex-

233 4097 433 4161 ternis
475 4097 575 4161 ita
626 4095 757 4160 Dei
798 4096 1080 4180 gratiam
1123 4097 1460 4175 contineri,
1522 4106 1597 4162 ut
1638 4097 1925 4180 separari
1970 4107 2039 4161 et
2081 4096 2178 4160 di-

236 4178 385 4244 velli
424 4182 509 4247 ab
554 4181 699 4247 illis
737 4203 872 4248 non
916 4182 1137 4265 possit,
1193 4184 1319 4248 nisi
1362 4191 1699 4266 peccatum
1741 4184 2015 4248 mortale
2057 4184 2179 4247 im-

230 4267 690 4348 pedimentum
776 4269 1086 4334 attulerit.
1210 4269 1453 4335 Annon
1528 4269 1651 4335 hac
1725 4270 1978 4334 ratione
2055 4267 2177 4334 sibi

230 4351 443 4419 Deum
512 4354 909 4420 devinciunt
970 4363 1039 4420 et
1101 4355 1337 4421 ritibus
1399 4356 1691 4420 externis
1751 4354 2043 4439 alligant,
2109 4363 2175 4419 et

226 4449 541 4523 tanquam
592 4442 778 4525 magi
821 4449 889 4505 et
928 4441 1368 4507 incantatores
1410 4462 1565 4507 suas
1604 4441 1754 4507 illas
1799 4461 2027 4524 nugas,
2076 4443 2174 4505 in·

224 4528 665 4603 cantationes,
710 4527 1210 4611 coniurationes,
1255 4548 1331 4593 ac
1352 4527 1630 4611 denique
1651 4528 2176 4611 gesticulationes

221 4621 283 4676 et
322 4611 557 4678 inania
604 4629 979 4678 commenta
1033 4634 1152 4696 pro
1210 4615 1386 4679 veris
1444 4614 1678 4679 ritibus
1719 4634 1795 4679 ac
1838 4611 1982 4677 Deo
2026 4632 2176 4695 pro·

220 4695 387 4764 batis
432 4698 751 4764 vendunt
794 4709 859 4763 et
903 4701 1204 4765 omnibus
1240 4699 1498 4783 probari
1536 4697 1811 4764 volunt?
1873 4697 2176 4765 Crassior

220 4783 427 4867 igitur
470 4786 764 4850 istorum
808 4805 991 4850 error
1032 4798 1131 4851 est
1172 4807 1366 4869 quam
1412 4783 1823 4862 Iudaeorum,
1868 4805 2031 4867 quos
2075 4793 2174 4848 ta-

218 4891 369 4935 men
414 4872 532 4936 hic
582 4872 775 4956 argui
822 4871 1118 4937 videmus
1173 4882 1238 4936 et
1281 4871 1363 4937 ab
1403 4871 1578 4937 Isaia
1619 4872 1913 4955 graviter
1951 4890 2173 4953 repre-

216 4954 439 5022 hendi.
503 4956 690 5022 Nam
714 4956 928 5022 hocin
956 4956 1186 5040 primis
1229 4956 1690 5035 damnandum,
1737 4956 1909 5039 quod
1944 4976 2174 5038 super·

213 5043 473 5108 stitiose
492 5044 639 5109 Dei
673 5043 887 5127 gratia
927 5044 1317 5110 transfertur
1360 5043 1444 5109 ad
1487 5064 1593 5109 res
1636 5055 1915 5109 creatas:
1939 5041 2174 5108 deinde

214 5128 437 5194 inanis
480 5131 874 5214 arrogantia
916 5149 1047 5212 qua
1110 5129 1319 5212 signis
1382 5129 1676 5195 externis
1719 5128 2171 5211 adhaerentes,

211 5214 434 5282 Deum
522 5222 758 5281 tamen
832 5216 1043 5299 ipsum
1125 5215 1249 5281 sibi
1313 5212 1685 5284 devinctum
1751 5214 2172 5281 arbitrantur.

2291 579 2607 655 turgeant
2639 573 3012 654 arrogantia
3032 582 3100 638 et
3139 574 3620 656 superstitione,
3664 584 3735 640 et
3775 574 3970 644 hodie
4006 578 4241 646 vitium

2292 656 2466 722 istud
2512 655 2706 743 louge
2750 660 3136 738 excreverit,
3196 659 3521 726 discamus
3581 662 3792 745 signis
3836 665 4132 730 externis
4175 677 4243 731 et

2292 742 2661 808 visibilibus
2726 763 2920 809 suum
2985 766 3176 810 usum
3244 745 3605 831 legitimum
3675 746 3860 813 dare:
3925 750 4241 818 nimirum

2291 839 2367 894 ut
2417 827 2548 894 illis
2581 827 2857 896 ducibus
2894 830 2976 896 ad
3013 829 3379 896 Dominum
3416 842 3713 898 nostrum
3749 833 3974 900 Iesum
4008 834 4241 903 Chris-

2293 923 2454 994 tum,
2514 923 2584 980 et
2623 914 2891 981 Christo
2947 914 3114 981 duee
3167 916 3251 982 ad
3292 917 3512 983 Deum
3573 929 3831 1002 patrem
3876 920 4238 988 veniamus.

2293 999 2451 1066 Istis
2506 1003 2684 1065 enim
2731 1001 3043 1084 gradibus
3084 1001 3168 1067 ad
3213 1004 3553 1069 veritatem
3600 1003 3750 1071 duci
3795 1027 3918 1072 nos
3960 1017 4237 1089 oportet.

2296 1086 2605 1169 Alioquin
2649 1087 2719 1151 in
2764 1086 2942 1151 idola
2985 1089 3541 1155 transformantur
3586 1101 4014 1173 sacramenta,
4062 1094 4233 1177 quod

2292 1170 2546 1237 faciunt
2588 1172 2903 1255 papistae,
2947 1193 3023 1241 ac
3113 1175 3340 1241 roinde
3362 1175 3670 1243 Christus
3706 1177 3981 1256 vilescit,
4026 1179 4240 1246 nullo-

2293 1277 2419 1340 que
2463 1257 2603 1324 looo
2646 1269 2764 1335 est,
2809 1267 2877 1324 et
2918 1259 3014 1324 ita
3125 1281 3240 1326 eus
3275 1262 3357 1327 ab
3400 1260 3532 1326 illis
3573 1261 3831 1341 colitur,
3891 1275 3968 1328 ut
4024 1285 4096 1330 se
4138 1265 4161 1330 i
4211 1301 4241 1317 ·

2292 1364 2401 1408 sos
2444 1364 2580 1409 non
2618 1343 2838 1409 Deum
2880 1355 3218 1427 quaerant.
3306 1346 3549 1430 Ecquis
3582 1349 3714 1413 iam
3763 1370 3897 1414 non
3940 1350 4160 1416 anima
4209 1388 4237 1401 -

2293 1429 2493 1494 vertit
2535 1449 2730 1513 quam
2773 1429 3156 1514 blasphema
3195 1432 3283 1498 sit
3325 1432 3442 1498 illa
3484 1433 3798 1514 doctrina,
3850 1455 3978 1518 qua
4020 1457 4235 1502 sacra·

2293 1525 2514 1580 menta
2570 1515 2699 1580 alio
2762 1514 2901 1581 loco
2967 1517 3292 1584 habentur
3355 1539 3553 1601 quam
3617 1520 4231 1602 instrumentorum,

2291 1600 2528 1683 quibus
2570 1601 2755 1668 Deus
2797 1602 2867 1667 in
2924 1602 3110 1669 nobis
3152 1624 3271 1687 per
3313 1615 3615 1670 sanctum
3659 1606 3961 1688 spiritum
4006 1626 4235 1691 opera·

2294 1695 2420 1764 tur,
2477 1688 2664 1770 quasi
2723 1688 2887 1754 insit
2937 1689 3007 1754 in
3070 1690 3230 1772 ipsis
3272 1689 3480 1775 signis
3523 1702 3761 1756 natura
3803 1691 4126 1775 quaedam
4169 1705 4236 1760 et

2295 1771 2527 1837 innata
2605 1773 2705 1839 vis
2769 1774 2839 1838 in
2905 1774 3093 1840 nobis
3156 1774 3516 1859 operandi?
3628 1775 3869 1858 Quasi,
3949 1779 4233 1863 exempli

2291 1858 2525 1941 gratia,
2583 1878 2754 1940 aqua
2810 1859 2881 1924 in
2934 1859 3257 1943 baptismo
3313 1860 3538 1927 sordes
3586 1876 3845 1928 nostras
3885 1872 3954 1929 et
3993 1865 4233 1949 iniqui·

2291 1952 2460 2008 tates
2524 1944 2840 2023 ablueret,
2907 1966 2985 2013 ac
3046 1946 3321 2029 proinde
3385 1947 3638 2014 Christi
3717 1949 3984 2033 sanguis
4061 1963 4233 2017 esset

2287 2027 2562 2096 inutilis.
2674 2029 3124 2111 Quamobrem
3187 2033 3493 2117 Papistas
3574 2033 3875 2100 videmus
3941 2036 4228 2120 primum

2288 2117 2599 2199 ignorare
2651 2115 2873 2181 Iesum
2931 2116 3271 2184 Christum
3351 2140 3493 2186 esse
3570 2140 3799 2186 veram
3883 2123 4227 2188 materiam

2287 2213 2354 2266 et
2396 2200 2828 2267 substantiam
2871 2205 3286 2288 sacramenti,
3329 2213 3399 2271 et
3436 2206 3508 2269 iu
3551 2205 3740 2272 nobis
3774 2227 3891 2290 per
3925 2217 4228 2274 sanctum

2288 2285 2597 2369 spiritum
2626 2289 2904 2370 operari,
2949 2300 3016 2354 et
3059 2310 3320 2356 omnem
3358 2292 3484 2375 ipsi
3520 2292 3780 2358 laudem
3801 2303 4102 2392 oportere
4134 2303 4232 2359 at·

2288 2371 2508 2438 tribui.
2553 2374 2740 2439 Deus
2762 2375 3028 2440 enimin
3052 2375 3181 2441 illis
3203 2397 3391 2442 suam
3415 2379 3695 2461 gratiam
3720 2378 3908 2444 nobis
3943 2379 4227 2462 praebet.

2289 2456 2548 2525 Deinde
2593 2480 2723 2525 uon
2767 2480 3117 2544 agnoscere
3151 2473 3562 2529 sacramenta
3595 2464 3889 2548 reprobis
3923 2465 4229 2532 omnibus

2289 2564 2433 2610 esse
2495 2544 2781 2611 inutilia.
2886 2546 3058 2611 Nam
3124 2545 3255 2612 Dei
3326 2548 3590 2632 quidem
3663 2550 3910 2633 gratia,
3976 2549 4228 2617 Christi

2289 2630 2614 2714 sanguine
2655 2631 2844 2696 nobis
2911 2653 2985 2697 ac
3035 2632 3247 2711 uisita,
3315 2644 3533 2717 potest
3596 2636 3793 2701 etiam
3850 2636 3922 2701 in
3977 2635 4226 2720 lapides

2289 2715 2567 2781 effundi:
2627 2717 2742 2782 sed
2785 2737 2922 2782 non
2965 2651 3110 2783 ideo
3154 2727 3373 2785 tamen
3416 2720 3516 2785 illi
3559 2720 3641 2785 ad
3686 2721 4088 2788 fertilitatem
4131 2724 4222 2789 ri·

2409 2803 2452 2866 i.
2540 2801 2763 2883 Quare
2806 2824 2926 2869 nos
2980 2813 3253 2887 oportet,
3307 2805 3486 2871 istud
3544 2807 3948 2889 papistarum
3995 2808 4226 2875 vitium

2315 2887 2632 2969 ugientes,
2674 2908 2790 2953 ore
2831 2897 3056 2971 aperto
3098 2888 3181 2955 ad
3228 2891 3588 2956 Dominum
3635 2892 3978 2973 accedere,
4031 2904 4100 2959 et
4153 2895 4224 2960 in

2284 2974 2514 3056 primis
2579 2994 2936 3058 agnoscere
3001 2973 3222 3040 Deum
3286 2998 3405 3061 per
3472 2988 3880 3044 sacramenta
3957 2988 4225 3045 nostrae

2284 3058 2558 3124 ruditati
2615 3080 2758 3126 sese
2812 3060 3334 3146 accommodare,
3391 3072 3456 3128 et
3513 3062 3596 3129 ad
3653 3084 3774 3129 nos
3845 3063 4052 3129 veluti
4112 3064 4224 3131 de·

2283 3144 2616 3211 scendere.
2701 3145 2876 3210 Nam
2934 3149 2991 3211 si
3033 3146 3163 3212 fide
3205 3148 3277 3213 in
3319 3148 3533 3214 coelos
3589 3170 3799 3233 usque
3839 3160 4224 3233 penetrare-

2284 3251 2447 3310 mus,
2490 3238 2561 3295 et
2600 3232 2966 3316 angelicam
3008 3234 3477 3316 perfectionem
3519 3235 3853 3318 assequuti
3898 3235 4021 3300 Dei
4069 3257 4226 3321 gra-

2283 3316 2444 3381 tiam
2510 3336 3021 3400 assequeremur,
3077 3318 3341 3406 inutilia
3398 3321 3615 3385 forent
3666 3330 4091 3400 sacramenta,
4159 3333 4225 3387 et

2279 3401 2497 3485 potius
2542 3403 3006 3485 impedimento
3048 3425 3245 3486 quam
3289 3405 3688 3472 adiumento.
3756 3405 3977 3487 Quare
4011 3428 4219 3491 quum

2281 3508 2397 3571 per
2463 3500 2876 3554 sacramenta
2938 3510 3210 3555 manum
3275 3491 3463 3557 nobis
3519 3492 3813 3574 porrigit,
3879 3512 4014 3557 non
4080 3494 4223 3561 vult

2283 3594 2403 3639 nos
2446 3575 2518 3638 iu
2561 3574 2692 3639 illis
2752 3583 3069 3658 tanquam
3126 3577 3195 3641 in
3255 3575 3464 3642 limite
3521 3576 3893 3656 subsistere,
3960 3578 4075 3644 sed
4140 3579 4226 3646 ad

2283 3681 2357 3726 se
2418 3681 2539 3743 per
2601 3660 2719 3726 illa
2784 3681 3154 3746 assurgere:
3212 3662 3386 3745 quod
3443 3683 3646 3745 quum
3705 3683 3840 3728 nou
3881 3664 4227 3746 possimus,

2280 3745 2422 3829 ipse
2466 3745 2552 3812 ad
2597 3767 2716 3812 nos
2760 3745 3113 3814 descendit.
3180 3747 3622 3829 Quamobrem
3667 3769 3868 3832 quum
3906 3771 4224 3834 agnosca-

2281 3851 2431 3897 mus
2485 3844 2896 3898 sacramenta
2955 3843 3268 3917 tanquam
3336 3833 3732 3901 adminicula
3796 3836 3987 3902 nobis
4050 3836 4221 3916 data,

2281 3916 2517 4001 quibus
2561 3918 2645 3983 ad
2691 3917 3052 3984 Dominum
3097 3928 3397 3986 nostrum
3441 3920 3663 3987 Iesum
3709 3920 4050 3987 Christum
4105 3923 4221 3989 ad-

2281 4006 2617 4083 ducamur,
2660 4004 2847 4069 illum
2892 4026 3047 4071 vera
3090 4005 3218 4071 fide
3260 4006 3755 4089 amplectamur,
3801 4016 3869 4072 et
3903 4008 4220 4092 quidquid

2282 4089 2604 4155 bonorum
2658 4089 2990 4169 habemus,
3050 4091 3146 4155 illi
3189 4093 3308 4158 uni
3352 4104 3690 4176 acceptum
3738 4094 4041 4171 feramus,
4101 4094 4218 4176 qui

2279 4196 2398 4258 per
2460 4187 2867 4242 sacramenta
2929 4197 3049 4242 sua
3112 4178 3301 4242 nobis
3365 4198 3444 4242 ea
3508 4179 3767 4244 offerat:
3848 4190 3916 4244 et
3980 4200 4213 4261 aquam

2282 4261 2608 4345 baptismi,
2653 4262 2823 4346 quod
2867 4263 2956 4329 sit
2995 4271 3330 4329 terrenum
3376 4263 3791 4344 elementum,
3849 4286 3977 4330 non
4027 4284 4217 4347 posse

2278 4348 2484 4412 animi
2527 4348 2750 4413 sordes
2794 4347 3011 4414 eluere
3055 4349 3360 4416 sciamus.
3426 4348 3969 4433 Quandoquidem
4013 4351 4216 4434 igitur

2276 4453 2450 4516 aqua
2505 4454 2634 4499 non
2693 4443 2911 4517 potest
2966 4456 3083 4501 nos
3138 4437 3206 4499 iu
3269 4435 3474 4500 vitam
3531 4456 3765 4500 novam
3811 4444 3877 4500 et
3919 4445 4213 4501 sanctam

2277 4540 2615 4600 renovare,
2673 4540 2794 4586 nec
2851 4520 2934 4585 ad
2992 4520 3427 4587 obedientiam
3484 4520 3744 4587 divinae
3786 4521 4072 4586 iustitiae
4112 4522 4213 4586 in-

2277 4606 2584 4684 formare,
2646 4606 2769 4671 hoc
2826 4606 3041 4689 ipsum
3099 4608 3355 4674 efficere
3409 4610 3480 4671 in
3534 4607 3724 4671 nobis
3769 4606 4015 4671 Christi
4060 4628 4214 4672 san-

2276 4691 2544 4776 guinem
2587 4704 2962 4758 teneamus:
3009 4699 3078 4758 et
3117 4703 3329 4758 morte
3372 4713 3447 4759 ac
3490 4692 3962 4758 resurrectione
4005 4692 4213 4776 ipsius

2275 4779 2470 4842 istius
2537 4777 2712 4843 vitae
2791 4779 3238 4845 renovationis
3301 4779 3444 4843 fieri
3511 4798 3628 4843 nos
3685 4778 4071 4860 participes,
4138 4787 4213 4844 ut

2275 4862 2403 4928 Dei
2470 4863 2757 4929 iustitiae
2822 4885 2941 4929 nos
3008 4873 3178 4931 totos
3234 4883 3611 4931 consecrare
3662 4864 4013 4928 valeamus.
4102 4864 4211 4929 En

2274 4948 2597 5033 quomodo
2639 4950 3064 5017 sacramentis
3107 4949 3188 5014 ad
3223 4949 3442 5015 Iesum
3469 4947 3812 5015 Christum
3849 4946 4212 5016 Dominum

2274 5050 2574 5101 nostrum
2618 5034 2851 5102 adduci
2895 5056 3015 5101 uos
3052 5044 3366 5119 oporteat,
3432 5034 3718 5116 alioquin
3779 5033 4018 5101 futuris
4075 5057 4210 5102 non

2276 5131 2535 5188 tantum
2577 5122 2938 5200 inutilibus,
2984 5121 3099 5188 sed
3142 5121 3336 5186 etiam
3380 5118 3849 5203 impedimento
3891 5132 3960 5186 et
3993 5122 4209 5189 obsta-

2276 5209 2425 5275 culo
2501 5210 2850 5291 quominus
2937 5207 3020 5274 ad
3103 5207 3443 5273 Christum
3522 5206 4012 5290 perveniamus,
4097 5216 4214 5275 aut
