<?xml version="1.0" encoding="UTF-8"?>
<!DOCTYPE html PUBLIC "-//W3C//DTD XHTML 1.0 Transitional//EN"
    "http://www.w3.org/TR/xhtml1/DTD/xhtml1-transitional.dtd">
<html xmlns="http://www.w3.org/1999/xhtml" xml:lang="en" lang="en">
 <head>
  <title>
</title>
<meta http-equiv="Content-Type" content="text/html;charset=utf-8" />
  <meta name='ocr-system' content='tesseract 3.04.00' />
  <meta name='ocr-capabilities' content='ocr_page ocr_carea ocr_par ocr_line ocrx_word'/>
</head>
<body>
  <div class='ocr_page' id='page_1' title='image "./ioanniscalvinio07unkngoog_0500.png"; bbox 0 0 5059 6059; ppageno 0'>
   <div class='ocr_carea' id='block_1_1' title="bbox 883 320 1005 388">
    <p class='ocr_par' dir='ltr' id='par_1_1' title="bbox 883 320 1005 388">
     <span class='ocr_line' id='line_1_1' title="bbox 883 320 1005 388; baseline -0.008 0"><span class='ocrx_word' id='word_1_1' title='bbox 883 320 1005 388; x_wconf 80' lang='lat'>127</span> 
     </span>
    </p>
   </div>
   <div class='ocr_carea' id='block_1_2' title="bbox 886 505 2837 5309">
    <p class='ocr_par' dir='ltr' id='par_1_2' title="bbox 886 505 2831 2740">
     <span class='ocr_line' id='line_1_2' title="bbox 886 505 2820 594; baseline -0.003 -18"><span class='ocrx_word' id='word_1_2' title='bbox 886 507 1148 594; x_wconf 77' lang='lat' dir='ltr'><strong>aliquod</strong></span> <span class='ocrx_word' id='word_1_3' title='bbox 1193 505 1658 592; x_wconf 90' lang='lat' dir='ltr'>praeiudicium</span> <span class='ocrx_word' id='word_1_4' title='bbox 1704 506 2002 584; x_wconf 84' lang='lat' dir='ltr'>afferens,</span> <span class='ocrx_word' id='word_1_5' title='bbox 2061 525 2243 570; x_wconf 90' lang='lat' dir='ltr'>mera</span> <span class='ocrx_word' id='word_1_6' title='bbox 2300 507 2708 572; x_wconf 89' lang='lat' dir='ltr'>contumacia</span> <span class='ocrx_word' id='word_1_7' title='bbox 2753 516 2820 572; x_wconf 89' lang='lat' dir='ltr'>et</span> 
     </span>
     <span class='ocr_line' id='line_1_3' title="bbox 888 589 2820 676; baseline -0.003 -14"><span class='ocrx_word' id='word_1_8' title='bbox 888 595 1153 663; x_wconf 88' lang='lat' dir='ltr'>rebellio</span> <span class='ocrx_word' id='word_1_9' title='bbox 1196 591 1506 659; x_wconf 87' lang='lat' dir='ltr'>adversus</span> <span class='ocrx_word' id='word_1_10' title='bbox 1549 589 1770 658; x_wconf 89' lang='lat' dir='ltr'>Deum</span> <span class='ocrx_word' id='word_1_11' title='bbox 1815 605 1935 658; x_wconf 88' lang='lat' dir='ltr'>est.</span> <span class='ocrx_word' id='word_1_12' title='bbox 2003 590 2181 657; x_wconf 78' lang='lat' dir='ltr'>Talis</span> <span class='ocrx_word' id='word_1_13' title='bbox 2217 600 2318 655; x_wconf 90' lang='lat' dir='ltr'>est</span> <span class='ocrx_word' id='word_1_14' title='bbox 2360 589 2465 656; x_wconf 89' lang='lat' dir='ltr'>his</span> <span class='ocrx_word' id='word_1_15' title='bbox 2509 593 2820 676; x_wconf 89' lang='lat' dir='ltr'>tempori-</span> 
     </span>
     <span class='ocr_line' id='line_1_4' title="bbox 889 675 2821 767; baseline -0.002 -20"><span class='ocrx_word' id='word_1_16' title='bbox 889 683 1011 752; x_wconf 89' lang='lat' dir='ltr'>bus</span> <span class='ocrx_word' id='word_1_17' title='bbox 1055 678 1544 767; x_wconf 76' lang='lat' dir='ltr'>hypocritarum</span> <span class='ocrx_word' id='word_1_18' title='bbox 1589 678 1657 742; x_wconf 93' lang='lat' dir='ltr'>in</span> <span class='ocrx_word' id='word_1_19' title='bbox 1706 687 1947 762; x_wconf 88' lang='lat' dir='ltr'>papatu</span> <span class='ocrx_word' id='word_1_20' title='bbox 2007 675 2395 753; x_wconf 88' lang='lat' dir='ltr'>obedientia,</span> <span class='ocrx_word' id='word_1_21' title='bbox 2454 678 2567 761; x_wconf 90' lang='lat' dir='ltr'>qui</span> <span class='ocrx_word' id='word_1_22' title='bbox 2625 677 2821 762; x_wconf 85' lang='lat' dir='ltr'>longe</span> 
     </span>
     <span class='ocr_line' id='line_1_5' title="bbox 886 762 2822 852; baseline -0.002 -19"><span class='ocrx_word' id='word_1_23' title='bbox 886 767 1097 852; x_wconf 86' lang='lat' dir='ltr'>magis</span> <span class='ocrx_word' id='word_1_24' title='bbox 1162 763 1437 830; x_wconf 87' lang='lat' dir='ltr'>sollicito</span> <span class='ocrx_word' id='word_1_25' title='bbox 1504 772 1571 829; x_wconf 91' lang='lat' dir='ltr'>et</span> <span class='ocrx_word' id='word_1_26' title='bbox 1634 763 1827 828; x_wconf 76' lang='lat' dir='ltr'>anxio</span> <span class='ocrx_word' id='word_1_27' title='bbox 1892 763 2111 828; x_wconf 88' lang='lat' dir='ltr'>animo</span> <span class='ocrx_word' id='word_1_28' title='bbox 2176 762 2413 829; x_wconf 91' lang='lat' dir='ltr'>stultas</span> <span class='ocrx_word' id='word_1_29' title='bbox 2468 772 2534 828; x_wconf 87' lang='lat' dir='ltr'>et</span> <span class='ocrx_word' id='word_1_30' title='bbox 2589 762 2822 829; x_wconf 87' lang='lat' dir='ltr'>inanes</span> 
     </span>
     <span class='ocr_line' id='line_1_6' title="bbox 888 847 2822 932; baseline -0.003 -11"><span class='ocrx_word' id='word_1_31' title='bbox 888 851 1328 921; x_wconf 90' lang='lat' dir='ltr'>caeremonias</span> <span class='ocrx_word' id='word_1_32' title='bbox 1382 857 1448 913; x_wconf 87' lang='lat' dir='ltr'>et</span> <span class='ocrx_word' id='word_1_33' title='bbox 1505 849 2000 932; x_wconf 76' lang='lat' dir='ltr'>superstitiones</span> <span class='ocrx_word' id='word_1_34' title='bbox 2057 869 2096 912; x_wconf 91' lang='lat' dir='ltr'>a</span> <span class='ocrx_word' id='word_1_35' title='bbox 2161 847 2454 931; x_wconf 89' lang='lat' dir='ltr'>patribus</span> <span class='ocrx_word' id='word_1_36' title='bbox 2516 847 2822 915; x_wconf 87' lang='lat' dir='ltr'>inventas</span> 
     </span>
     <span class='ocr_line' id='line_1_7' title="bbox 890 934 2817 1019; baseline -0.003 -14"><span class='ocrx_word' id='word_1_37' title='bbox 890 947 1219 1017; x_wconf 86' lang='lat' dir='ltr'>exercent,</span> <span class='ocrx_word' id='word_1_38' title='bbox 1275 956 1471 1019; x_wconf 90' lang='lat' dir='ltr'>quam</span> <span class='ocrx_word' id='word_1_39' title='bbox 1517 934 1688 1019; x_wconf 91' lang='lat' dir='ltr'>quod</span> <span class='ocrx_word' id='word_1_40' title='bbox 1731 934 1862 1001; x_wconf 91' lang='lat' dir='ltr'>Dei</span> <span class='ocrx_word' id='word_1_41' title='bbox 1903 934 2110 1000; x_wconf 87' lang='lat' dir='ltr'>verbo</span> <span class='ocrx_word' id='word_1_42' title='bbox 2168 934 2641 1018; x_wconf 89' lang='lat' dir='ltr'>praescriptum</span> <span class='ocrx_word' id='word_1_43' title='bbox 2686 946 2817 1000; x_wconf 89' lang='lat' dir='ltr'>est:</span> 
     </span>
     <span class='ocr_line' id='line_1_8' title="bbox 890 1018 2822 1107; baseline -0.003 -15"><span class='ocrx_word' id='word_1_44' title='bbox 890 1037 957 1092; x_wconf 90' lang='lat' dir='ltr'>et</span> <span class='ocrx_word' id='word_1_45' title='bbox 1014 1022 1278 1107; x_wconf 89' lang='lat' dir='ltr'>quidem</span> <span class='ocrx_word' id='word_1_46' title='bbox 1323 1019 1614 1103; x_wconf 90' lang='lat' dir='ltr'>specioso</span> <span class='ocrx_word' id='word_1_47' title='bbox 1658 1018 1868 1086; x_wconf 82' lang='lat' dir='ltr'>delusi</span> <span class='ocrx_word' id='word_1_48' title='bbox 1914 1030 2276 1103; x_wconf 85' lang='lat' dir='ltr'>praetextu,</span> <span class='ocrx_word' id='word_1_49' title='bbox 2333 1018 2502 1103; x_wconf 90' lang='lat' dir='ltr'>quod</span> <span class='ocrx_word' id='word_1_50' title='bbox 2557 1031 2822 1086; x_wconf 90' lang='lat' dir='ltr'>sanctae</span> 
     </span>
     <span class='ocr_line' id='line_1_9' title="bbox 888 1103 2821 1177; baseline -0.004 0"><span class='ocrx_word' id='word_1_51' title='bbox 888 1109 1089 1177; x_wconf 88' lang='lat' dir='ltr'>matri</span> <span class='ocrx_word' id='word_1_52' title='bbox 1133 1106 1444 1174; x_wconf 88' lang='lat' dir='ltr'>ecclesiae</span> <span class='ocrx_word' id='word_1_53' title='bbox 1504 1105 1819 1173; x_wconf 79' lang='lat' dir='ltr'>debeatur</span> <span class='ocrx_word' id='word_1_54' title='bbox 1871 1105 2251 1172; x_wconf 89' lang='lat' dir='ltr'>obedientia.</span> <span class='ocrx_word' id='word_1_55' title='bbox 2340 1103 2593 1171; x_wconf 86' lang='lat' dir='ltr'>Verum</span> <span class='ocrx_word' id='word_1_56' title='bbox 2647 1105 2821 1172; x_wconf 90' lang='lat' dir='ltr'>enim</span> 
     </span>
     <span class='ocr_line' id='line_1_10' title="bbox 889 1191 2825 1278; baseline -0.004 -14"><span class='ocrx_word' id='word_1_57' title='bbox 889 1216 1066 1277; x_wconf 89' lang='lat' dir='ltr'>vero,</span> <span class='ocrx_word' id='word_1_58' title='bbox 1110 1214 1312 1278; x_wconf 91' lang='lat' dir='ltr'>quum</span> <span class='ocrx_word' id='word_1_59' title='bbox 1334 1192 1517 1259; x_wconf 90' lang='lat' dir='ltr'>Deus</span> <span class='ocrx_word' id='word_1_60' title='bbox 1559 1192 1699 1276; x_wconf 87' lang='lat' dir='ltr'>ipse</span> <span class='ocrx_word' id='word_1_61' title='bbox 1743 1193 2047 1276; x_wconf 80' lang='lat' dir='ltr'>loquutus</span> <span class='ocrx_word' id='word_1_62' title='bbox 2091 1191 2195 1270; x_wconf 84' lang='lat' dir='ltr'>sit,</span> <span class='ocrx_word' id='word_1_63' title='bbox 2237 1211 2554 1274; x_wconf 90' lang='lat' dir='ltr'>suamque</span> <span class='ocrx_word' id='word_1_64' title='bbox 2599 1191 2825 1257; x_wconf 87' lang='lat' dir='ltr'>volun-</span> 
     </span>
     <span class='ocr_line' id='line_1_11' title="bbox 894 1275 2824 1364; baseline -0.003 -16"><span class='ocrx_word' id='word_1_65' title='bbox 894 1294 1094 1348; x_wconf 87' lang='lat' dir='ltr'>tatem</span> <span class='ocrx_word' id='word_1_66' title='bbox 1139 1278 1535 1364; x_wconf 75' lang='lat' dir='ltr'>patefecerit,</span> <span class='ocrx_word' id='word_1_67' title='bbox 1578 1298 1779 1361; x_wconf 89' lang='lat' dir='ltr'>quare</span> <span class='ocrx_word' id='word_1_68' title='bbox 1822 1298 1955 1342; x_wconf 92' lang='lat' dir='ltr'>non</span> <span class='ocrx_word' id='word_1_69' title='bbox 2001 1277 2061 1342; x_wconf 92' lang='lat' dir='ltr'>ei</span> <span class='ocrx_word' id='word_1_70' title='bbox 2104 1275 2556 1344; x_wconf 81' lang='lat' dir='ltr'>auscultatur?</span> <span class='ocrx_word' id='word_1_71' title='bbox 2622 1297 2824 1360; x_wconf 85' lang='lat' dir='ltr'>quare</span> 
     </span>
     <span class='ocr_line' id='line_1_12' title="bbox 891 1361 2825 1448; baseline -0.003 -14"><span class='ocrx_word' id='word_1_72' title='bbox 891 1367 1043 1434; x_wconf 86' lang='lat' dir='ltr'>libri</span> <span class='ocrx_word' id='word_1_73' title='bbox 1088 1365 1255 1434; x_wconf 90' lang='lat' dir='ltr'>sacri</span> <span class='ocrx_word' id='word_1_74' title='bbox 1296 1363 1734 1430; x_wconf 80' lang='lat' dir='ltr'>clauduntur?</span> <span class='ocrx_word' id='word_1_75' title='bbox 1781 1383 1981 1448; x_wconf 89' lang='lat' dir='ltr'>quare</span> <span class='ocrx_word' id='word_1_76' title='bbox 2024 1362 2396 1429; x_wconf 89' lang='lat' dir='ltr'>hominibus</span> <span class='ocrx_word' id='word_1_77' title='bbox 2438 1361 2659 1447; x_wconf 87' lang='lat' dir='ltr'>potius</span> <span class='ocrx_word' id='word_1_78' title='bbox 2693 1383 2825 1429; x_wconf 91' lang='lat' dir='ltr'>ser-</span> 
     </span>
     <span class='ocr_line' id='line_1_13' title="bbox 892 1447 2825 1534; baseline -0.004 -13"><span class='ocrx_word' id='word_1_79' title='bbox 892 1455 1073 1520; x_wconf 88' lang='lat' dir='ltr'>vitur</span> <span class='ocrx_word' id='word_1_80' title='bbox 1129 1461 1197 1518; x_wconf 91' lang='lat' dir='ltr'>et</span> <span class='ocrx_word' id='word_1_81' title='bbox 1253 1447 1787 1534; x_wconf 88' lang='lat' dir='ltr'>obtemperatur?</span> <span class='ocrx_word' id='word_1_82' title='bbox 1855 1460 1921 1515; x_wconf 91' lang='lat' dir='ltr'>et</span> <span class='ocrx_word' id='word_1_83' title='bbox 1978 1448 2154 1531; x_wconf 92' lang='lat' dir='ltr'>quod</span> <span class='ocrx_word' id='word_1_84' title='bbox 2209 1469 2558 1526; x_wconf 90' lang='lat' dir='ltr'>summum,</span> <span class='ocrx_word' id='word_1_85' title='bbox 2623 1469 2825 1532; x_wconf 89' lang='lat' dir='ltr'>quare</span> 
     </span>
     <span class='ocr_line' id='line_1_14' title="bbox 895 1532 2822 1617; baseline -0.004 -12"><span class='ocrx_word' id='word_1_86' title='bbox 895 1538 1045 1605; x_wconf 89' lang='lat' dir='ltr'>inde</span> <span class='ocrx_word' id='word_1_87' title='bbox 1107 1535 1362 1603; x_wconf 87' lang='lat' dir='ltr'>iustitia</span> <span class='ocrx_word' id='word_1_88' title='bbox 1427 1554 1644 1601; x_wconf 90' lang='lat' dir='ltr'>coram</span> <span class='ocrx_word' id='word_1_89' title='bbox 1710 1534 1853 1600; x_wconf 92' lang='lat' dir='ltr'>Deo</span> <span class='ocrx_word' id='word_1_90' title='bbox 1931 1532 2309 1617; x_wconf 81' lang='lat' dir='ltr'>quaeritur?</span> <span class='ocrx_word' id='word_1_91' title='bbox 2395 1532 2541 1600; x_wconf 89' lang='lat' dir='ltr'>Nae</span> <span class='ocrx_word' id='word_1_92' title='bbox 2606 1534 2822 1600; x_wconf 91' lang='lat' dir='ltr'>Deum</span> 
     </span>
     <span class='ocr_line' id='line_1_15' title="bbox 892 1617 2827 1710; baseline -0.004 -18"><span class='ocrx_word' id='word_1_93' title='bbox 892 1631 1224 1710; x_wconf 83' lang='lat' dir='ltr'>oporteret</span> <span class='ocrx_word' id='word_1_94' title='bbox 1257 1623 1430 1688; x_wconf 67' lang='lat' dir='ltr'>&#39;iure</span> <span class='ocrx_word' id='word_1_95' title='bbox 1494 1617 1959 1688; x_wconf 84' lang='lat' dir='ltr'>dominationis</span> <span class='ocrx_word' id='word_1_96' title='bbox 2021 1619 2193 1702; x_wconf 89' lang='lat' dir='ltr'>quod</span> <span class='ocrx_word' id='word_1_97' title='bbox 2258 1619 2326 1684; x_wconf 91' lang='lat' dir='ltr'>in</span> <span class='ocrx_word' id='word_1_98' title='bbox 2396 1640 2515 1685; x_wconf 91' lang='lat' dir='ltr'>nos</span> <span class='ocrx_word' id='word_1_99' title='bbox 2576 1618 2827 1686; x_wconf 89' lang='lat' dir='ltr'>obtinet</span> 
     </span>
     <span class='ocr_line' id='line_1_16' title="bbox 891 1703 2826 1809; baseline -0.004 -31"><span class='ocrx_word' id='word_1_100' title='bbox 891 1709 1163 1809; x_wconf 49' lang='lat' dir='ltr'>cedere,·</span> <span class='ocrx_word' id='word_1_101' title='bbox 1204 1706 1376 1807; x_wconf 79' lang='lat' dir='ltr'>quod</span> <span class='ocrx_word' id='word_1_102' title='bbox 1440 1705 1582 1773; x_wconf 90' lang='lat' dir='ltr'>sine</span> <span class='ocrx_word' id='word_1_103' title='bbox 1645 1706 1900 1791; x_wconf 86' lang='lat' dir='ltr'>ingenti</span> <span class='ocrx_word' id='word_1_104' title='bbox 1959 1703 2363 1805; x_wconf 77' lang='lat' dir='ltr'>blasphemia</span> <span class='ocrx_word' id='word_1_105' title='bbox 2422 1703 2550 1770; x_wconf 92' lang='lat' dir='ltr'>dici</span> <span class='ocrx_word' id='word_1_106' title='bbox 2608 1727 2684 1772; x_wconf 91' lang='lat' dir='ltr'>ac</span> <span class='ocrx_word' id='word_1_107' title='bbox 2742 1727 2826 1805; x_wconf 78' lang='lat' dir='ltr'>ne</span> 
     </span>
     <span class='ocr_line' id='line_1_17' title="bbox 891 1789 2825 1962; baseline -0.004 -13"><span class='ocrx_word' id='word_1_108' title='bbox 891 1793 1755 1962; x_wconf 53' lang='grc' dir='ltr'>ἓῗέηῗέῑέἓὶῖἰῗψξὲαῗὲῗ·</span> <span class='ocrx_word' id='word_1_109' title='bbox 1788 1789 2574 1960; x_wconf 53' lang='lat'>„33215032312233</span> <span class='ocrx_word' id='word_1_110' title='bbox 2602 1790 2825 1962; x_wconf 62' lang='grc' dir='ltr'>ἐῖοῗὲ-</span> 
     </span>
     <span class='ocr_line' id='line_1_18' title="bbox 891 1961 2826 2046; baseline -0.004 -11"><span class='ocrx_word' id='word_1_111' title='bbox 891 1966 1114 2035; x_wconf 63' lang='lat' dir='ltr'>metati</span> <span class='ocrx_word' id='word_1_112' title='bbox 1157 1964 1608 2032; x_wconf 77' lang='lat' dir='ltr'>detrahamus:</span> <span class='ocrx_word' id='word_1_113' title='bbox 1668 1961 1783 2029; x_wconf 87' lang='lat' dir='ltr'>sed</span> <span class='ocrx_word' id='word_1_114' title='bbox 1841 1976 1916 2030; x_wconf 92' lang='lat' dir='ltr'>ut</span> <span class='ocrx_word' id='word_1_115' title='bbox 1956 1961 2174 2046; x_wconf 89' lang='lat' dir='ltr'>potius</span> <span class='ocrx_word' id='word_1_116' title='bbox 2216 1961 2346 2028; x_wconf 88' lang='lat' dir='ltr'>Dei</span> <span class='ocrx_word' id='word_1_117' title='bbox 2391 1962 2663 2029; x_wconf 88' lang='lat' dir='ltr'>verbum</span> <span class='ocrx_word' id='word_1_118' title='bbox 2707 1981 2826 2045; x_wconf 92' lang='lat' dir='ltr'>pro</span> 
     </span>
     <span class='ocr_line' id='line_1_19' title="bbox 892 2046 2826 2132; baseline -0.004 -13"><span class='ocrx_word' id='word_1_119' title='bbox 892 2054 1214 2121; x_wconf 81' lang='lat' dir='ltr'>factorum</span> <span class='ocrx_word' id='word_1_120' title='bbox 1254 2049 1701 2132; x_wconf 75' lang='lat' dir='ltr'>dictorumque</span> <span class='ocrx_word' id='word_1_121' title='bbox 1736 2061 2111 2116; x_wconf 86' lang='lat' dir='ltr'>nostrorum</span> <span class='ocrx_word' id='word_1_122' title='bbox 2147 2049 2375 2132; x_wconf 81' lang='lat' dir='ltr'>regula</span> <span class='ocrx_word' id='word_1_123' title='bbox 2407 2046 2826 2125; x_wconf 88' lang='lat' dir='ltr'>retineamus,</span> 
     </span>
     <span class='ocr_line' id='line_1_20' title="bbox 892 2130 2827 2221; baseline -0.005 -14"><span class='ocrx_word' id='word_1_124' title='bbox 892 2149 961 2207; x_wconf 90' lang='lat' dir='ltr'>et</span> <span class='ocrx_word' id='word_1_125' title='bbox 999 2139 1081 2205; x_wconf 92' lang='lat' dir='ltr'>ab</span> <span class='ocrx_word' id='word_1_126' title='bbox 1126 2136 1240 2202; x_wconf 90' lang='lat' dir='ltr'>illo</span> <span class='ocrx_word' id='word_1_127' title='bbox 1284 2137 1424 2221; x_wconf 81' lang='lat' dir='ltr'>regi</span> <span class='ocrx_word' id='word_1_128' title='bbox 1469 2157 1587 2202; x_wconf 91' lang='lat' dir='ltr'>nos</span> <span class='ocrx_word' id='word_1_129' title='bbox 1629 2135 1974 2219; x_wconf 84' lang='lat' dir='ltr'>patiamur.</span> <span class='ocrx_word' id='word_1_130' title='bbox 2060 2133 2336 2199; x_wconf 87' lang='lat' dir='ltr'>Interim</span> <span class='ocrx_word' id='word_1_131' title='bbox 2397 2153 2550 2201; x_wconf 83' lang='lat' dir='ltr'>vero</span> <span class='ocrx_word' id='word_1_132' title='bbox 2595 2130 2827 2199; x_wconf 90' lang='lat' dir='ltr'>dicitur</span> 
     </span>
     <span class='ocr_line' id='line_1_21' title="bbox 897 2219 2826 2308; baseline -0.005 -14"><span class='ocrx_word' id='word_1_133' title='bbox 897 2223 1060 2295; x_wconf 85' lang='lat' dir='ltr'>Saul</span> <span class='ocrx_word' id='word_1_134' title='bbox 1116 2242 1380 2308; x_wconf 81' lang='lat' dir='ltr'>rogasse</span> <span class='ocrx_word' id='word_1_135' title='bbox 1437 2219 1836 2300; x_wconf 88' lang='lat' dir='ltr'>Samuelem,</span> <span class='ocrx_word' id='word_1_136' title='bbox 1894 2226 1973 2286; x_wconf 90' lang='lat' dir='ltr'>ut</span> <span class='ocrx_word' id='word_1_137' title='bbox 2027 2228 2325 2303; x_wconf 77' lang='lat' dir='ltr'>parceret</span> <span class='ocrx_word' id='word_1_138' title='bbox 2379 2229 2643 2302; x_wconf 89' lang='lat' dir='ltr'>peccato</span> <span class='ocrx_word' id='word_1_139' title='bbox 2687 2238 2826 2297; x_wconf 85' lang='lat' dir='ltr'>suo,</span> 
     </span>
     <span class='ocr_line' id='line_1_22' title="bbox 895 2301 2828 2389; baseline -0.005 -10"><span class='ocrx_word' id='word_1_140' title='bbox 895 2330 1116 2379; x_wconf 88' lang='lat' dir='ltr'>secum</span> <span class='ocrx_word' id='word_1_141' title='bbox 1162 2328 1244 2373; x_wconf 88' lang='lat' dir='ltr'>ue</span> <span class='ocrx_word' id='word_1_142' title='bbox 1286 2314 1752 2389; x_wconf 81' lang='lat' dir='ltr'>reverteretur,</span> <span class='ocrx_word' id='word_1_143' title='bbox 1795 2316 1861 2371; x_wconf 92' lang='lat' dir='ltr'>et</span> <span class='ocrx_word' id='word_1_144' title='bbox 1904 2303 2201 2373; x_wconf 89' lang='lat' dir='ltr'>adoraret</span> <span class='ocrx_word' id='word_1_145' title='bbox 2235 2302 2569 2370; x_wconf 87' lang='lat' dir='ltr'>Iehovam.</span> <span class='ocrx_word' id='word_1_146' title='bbox 2635 2301 2828 2386; x_wconf 79' lang='lat' dir='ltr'>Quod</span> 
     </span>
     <span class='ocr_line' id='line_1_23' title="bbox 895 2390 2828 2477; baseline -0.005 -13"><span class='ocrx_word' id='word_1_147' title='bbox 895 2418 1054 2464; x_wconf 86' lang='lat' dir='ltr'>vero</span> <span class='ocrx_word' id='word_1_148' title='bbox 1173 2391 1494 2459; x_wconf 88' lang='lat' dir='ltr'>amuelem</span> <span class='ocrx_word' id='word_1_149' title='bbox 1549 2398 1738 2477; x_wconf 83' lang='lat' dir='ltr'>rogat</span> <span class='ocrx_word' id='word_1_150' title='bbox 1795 2400 1866 2456; x_wconf 92' lang='lat' dir='ltr'>ut</span> <span class='ocrx_word' id='word_1_151' title='bbox 1931 2398 2267 2476; x_wconf 86' lang='lat' dir='ltr'>peccatum</span> <span class='ocrx_word' id='word_1_152' title='bbox 2325 2390 2637 2470; x_wconf 88' lang='lat' dir='ltr'>remittat,</span> <span class='ocrx_word' id='word_1_153' title='bbox 2694 2408 2828 2455; x_wconf 91' lang='lat' dir='ltr'>non</span> 
     </span>
     <span class='ocr_line' id='line_1_24' title="bbox 894 2474 2831 2554; baseline -0.007 -1"><span class='ocrx_word' id='word_1_154' title='bbox 894 2484 1040 2554; x_wconf 82' lang='lat' dir='ltr'>ideo</span> <span class='ocrx_word' id='word_1_155' title='bbox 1084 2490 1305 2546; x_wconf 88' lang='lat' dir='ltr'>tamen</span> <span class='ocrx_word' id='word_1_156' title='bbox 1347 2477 1536 2544; x_wconf 90' lang='lat' dir='ltr'>illum</span> <span class='ocrx_word' id='word_1_157' title='bbox 1579 2477 1651 2542; x_wconf 91' lang='lat' dir='ltr'>in</span> <span class='ocrx_word' id='word_1_158' title='bbox 1694 2497 1940 2544; x_wconf 91' lang='lat' dir='ltr'>numen</span> <span class='ocrx_word' id='word_1_159' title='bbox 1984 2475 2426 2541; x_wconf 80' lang='lat' dir='ltr'>transformat.</span> <span class='ocrx_word' id='word_1_160' title='bbox 2513 2474 2689 2541; x_wconf 89' lang='lat' dir='ltr'>Nam</span> <span class='ocrx_word' id='word_1_161' title='bbox 2731 2494 2831 2539; x_wconf 91' lang='lat' dir='ltr'>re-</span> 
     </span>
     <span class='ocr_line' id='line_1_25' title="bbox 900 2558 2828 2647; baseline -0.005 -12"><span class='ocrx_word' id='word_1_162' title='bbox 900 2588 1058 2637; x_wconf 85' lang='lat' dir='ltr'>vera</span> <span class='ocrx_word' id='word_1_163' title='bbox 1098 2565 1296 2631; x_wconf 90' lang='lat' dir='ltr'>unius</span> <span class='ocrx_word' id='word_1_164' title='bbox 1338 2563 1469 2630; x_wconf 90' lang='lat' dir='ltr'>Dei</span> <span class='ocrx_word' id='word_1_165' title='bbox 1512 2570 1612 2629; x_wconf 89' lang='lat' dir='ltr'>est</span> <span class='ocrx_word' id='word_1_166' title='bbox 1664 2571 1930 2647; x_wconf 86' lang='lat' dir='ltr'>peccata</span> <span class='ocrx_word' id='word_1_167' title='bbox 1987 2559 2224 2642; x_wconf 89' lang='lat' dir='ltr'>delere,</span> <span class='ocrx_word' id='word_1_168' title='bbox 2281 2558 2828 2645; x_wconf 85' lang='lat' dir='ltr'>quemadmodum</span> 
     </span>
     <span class='ocr_line' id='line_1_26' title="bbox 896 2645 2831 2740; baseline -0.005 -20"><span class='ocrx_word' id='word_1_169' title='bbox 896 2675 1017 2740; x_wconf 89' lang='lat' dir='ltr'>per</span> <span class='ocrx_word' id='word_1_170' title='bbox 1059 2647 1448 2735; x_wconf 89' lang='lat' dir='ltr'>prophetam</span> <span class='ocrx_word' id='word_1_171' title='bbox 1491 2648 1762 2715; x_wconf 83' lang='lat' dir='ltr'>Esaiam</span> <span class='ocrx_word' id='word_1_172' title='bbox 1809 2659 2121 2716; x_wconf 89' lang='lat' dir='ltr'>testatur:</span> <span class='ocrx_word' id='word_1_173' title='bbox 2178 2645 2317 2731; x_wconf 77' lang='lat' dir='ltr'>Eyo</span> <span class='ocrx_word' id='word_1_174' title='bbox 2359 2667 2518 2726; x_wconf 68' lang='lat' dir='ltr'>mem,</span> <span class='ocrx_word' id='word_1_175' title='bbox 2564 2666 2691 2732; x_wconf 74' lang='lat' dir='ltr'>eqo,</span> <span class='ocrx_word' id='word_1_176' title='bbox 2735 2646 2831 2711; x_wconf 78' lang='lat' dir='ltr'>in-</span> 
     </span>
    </p>

    <p class='ocr_par' dir='ltr' id='par_1_3' title="bbox 986 2731 2828 2820">
     <span class='ocr_line' id='line_1_27' title="bbox 986 2731 2828 2820; baseline -0.004 -15"><span class='ocrx_word' id='word_1_177' title='bbox 986 2758 1107 2818; x_wconf 84' lang='lat' dir='ltr'>am,</span> <span class='ocrx_word' id='word_1_178' title='bbox 1164 2735 1277 2820; x_wconf 72' lang='lat' dir='ltr'>qui</span> <span class='ocrx_word' id='word_1_179' title='bbox 1329 2734 1498 2804; x_wconf 67' lang='lat' dir='ltr'>deleo</span> <span class='ocrx_word' id='word_1_180' title='bbox 1549 2735 1911 2818; x_wconf 67' lang='lat' dir='ltr'>iniquitates</span> <span class='ocrx_word' id='word_1_181' title='bbox 1967 2734 2308 2813; x_wconf 74' lang='lat' dir='ltr'>hominum,</span> <span class='ocrx_word' id='word_1_182' title='bbox 2365 2736 2421 2798; x_wconf 72' lang='lat' dir='ltr'><em>d</em></span> <span class='ocrx_word' id='word_1_183' title='bbox 2472 2752 2595 2799; x_wconf 78' lang='lat' dir='ltr'>non</span> <span class='ocrx_word' id='word_1_184' title='bbox 2636 2731 2828 2799; x_wconf 78' lang='lat' dir='ltr'>alius.</span> 
     </span>
    </p>

    <p class='ocr_par' dir='ltr' id='par_1_4' title="bbox 894 2818 2837 5217">
     <span class='ocr_line' id='line_1_28' title="bbox 953 2818 2829 2901; baseline -0.004 -10"><span class='ocrx_word' id='word_1_185' title='bbox 953 2822 1034 2891; x_wconf 89' lang='lat' dir='ltr'>ed</span> <span class='ocrx_word' id='word_1_186' title='bbox 1092 2822 1302 2888; x_wconf 89' lang='lat' dir='ltr'>noluit</span> <span class='ocrx_word' id='word_1_187' title='bbox 1356 2818 1523 2888; x_wconf 90' lang='lat' dir='ltr'>Saul</span> <span class='ocrx_word' id='word_1_188' title='bbox 1581 2820 1752 2886; x_wconf 89' lang='lat' dir='ltr'>tanti</span> <span class='ocrx_word' id='word_1_189' title='bbox 1809 2819 2184 2889; x_wconf 83' lang='lat' dir='ltr'>Samuelem</span> <span class='ocrx_word' id='word_1_190' title='bbox 2245 2819 2477 2897; x_wconf 85' lang='lat' dir='ltr'>facere,</span> <span class='ocrx_word' id='word_1_191' title='bbox 2535 2826 2613 2883; x_wconf 93' lang='lat' dir='ltr'>ut</span> <span class='ocrx_word' id='word_1_192' title='bbox 2663 2837 2829 2901; x_wconf 89' lang='lat' dir='ltr'>quae</span> 
     </span>
     <span class='ocr_line' id='line_1_29' title="bbox 894 2905 2833 2990; baseline -0.005 -14"><span class='ocrx_word' id='word_1_193' title='bbox 894 2910 1026 2978; x_wconf 91' lang='lat' dir='ltr'>Dei</span> <span class='ocrx_word' id='word_1_194' title='bbox 1081 2916 1238 2975; x_wconf 89' lang='lat' dir='ltr'>sunt</span> <span class='ocrx_word' id='word_1_195' title='bbox 1294 2905 1393 2972; x_wconf 89' lang='lat' dir='ltr'>illi</span> <span class='ocrx_word' id='word_1_196' title='bbox 1451 2905 1858 2985; x_wconf 84' lang='lat' dir='ltr'>attribueret,</span> <span class='ocrx_word' id='word_1_197' title='bbox 1917 2905 2104 2990; x_wconf 88' lang='lat' dir='ltr'>quasi</span> <span class='ocrx_word' id='word_1_198' title='bbox 2164 2911 2384 2989; x_wconf 88' lang='lat' dir='ltr'>posset</span> <span class='ocrx_word' id='word_1_199' title='bbox 2486 2910 2707 2970; x_wconf 87' lang='lat' dir='ltr'>secata</span> <span class='ocrx_word' id='word_1_200' title='bbox 2765 2911 2833 2967; x_wconf 84' lang='lat' dir='ltr'>et</span> 
     </span>
     <span class='ocr_line' id='line_1_30' title="bbox 897 2990 2827 3080; baseline -0.006 -16"><span class='ocrx_word' id='word_1_201' title='bbox 897 2993 1450 3080; x_wconf 81' lang='lat' dir='ltr'>transgressiones</span> <span class='ocrx_word' id='word_1_202' title='bbox 1508 2990 1724 3058; x_wconf 90' lang='lat' dir='ltr'>delere</span> <span class='ocrx_word' id='word_1_203' title='bbox 1787 3004 1854 3058; x_wconf 91' lang='lat' dir='ltr'>et</span> <span class='ocrx_word' id='word_1_204' title='bbox 1909 2990 2244 3058; x_wconf 86' lang='lat' dir='ltr'>remittere</span> <span class='ocrx_word' id='word_1_205' title='bbox 2260 3041 2276 3072; x_wconf 91' lang='lat'>,</span> <span class='ocrx_word' id='word_1_206' title='bbox 2339 3010 2409 3056; x_wconf 85' lang='lat' dir='ltr'>se</span> <span class='ocrx_word' id='word_1_207' title='bbox 2518 2997 2827 3056; x_wconf 88' lang='lat' dir='ltr'>consueto</span> 
     </span>
     <span class='ocr_line' id='line_1_31' title="bbox 899 3073 2831 3166; baseline -0.004 -18"><span class='ocrx_word' id='word_1_208' title='bbox 899 3078 1207 3166; x_wconf 88' lang='lat' dir='ltr'>loquendi</span> <span class='ocrx_word' id='word_1_209' title='bbox 1264 3098 1447 3145; x_wconf 92' lang='lat' dir='ltr'>more</span> <span class='ocrx_word' id='word_1_210' title='bbox 1505 3098 1662 3144; x_wconf 89' lang='lat' dir='ltr'>usus</span> <span class='ocrx_word' id='word_1_211' title='bbox 1713 3088 1832 3144; x_wconf 88' lang='lat' dir='ltr'>est.</span> <span class='ocrx_word' id='word_1_212' title='bbox 1921 3076 2036 3145; x_wconf 90' lang='lat' dir='ltr'>Sic</span> <span class='ocrx_word' id='word_1_213' title='bbox 2092 3077 2266 3144; x_wconf 90' lang='lat' dir='ltr'>enim</span> <span class='ocrx_word' id='word_1_214' title='bbox 2325 3076 2405 3143; x_wconf 92' lang='lat' dir='ltr'>ab</span> <span class='ocrx_word' id='word_1_215' title='bbox 2458 3073 2831 3142; x_wconf 88' lang='lat' dir='ltr'>hominibus</span> 
     </span>
     <span class='ocr_line' id='line_1_32' title="bbox 895 3160 2830 3248; baseline -0.005 -13"><span class='ocrx_word' id='word_1_216' title='bbox 895 3165 1250 3236; x_wconf 89' lang='lat' dir='ltr'>condonari</span> <span class='ocrx_word' id='word_1_217' title='bbox 1305 3169 1572 3248; x_wconf 87' lang='lat' dir='ltr'>peccata</span> <span class='ocrx_word' id='word_1_218' title='bbox 1630 3162 1813 3230; x_wconf 89' lang='lat' dir='ltr'>nobis</span> <span class='ocrx_word' id='word_1_219' title='bbox 1856 3164 2157 3248; x_wconf 86' lang='lat' dir='ltr'>petimus,</span> <span class='ocrx_word' id='word_1_220' title='bbox 2210 3169 2286 3229; x_wconf 91' lang='lat' dir='ltr'>ut</span> <span class='ocrx_word' id='word_1_221' title='bbox 2325 3181 2405 3227; x_wconf 90' lang='lat' dir='ltr'>ea</span> <span class='ocrx_word' id='word_1_222' title='bbox 2446 3181 2578 3227; x_wconf 92' lang='lat' dir='ltr'>non</span> <span class='ocrx_word' id='word_1_223' title='bbox 2621 3160 2830 3243; x_wconf 90' lang='lat' dir='ltr'>impe-</span> 
     </span>
     <span class='ocr_line' id='line_1_33' title="bbox 897 3244 2831 3349; baseline -0.005 -29"><span class='ocrx_word' id='word_1_224' title='bbox 897 3255 1085 3338; x_wconf 83' lang='lat' dir='ltr'>diant</span> <span class='ocrx_word' id='word_1_225' title='bbox 1127 3249 1476 3336; x_wconf 88' lang='lat' dir='ltr'>quominus</span> <span class='ocrx_word' id='word_1_226' title='bbox 1520 3249 1710 3315; x_wconf 90' lang='lat' dir='ltr'>amici</span> <span class='ocrx_word' id='word_1_227' title='bbox 1768 3248 1919 3326; x_wconf 88' lang='lat' dir='ltr'>sint,</span> <span class='ocrx_word' id='word_1_228' title='bbox 1985 3258 2052 3314; x_wconf 92' lang='lat' dir='ltr'>et</span> <span class='ocrx_word' id='word_1_229' title='bbox 2102 3269 2222 3349; x_wconf 84' lang='lat' dir='ltr'>pro</span> <span class='ocrx_word' id='word_1_230' title='bbox 2280 3244 2535 3315; x_wconf 88' lang='lat' dir='ltr'>viribus</span> <span class='ocrx_word' id='word_1_231' title='bbox 2590 3244 2831 3312; x_wconf 88' lang='lat' dir='ltr'>nostris</span> 
     </span>
     <span class='ocr_line' id='line_1_34' title="bbox 897 3329 2831 3418; baseline -0.005 -11"><span class='ocrx_word' id='word_1_232' title='bbox 897 3336 1254 3409; x_wconf 88' lang='lat' dir='ltr'>commodis</span> <span class='ocrx_word' id='word_1_233' title='bbox 1316 3335 1640 3402; x_wconf 88' lang='lat' dir='ltr'>studeant.</span> <span class='ocrx_word' id='word_1_234' title='bbox 1741 3331 1877 3401; x_wconf 89' lang='lat' dir='ltr'>Sed</span> <span class='ocrx_word' id='word_1_235' title='bbox 1940 3334 2181 3418; x_wconf 71' lang='lat' dir='ltr'>adiicit,</span> <span class='ocrx_word' id='word_1_236' title='bbox 2247 3353 2316 3398; x_wconf 89' lang='lat' dir='ltr'>se</span> <span class='ocrx_word' id='word_1_237' title='bbox 2381 3329 2551 3399; x_wconf 84' lang='lat' dir='ltr'>velle</span> <span class='ocrx_word' id='word_1_238' title='bbox 2612 3331 2831 3398; x_wconf 91' lang='lat' dir='ltr'>Deum</span> 
     </span>
     <span class='ocr_line' id='line_1_35' title="bbox 898 3415 2834 3504; baseline -0.005 -12"><span class='ocrx_word' id='word_1_239' title='bbox 898 3425 1188 3502; x_wconf 89' lang='lat' dir='ltr'>adorare,</span> <span class='ocrx_word' id='word_1_240' title='bbox 1234 3421 1378 3488; x_wconf 89' lang='lat' dir='ltr'>sive</span> <span class='ocrx_word' id='word_1_241' title='bbox 1419 3420 1501 3486; x_wconf 90' lang='lat' dir='ltr'>ad</span> <span class='ocrx_word' id='word_1_242' title='bbox 1546 3421 1685 3486; x_wconf 89' lang='lat' dir='ltr'>eius</span> <span class='ocrx_word' id='word_1_243' title='bbox 1727 3418 2110 3504; x_wconf 86' lang='lat' dir='ltr'>placandam</span> <span class='ocrx_word' id='word_1_244' title='bbox 2151 3420 2339 3498; x_wconf 63' lang='lat' dir='ltr'>iraQ</span> <span class='ocrx_word' id='word_1_245' title='bbox 2383 3417 2522 3485; x_wconf 87' lang='lat' dir='ltr'>sive</span> <span class='ocrx_word' id='word_1_246' title='bbox 2561 3415 2642 3483; x_wconf 91' lang='lat' dir='ltr'>ad</span> <span class='ocrx_word' id='word_1_247' title='bbox 2687 3436 2834 3501; x_wconf 87' lang='lat' dir='ltr'>gra-</span> 
     </span>
     <span class='ocr_line' id='line_1_36' title="bbox 902 3502 2830 3594; baseline -0.005 -17"><span class='ocrx_word' id='word_1_248' title='bbox 902 3509 1028 3577; x_wconf 87' lang='lat' dir='ltr'>tias</span> <span class='ocrx_word' id='word_1_249' title='bbox 1083 3507 1369 3594; x_wconf 82' lang='lat' dir='ltr'>agendas</span> <span class='ocrx_word' id='word_1_250' title='bbox 1426 3505 1661 3573; x_wconf 90' lang='lat' dir='ltr'>melius</span> <span class='ocrx_word' id='word_1_251' title='bbox 1715 3526 1911 3589; x_wconf 87' lang='lat' dir='ltr'>quam</span> <span class='ocrx_word' id='word_1_252' title='bbox 1969 3515 2121 3573; x_wconf 89' lang='lat' dir='ltr'>ante</span> <span class='ocrx_word' id='word_1_253' title='bbox 2180 3504 2457 3571; x_wconf 80' lang='lat' dir='ltr'>fecisset.</span> <span class='ocrx_word' id='word_1_254' title='bbox 2558 3502 2830 3581; x_wconf 84' lang='lat' dir='ltr'>Verum,</span> 
     </span>
     <span class='ocr_line' id='line_1_37' title="bbox 900 3587 2834 3677; baseline -0.005 -14"><span class='ocrx_word' id='word_1_255' title='bbox 900 3605 978 3663; x_wconf 90' lang='lat' dir='ltr'>ut</span> <span class='ocrx_word' id='word_1_256' title='bbox 1021 3617 1105 3660; x_wconf 79' lang='lat' dir='ltr'>ex</span> <span class='ocrx_word' id='word_1_257' title='bbox 1149 3590 1570 3677; x_wconf 88' lang='lat' dir='ltr'>sequentibus</span> <span class='ocrx_word' id='word_1_258' title='bbox 1612 3591 1968 3675; x_wconf 84' lang='lat' dir='ltr'>apparebit,</span> <span class='ocrx_word' id='word_1_259' title='bbox 2013 3591 2174 3658; x_wconf 86' lang='lat' dir='ltr'>haec</span> <span class='ocrx_word' id='word_1_260' title='bbox 2218 3590 2346 3656; x_wconf 77' lang='lat' dir='ltr'>ruit</span> <span class='ocrx_word' id='word_1_261' title='bbox 2382 3587 2604 3658; x_wconf 88' lang='lat' dir='ltr'>Saulis</span> <span class='ocrx_word' id='word_1_262' title='bbox 2647 3608 2834 3655; x_wconf 88' lang='lat' dir='ltr'>mens</span> 
     </span>
     <span class='ocr_line' id='line_1_38' title="bbox 896 3671 2832 3762; baseline -0.005 -14"><span class='ocrx_word' id='word_1_263' title='bbox 896 3681 1180 3762; x_wconf 81' lang='lat' dir='ltr'>retinere</span> <span class='ocrx_word' id='word_1_264' title='bbox 1224 3698 1442 3745; x_wconf 89' lang='lat' dir='ltr'>secum</span> <span class='ocrx_word' id='word_1_265' title='bbox 1488 3675 1884 3753; x_wconf 82' lang='lat' dir='ltr'>Samuelem,</span> <span class='ocrx_word' id='word_1_266' title='bbox 1941 3685 2015 3744; x_wconf 90' lang='lat' dir='ltr'>ut</span> <span class='ocrx_word' id='word_1_267' title='bbox 2080 3677 2221 3744; x_wconf 90' lang='lat' dir='ltr'>eius</span> <span class='ocrx_word' id='word_1_268' title='bbox 2284 3674 2594 3742; x_wconf 88' lang='lat' dir='ltr'>comitatu</span> <span class='ocrx_word' id='word_1_269' title='bbox 2660 3671 2832 3757; x_wconf 90' lang='lat' dir='ltr'>apud</span> 
     </span>
     <span class='ocr_line' id='line_1_39' title="bbox 898 3758 2835 3851; baseline -0.005 -18"><span class='ocrx_word' id='word_1_270' title='bbox 898 3766 1217 3851; x_wconf 90' lang='lat' dir='ltr'>populum</span> <span class='ocrx_word' id='word_1_271' title='bbox 1239 3784 1425 3830; x_wconf 90' lang='lat' dir='ltr'>suam</span> <span class='ocrx_word' id='word_1_272' title='bbox 1458 3763 1873 3829; x_wconf 89' lang='lat' dir='ltr'>autoritatem</span> <span class='ocrx_word' id='word_1_273' title='bbox 1905 3762 2238 3830; x_wconf 89' lang='lat' dir='ltr'>retineret.</span> <span class='ocrx_word' id='word_1_274' title='bbox 2293 3760 2389 3827; x_wconf 89' lang='lat' dir='ltr'>At</span> <span class='ocrx_word' id='word_1_275' title='bbox 2421 3760 2517 3826; x_wconf 91' lang='lat' dir='ltr'>ita</span> <span class='ocrx_word' id='word_1_276' title='bbox 2555 3758 2835 3843; x_wconf 87' lang='lat' dir='ltr'>petenda</span> 
     </span>
     <span class='ocr_line' id='line_1_40' title="bbox 900 3844 2831 3930; baseline -0.005 -10"><span class='ocrx_word' id='word_1_277' title='bbox 900 3862 1001 3921; x_wconf 87' lang='lat' dir='ltr'>est</span> <span class='ocrx_word' id='word_1_278' title='bbox 1061 3852 1142 3918; x_wconf 90' lang='lat' dir='ltr'>ab</span> <span class='ocrx_word' id='word_1_279' title='bbox 1200 3848 1572 3916; x_wconf 91' lang='lat' dir='ltr'>hominibus</span> <span class='ocrx_word' id='word_1_280' title='bbox 1632 3847 2011 3915; x_wconf 86' lang='lat' dir='ltr'>delictorum</span> <span class='ocrx_word' id='word_1_281' title='bbox 2070 3849 2286 3927; x_wconf 92' lang='lat' dir='ltr'>venia,</span> <span class='ocrx_word' id='word_1_282' title='bbox 2344 3867 2429 3913; x_wconf 91' lang='lat' dir='ltr'>ne</span> <span class='ocrx_word' id='word_1_283' title='bbox 2484 3845 2644 3930; x_wconf 89' lang='lat' dir='ltr'>quid</span> <span class='ocrx_word' id='word_1_284' title='bbox 2684 3844 2831 3911; x_wconf 90' lang='lat' dir='ltr'>Deo</span> 
     </span>
     <span class='ocr_line' id='line_1_41' title="bbox 901 3930 2832 4019; baseline -0.005 -13"><span class='ocrx_word' id='word_1_285' title='bbox 901 3937 1358 4006; x_wconf 85' lang='lat' dir='ltr'>detrahamus:</span> <span class='ocrx_word' id='word_1_286' title='bbox 1424 3954 1500 4000; x_wconf 90' lang='lat' dir='ltr'>ac</span> <span class='ocrx_word' id='word_1_287' title='bbox 1555 3933 1833 4018; x_wconf 86' lang='lat' dir='ltr'>proinde</span> <span class='ocrx_word' id='word_1_288' title='bbox 1876 3956 2009 4000; x_wconf 90' lang='lat' dir='ltr'>non</span> <span class='ocrx_word' id='word_1_289' title='bbox 2053 3941 2367 4019; x_wconf 84' lang='lat' dir='ltr'>tanquam</span> <span class='ocrx_word' id='word_1_290' title='bbox 2410 3953 2455 3998; x_wconf 88' lang='lat' dir='ltr'>a</span> <span class='ocrx_word' id='word_1_291' title='bbox 2492 3930 2832 4012; x_wconf 89' lang='lat' dir='ltr'>iudicibus,</span> 
     </span>
     <span class='ocr_line' id='line_1_42' title="bbox 898 4016 2831 4110; baseline -0.005 -19"><span class='ocrx_word' id='word_1_292' title='bbox 898 4044 1103 4110; x_wconf 89' lang='lat' dir='ltr'>penes</span> <span class='ocrx_word' id='word_1_293' title='bbox 1147 4042 1312 4106; x_wconf 89' lang='lat' dir='ltr'>quos</span> <span class='ocrx_word' id='word_1_294' title='bbox 1354 4020 1440 4087; x_wconf 91' lang='lat' dir='ltr'>sit</span> <span class='ocrx_word' id='word_1_295' title='bbox 1483 4028 1769 4103; x_wconf 88' lang='lat' dir='ltr'>potestas</span> <span class='ocrx_word' id='word_1_296' title='bbox 1821 4039 1941 4085; x_wconf 91' lang='lat' dir='ltr'>nos</span> <span class='ocrx_word' id='word_1_297' title='bbox 1999 4017 2380 4087; x_wconf 90' lang='lat' dir='ltr'>absolvendi</span> <span class='ocrx_word' id='word_1_298' title='bbox 2423 4026 2490 4084; x_wconf 90' lang='lat' dir='ltr'>et</span> <span class='ocrx_word' id='word_1_299' title='bbox 2528 4016 2831 4083; x_wconf 89' lang='lat' dir='ltr'>meritam</span> 
     </span>
     <span class='ocr_line' id='line_1_43' title="bbox 900 4102 2832 4190; baseline -0.005 -13"><span class='ocrx_word' id='word_1_300' title='bbox 900 4107 1516 4178; x_wconf 86' lang='lat' dir='ltr'>condemnationem</span> <span class='ocrx_word' id='word_1_301' title='bbox 1561 4103 1857 4172; x_wconf 90' lang='lat' dir='ltr'>delendi:</span> <span class='ocrx_word' id='word_1_302' title='bbox 1911 4104 2026 4172; x_wconf 89' lang='lat' dir='ltr'>sed</span> <span class='ocrx_word' id='word_1_303' title='bbox 2072 4115 2384 4190; x_wconf 88' lang='lat' dir='ltr'>tanquam</span> <span class='ocrx_word' id='word_1_304' title='bbox 2427 4103 2508 4169; x_wconf 89' lang='lat' dir='ltr'>ab</span> <span class='ocrx_word' id='word_1_305' title='bbox 2548 4102 2630 4169; x_wconf 88' lang='lat' dir='ltr'>iis</span> <span class='ocrx_word' id='word_1_306' title='bbox 2674 4122 2832 4185; x_wconf 88' lang='lat' dir='ltr'>quo·</span> 
     </span>
     <span class='ocr_line' id='line_1_44' title="bbox 899 4188 2834 4272; baseline -0.006 -9"><span class='ocrx_word' id='word_1_307' title='bbox 899 4217 1052 4263; x_wconf 90' lang='lat' dir='ltr'>rum</span> <span class='ocrx_word' id='word_1_308' title='bbox 1095 4216 1172 4261; x_wconf 92' lang='lat' dir='ltr'>cu</span> <span class='ocrx_word' id='word_1_309' title='bbox 1220 4193 1391 4259; x_wconf 89' lang='lat' dir='ltr'>imus</span> <span class='ocrx_word' id='word_1_310' title='bbox 1433 4212 1567 4257; x_wconf 92' lang='lat' dir='ltr'>non</span> <span class='ocrx_word' id='word_1_311' title='bbox 1609 4190 1784 4257; x_wconf 89' lang='lat' dir='ltr'>laedi</span> <span class='ocrx_word' id='word_1_312' title='bbox 1827 4191 2198 4272; x_wconf 85' lang='lat' dir='ltr'>amicitiam,</span> <span class='ocrx_word' id='word_1_313' title='bbox 2262 4200 2330 4256; x_wconf 91' lang='lat' dir='ltr'>et</span> <span class='ocrx_word' id='word_1_314' title='bbox 2388 4208 2549 4272; x_wconf 89' lang='lat' dir='ltr'>quos</span> <span class='ocrx_word' id='word_1_315' title='bbox 2592 4188 2834 4253; x_wconf 89' lang='lat' dir='ltr'>nostris</span> 
     </span>
     <span class='ocr_line' id='line_1_45' title="bbox 897 4274 2831 4360; baseline -0.005 -11"><span class='ocrx_word' id='word_1_316' title='bbox 897 4301 1156 4350; x_wconf 90' lang='lat' dir='ltr'>commo</span> <span class='ocrx_word' id='word_1_317' title='bbox 1202 4278 1260 4344; x_wconf 89' lang='lat' dir='ltr'>is</span> <span class='ocrx_word' id='word_1_318' title='bbox 1304 4275 1570 4345; x_wconf 90' lang='lat' dir='ltr'>studere</span> <span class='ocrx_word' id='word_1_319' title='bbox 1614 4298 1745 4342; x_wconf 90' lang='lat' dir='ltr'>non</span> <span class='ocrx_word' id='word_1_320' title='bbox 1790 4277 2011 4344; x_wconf 88' lang='lat' dir='ltr'>minus</span> <span class='ocrx_word' id='word_1_321' title='bbox 2051 4297 2244 4360; x_wconf 89' lang='lat' dir='ltr'>quam</span> <span class='ocrx_word' id='word_1_322' title='bbox 2291 4285 2485 4342; x_wconf 87' lang='lat' dir='ltr'>antea</span> <span class='ocrx_word' id='word_1_323' title='bbox 2517 4274 2831 4357; x_wconf 89' lang='lat' dir='ltr'>cupimus.</span> 
     </span>
     <span class='ocr_line' id='line_1_46' title="bbox 901 4360 2835 4448; baseline -0.005 -12"><span class='ocrx_word' id='word_1_324' title='bbox 901 4366 1039 4436; x_wconf 90' lang='lat' dir='ltr'>Sed</span> <span class='ocrx_word' id='word_1_325' title='bbox 1073 4364 1260 4445; x_wconf 86' lang='lat' dir='ltr'>Saul,</span> <span class='ocrx_word' id='word_1_326' title='bbox 1306 4376 1377 4430; x_wconf 89' lang='lat' dir='ltr'>ut</span> <span class='ocrx_word' id='word_1_327' title='bbox 1420 4378 1713 4448; x_wconf 89' lang='lat' dir='ltr'>apparet,</span> <span class='ocrx_word' id='word_1_328' title='bbox 1760 4361 1973 4428; x_wconf 92' lang='lat' dir='ltr'>Deum</span> <span class='ocrx_word' id='word_1_329' title='bbox 2018 4360 2411 4428; x_wconf 87' lang='lat' dir='ltr'>adoraturus</span> <span class='ocrx_word' id='word_1_330' title='bbox 2448 4361 2835 4443; x_wconf 86' lang='lat' dir='ltr'>veniamque</span> 
     </span>
     <span class='ocr_line' id='line_1_47' title="bbox 901 4444 2833 4538; baseline -0.005 -18"><span class='ocrx_word' id='word_1_331' title='bbox 901 4453 1369 4538; x_wconf 87' lang='lat' dir='ltr'>deprecaturus</span> <span class='ocrx_word' id='word_1_332' title='bbox 1411 4446 1791 4515; x_wconf 82' lang='lat' dir='ltr'>Samuelem</span> <span class='ocrx_word' id='word_1_333' title='bbox 1835 4459 2155 4531; x_wconf 87' lang='lat' dir='ltr'>precatur,</span> <span class='ocrx_word' id='word_1_334' title='bbox 2215 4457 2293 4512; x_wconf 90' lang='lat' dir='ltr'>ut</span> <span class='ocrx_word' id='word_1_335' title='bbox 2348 4444 2464 4512; x_wconf 91' lang='lat' dir='ltr'>illo</span> <span class='ocrx_word' id='word_1_336' title='bbox 2509 4445 2690 4512; x_wconf 90' lang='lat' dir='ltr'>velut</span> <span class='ocrx_word' id='word_1_337' title='bbox 2732 4445 2833 4510; x_wconf 90' lang='lat' dir='ltr'>in-</span> 
     </span>
     <span class='ocr_line' id='line_1_48' title="bbox 904 4530 2835 4619; baseline -0.006 -12"><span class='ocrx_word' id='word_1_338' title='bbox 904 4550 1260 4606; x_wconf 88' lang='lat' dir='ltr'>tercessore</span> <span class='ocrx_word' id='word_1_339' title='bbox 1317 4534 1489 4619; x_wconf 90' lang='lat' dir='ltr'>apud</span> <span class='ocrx_word' id='word_1_340' title='bbox 1534 4534 1751 4600; x_wconf 89' lang='lat' dir='ltr'>Deum</span> <span class='ocrx_word' id='word_1_341' title='bbox 1812 4540 2051 4612; x_wconf 87' lang='lat' dir='ltr'>utatur,</span> <span class='ocrx_word' id='word_1_342' title='bbox 2111 4530 2282 4617; x_wconf 88' lang='lat' dir='ltr'>quod</span> <span class='ocrx_word' id='word_1_343' title='bbox 2326 4552 2477 4597; x_wconf 90' lang='lat' dir='ltr'>cum</span> <span class='ocrx_word' id='word_1_344' title='bbox 2521 4530 2835 4596; x_wconf 82' lang='lat' dir='ltr'>eximium</span> 
     </span>
     <span class='ocr_line' id='line_1_49' title="bbox 902 4615 2834 4710; baseline -0.005 -19"><span class='ocrx_word' id='word_1_345' title='bbox 902 4622 1285 4710; x_wconf 90' lang='lat' dir='ltr'>prophetam</span> <span class='ocrx_word' id='word_1_346' title='bbox 1343 4619 1655 4687; x_wconf 82' lang='lat' dir='ltr'>novisset.</span> <span class='ocrx_word' id='word_1_347' title='bbox 1742 4617 1836 4684; x_wconf 86' lang='lat' dir='ltr'>Et</span> <span class='ocrx_word' id='word_1_348' title='bbox 1888 4626 2043 4684; x_wconf 91' lang='lat' dir='ltr'>ante</span> <span class='ocrx_word' id='word_1_349' title='bbox 2098 4615 2379 4686; x_wconf 87' lang='lat' dir='ltr'>vidimus</span> <span class='ocrx_word' id='word_1_350' title='bbox 2438 4615 2708 4686; x_wconf 86' lang='lat' dir='ltr'>Saulem</span> <span class='ocrx_word' id='word_1_351' title='bbox 2766 4617 2834 4682; x_wconf 89' lang='lat' dir='ltr'>iu</span> 
     </span>
     <span class='ocr_line' id='line_1_50' title="bbox 902 4701 2836 4791; baseline -0.005 -14"><span class='ocrx_word' id='word_1_352' title='bbox 902 4710 1196 4777; x_wconf 80' lang='lat' dir='ltr'>maximo</span> <span class='ocrx_word' id='word_1_353' title='bbox 1252 4707 1469 4791; x_wconf 89' lang='lat' dir='ltr'>ipsum</span> <span class='ocrx_word' id='word_1_354' title='bbox 1526 4705 1773 4771; x_wconf 91' lang='lat' dir='ltr'>honore</span> <span class='ocrx_word' id='word_1_355' title='bbox 1831 4701 2135 4770; x_wconf 90' lang='lat' dir='ltr'>habuisse</span> <span class='ocrx_word' id='word_1_356' title='bbox 2150 4753 2167 4784; x_wconf 92' lang='lat'>‚</span> <span class='ocrx_word' id='word_1_357' title='bbox 2224 4713 2536 4786; x_wconf 87' lang='lat' dir='ltr'>tanquam</span> <span class='ocrx_word' id='word_1_358' title='bbox 2594 4722 2634 4767; x_wconf 88' lang='lat' dir='ltr'>a</span> <span class='ocrx_word' id='word_1_359' title='bbox 2691 4702 2836 4768; x_wconf 90' lang='lat' dir='ltr'>Deo</span> 
     </span>
     <span class='ocr_line' id='line_1_51' title="bbox 901 4786 2837 4882; baseline -0.004 -20"><span class='ocrx_word' id='word_1_360' title='bbox 901 4795 1286 4882; x_wconf 89' lang='lat' dir='ltr'>prophetam</span> <span class='ocrx_word' id='word_1_361' title='bbox 1340 4789 1732 4859; x_wconf 91' lang='lat' dir='ltr'>ordinatum.</span> <span class='ocrx_word' id='word_1_362' title='bbox 1820 4788 2263 4872; x_wconf 79' lang='lat' dir='ltr'>Quamobrem</span> <span class='ocrx_word' id='word_1_363' title='bbox 2323 4786 2498 4855; x_wconf 89' lang='lat' dir='ltr'>dicas</span> <span class='ocrx_word' id='word_1_364' title='bbox 2563 4787 2837 4855; x_wconf 89' lang='lat' dir='ltr'>Saulem</span> 
     </span>
     <span class='ocr_line' id='line_1_52' title="bbox 908 4872 2837 4970; baseline -0.005 -21"><span class='ocrx_word' id='word_1_365' title='bbox 908 4903 1040 4970; x_wconf 79' lang='lat' dir='ltr'>non</span> <span class='ocrx_word' id='word_1_366' title='bbox 1095 4880 1254 4946; x_wconf 88' lang='lat' dir='ltr'>adeo</span> <span class='ocrx_word' id='word_1_367' title='bbox 1310 4877 1499 4963; x_wconf 84' lang='lat' dir='ltr'>gravi</span> <span class='ocrx_word' id='word_1_368' title='bbox 1558 4875 1746 4961; x_wconf 88' lang='lat' dir='ltr'>lapsu</span> <span class='ocrx_word' id='word_1_369' title='bbox 1802 4875 2017 4942; x_wconf 91' lang='lat' dir='ltr'>Deum</span> <span class='ocrx_word' id='word_1_370' title='bbox 2076 4875 2441 4954; x_wconf 84' lang='lat' dir='ltr'>offendisse,</span> <span class='ocrx_word' id='word_1_371' title='bbox 2501 4872 2583 4940; x_wconf 91' lang='lat' dir='ltr'>ad</span> <span class='ocrx_word' id='word_1_372' title='bbox 2641 4894 2837 4957; x_wconf 89' lang='lat' dir='ltr'>quem</span> 
     </span>
     <span class='ocr_line' id='line_1_53' title="bbox 909 4960 2837 5042; baseline -0.004 -9"><span class='ocrx_word' id='word_1_373' title='bbox 909 4967 1295 5034; x_wconf 87' lang='lat' dir='ltr'>adoraturus</span> <span class='ocrx_word' id='word_1_374' title='bbox 1353 4963 1777 5038; x_wconf 86' lang='lat' dir='ltr'>convertitur,</span> <span class='ocrx_word' id='word_1_375' title='bbox 1842 4971 1910 5027; x_wconf 90' lang='lat' dir='ltr'>et</span> <span class='ocrx_word' id='word_1_376' title='bbox 1971 4960 2387 5028; x_wconf 86' lang='lat' dir='ltr'>humiliatur:</span> <span class='ocrx_word' id='word_1_377' title='bbox 2454 4967 2522 5026; x_wconf 88' lang='lat' dir='ltr'>ct</span> <span class='ocrx_word' id='word_1_378' title='bbox 2587 4961 2701 5042; x_wconf 89' lang='lat' dir='ltr'>qui</span> <span class='ocrx_word' id='word_1_379' title='bbox 2767 4980 2837 5026; x_wconf 87' lang='lat' dir='ltr'>se</span> 
     </span>
     <span class='ocr_line' id='line_1_54' title="bbox 908 5044 2833 5131; baseline -0.004 -12"><span class='ocrx_word' id='word_1_380' title='bbox 908 5053 1107 5119; x_wconf 88' lang='lat' dir='ltr'>etiam</span> <span class='ocrx_word' id='word_1_381' title='bbox 1147 5049 1557 5129; x_wconf 86' lang='lat' dir='ltr'>condemnat,</span> <span class='ocrx_word' id='word_1_382' title='bbox 1612 5056 1684 5114; x_wconf 90' lang='lat' dir='ltr'>ut</span> <span class='ocrx_word' id='word_1_383' title='bbox 1724 5044 1913 5114; x_wconf 88' lang='lat' dir='ltr'>Deus</span> <span class='ocrx_word' id='word_1_384' title='bbox 1965 5046 2180 5130; x_wconf 90' lang='lat' dir='ltr'>ipsum</span> <span class='ocrx_word' id='word_1_385' title='bbox 2236 5048 2304 5113; x_wconf 92' lang='lat' dir='ltr'>in</span> <span class='ocrx_word' id='word_1_386' title='bbox 2348 5044 2627 5131; x_wconf 85' lang='lat' dir='ltr'>gratiam</span> <span class='ocrx_word' id='word_1_387' title='bbox 2671 5046 2833 5112; x_wconf 90' lang='lat' dir='ltr'>reci·</span> 
     </span>
     <span class='ocr_line' id='line_1_55' title="bbox 955 5130 2831 5217; baseline -0.003 -15"><span class='ocrx_word' id='word_1_388' title='bbox 955 5136 1068 5204; x_wconf 87' lang='lat' dir='ltr'>iat.</span> <span class='ocrx_word' id='word_1_389' title='bbox 1153 5136 1405 5202; x_wconf 86' lang='lat' dir='ltr'>Verum</span> <span class='ocrx_word' id='word_1_390' title='bbox 1470 5135 1540 5200; x_wconf 89' lang='lat' dir='ltr'>in</span> <span class='ocrx_word' id='word_1_391' title='bbox 1607 5140 1861 5217; x_wconf 89' lang='lat' dir='ltr'>pectore</span> <span class='ocrx_word' id='word_1_392' title='bbox 1924 5132 2168 5198; x_wconf 89' lang='lat' dir='ltr'>latebat</span> <span class='ocrx_word' id='word_1_393' title='bbox 2232 5131 2452 5200; x_wconf 88' lang='lat' dir='ltr'>clausa</span> <span class='ocrx_word' id='word_1_394' title='bbox 2513 5130 2831 5214; x_wconf 90' lang='lat' dir='ltr'>quaedam</span> 
     </span>
    </p>

    <p class='ocr_par' dir='ltr' id='par_1_5' title="bbox 960 5216 2833 5309">
     <span class='ocr_line' id='line_1_56' title="bbox 960 5216 2833 5309; baseline -0.003 -19"><span class='ocrx_word' id='word_1_395' title='bbox 960 5222 1294 5309; x_wconf 78' lang='lat' dir='ltr'>ypocrisis.</span> <span class='ocrx_word' id='word_1_396' title='bbox 1381 5221 1642 5289; x_wconf 84' lang='lat' dir='ltr'>Morem</span> <span class='ocrx_word' id='word_1_397' title='bbox 1682 5218 1860 5286; x_wconf 92' lang='lat' dir='ltr'>enim</span> <span class='ocrx_word' id='word_1_398' title='bbox 1902 5238 2127 5285; x_wconf 90' lang='lat' dir='ltr'>eorum</span> <span class='ocrx_word' id='word_1_399' title='bbox 2169 5216 2482 5303; x_wconf 89' lang='lat' dir='ltr'>sequitur,</span> <span class='ocrx_word' id='word_1_400' title='bbox 2531 5217 2644 5301; x_wconf 86' lang='lat' dir='ltr'>qui</span> <span class='ocrx_word' id='word_1_401' title='bbox 2684 5237 2833 5303; x_wconf 88' lang='lat' dir='ltr'>pec-</span> 
     </span>
    </p>
   </div>
   <div class='ocr_carea' id='block_1_3' title="bbox 2562 310 4755 402">
    <p class='ocr_par' dir='ltr' id='par_1_6' title="bbox 2562 310 4755 402">
     <span class='ocr_line' id='line_1_57' title="bbox 2562 310 4755 402; baseline 0.002 -20"><span class='ocrx_word' id='word_1_402' title='bbox 2562 314 2976 383; x_wconf 71' lang='lat' dir='ltr'>nomn</span> <span class='ocrx_word' id='word_1_403' title='bbox 3010 310 3166 402; x_wconf 75' lang='lat' dir='ltr'>nv.</span> <span class='ocrx_word' id='word_1_404' title='bbox 4682 320 4755 387; x_wconf 77' lang='lat'>128</span> 
     </span>
    </p>
   </div>
   <div class='ocr_carea' id='block_1_4' title="bbox 2920 504 4811 4014">
    <p class='ocr_par' dir='ltr' id='par_1_7' title="bbox 2920 504 4791 2218">
     <span class='ocr_line' id='line_1_58' title="bbox 2923 504 4764 587; baseline 0.004 -18"><span class='ocrx_word' id='word_1_405' title='bbox 2923 516 3071 570; x_wconf 88' lang='lat' dir='ltr'>cata</span> <span class='ocrx_word' id='word_1_406' title='bbox 3115 504 3208 570; x_wconf 89' lang='lat' dir='ltr'>sic</span> <span class='ocrx_word' id='word_1_407' title='bbox 3253 516 3614 587; x_wconf 83' lang='lat' dir='ltr'>agnoscunt</span> <span class='ocrx_word' id='word_1_408' title='bbox 3670 515 3742 569; x_wconf 90' lang='lat' dir='ltr'>ut</span> <span class='ocrx_word' id='word_1_409' title='bbox 3799 514 4025 571; x_wconf 87' lang='lat' dir='ltr'>tamen</span> <span class='ocrx_word' id='word_1_410' title='bbox 4080 524 4158 569; x_wconf 84' lang='lat' dir='ltr'>ea</span> <span class='ocrx_word' id='word_1_411' title='bbox 4199 507 4662 571; x_wconf 83' lang='lat' dir='ltr'>commemorari</span> <span class='ocrx_word' id='word_1_412' title='bbox 4691 531 4764 576; x_wconf 79' lang='lat' dir='ltr'>no-</span> 
     </span>
     <span class='ocr_line' id='line_1_59' title="bbox 2923 587 4767 679; baseline 0.001 -23"><span class='ocrx_word' id='word_1_413' title='bbox 2923 590 3080 656; x_wconf 88' lang='lat' dir='ltr'>lint:</span> <span class='ocrx_word' id='word_1_414' title='bbox 3141 589 3255 655; x_wconf 89' lang='lat' dir='ltr'>sed</span> <span class='ocrx_word' id='word_1_415' title='bbox 3313 590 3531 673; x_wconf 89' lang='lat' dir='ltr'>potius</span> <span class='ocrx_word' id='word_1_416' title='bbox 3593 590 3816 656; x_wconf 85' lang='lat' dir='ltr'>statim</span> <span class='ocrx_word' id='word_1_417' title='bbox 3876 588 4143 656; x_wconf 88' lang='lat' dir='ltr'>absolvi.</span> <span class='ocrx_word' id='word_1_418' title='bbox 4233 587 4347 656; x_wconf 91' lang='lat' dir='ltr'>Sic</span> <span class='ocrx_word' id='word_1_419' title='bbox 4386 590 4594 658; x_wconf 85' lang='lat' dir='ltr'>solent</span> <span class='ocrx_word' id='word_1_420' title='bbox 4626 591 4767 679; x_wconf 76' lang='lat' dir='ltr'>hypo-</span> 
     </span>
     <span class='ocr_line' id='line_1_60' title="bbox 2923 675 4769 760; baseline 0 -18"><span class='ocrx_word' id='word_1_421' title='bbox 2923 677 3145 753; x_wconf 91' lang='lat' dir='ltr'>critae,</span> <span class='ocrx_word' id='word_1_422' title='bbox 3191 697 3394 760; x_wconf 90' lang='lat' dir='ltr'>quum</span> <span class='ocrx_word' id='word_1_423' title='bbox 3442 675 3663 742; x_wconf 88' lang='lat' dir='ltr'>nullus</span> <span class='ocrx_word' id='word_1_424' title='bbox 3707 675 3950 760; x_wconf 80' lang='lat' dir='ltr'>effugio</span> <span class='ocrx_word' id='word_1_425' title='bbox 3995 675 4175 742; x_wconf 89' lang='lat' dir='ltr'>locus</span> <span class='ocrx_word' id='word_1_426' title='bbox 4218 687 4531 760; x_wconf 86' lang='lat' dir='ltr'>superest,</span> <span class='ocrx_word' id='word_1_427' title='bbox 4586 695 4769 760; x_wconf 64' lang='lat' dir='ltr'>peccat·</span> 
     </span>
     <span class='ocr_line' id='line_1_61' title="bbox 2923 760 4770 860; baseline 0.003 -32"><span class='ocrx_word' id='word_1_428' title='bbox 2923 760 3183 845; x_wconf 90' lang='lat' dir='ltr'>quidem</span> <span class='ocrx_word' id='word_1_429' title='bbox 3208 761 3417 828; x_wconf 88' lang='lat' dir='ltr'>obiter</span> <span class='ocrx_word' id='word_1_430' title='bbox 3451 761 3771 839; x_wconf 88' lang='lat' dir='ltr'>confiteri,</span> <span class='ocrx_word' id='word_1_431' title='bbox 3811 771 3880 827; x_wconf 88' lang='lat' dir='ltr'>et</span> <span class='ocrx_word' id='word_1_432' title='bbox 3898 760 4076 831; x_wconf 86' lang='lat' dir='ltr'>istud</span> <span class='ocrx_word' id='word_1_433' title='bbox 4102 760 4383 846; x_wconf 78' lang='lat' dir='ltr'>Peccavi,</span> <span class='ocrx_word' id='word_1_434' title='bbox 4417 761 4770 860; x_wconf 70' lang='lat' dir='ltr'>ingeminare:</span> 
     </span>
     <span class='ocr_line' id='line_1_62' title="bbox 2922 844 4771 928; baseline 0.002 -14"><span class='ocrx_word' id='word_1_435' title='bbox 2922 847 3036 914; x_wconf 89' lang='lat' dir='ltr'>sed</span> <span class='ocrx_word' id='word_1_436' title='bbox 3093 848 3315 914; x_wconf 86' lang='lat' dir='ltr'>statim</span> <span class='ocrx_word' id='word_1_437' title='bbox 3376 856 3594 913; x_wconf 85' lang='lat' dir='ltr'>tamen</span> <span class='ocrx_word' id='word_1_438' title='bbox 3656 845 3828 912; x_wconf 90' lang='lat' dir='ltr'>velle</span> <span class='ocrx_word' id='word_1_439' title='bbox 3886 845 4157 914; x_wconf 87' lang='lat' dir='ltr'>absolvi.</span> <span class='ocrx_word' id='word_1_440' title='bbox 4259 844 4438 928; x_wconf 75' lang='lat' dir='ltr'>Quid</span> <span class='ocrx_word' id='word_1_441' title='bbox 4501 857 4589 912; x_wconf 74' lang='lat' dir='ltr'>m</span> <span class='ocrx_word' id='word_1_442' title='bbox 4634 853 4771 918; x_wconf 72' lang='lat' dir='ltr'>vcro?</span> 
     </span>
     <span class='ocr_line' id='line_1_63' title="bbox 2920 932 4769 1017; baseline 0.002 -18"><span class='ocrx_word' id='word_1_443' title='bbox 2920 932 3174 1017; x_wconf 88' lang='lat' dir='ltr'>Nempe</span> <span class='ocrx_word' id='word_1_444' title='bbox 3219 932 3733 1000; x_wconf 86' lang='lat' dir='ltr'>criminationem</span> <span class='ocrx_word' id='word_1_445' title='bbox 3781 947 3845 999; x_wconf 91' lang='lat' dir='ltr'>et</span> <span class='ocrx_word' id='word_1_446' title='bbox 3888 933 4364 999; x_wconf 84' lang='lat' dir='ltr'>accusationem</span> <span class='ocrx_word' id='word_1_447' title='bbox 4415 953 4648 1000; x_wconf 82' lang='lat' dir='ltr'>omnem</span> <span class='ocrx_word' id='word_1_448' title='bbox 4680 959 4769 1003; x_wconf 80' lang='lat' dir='ltr'>me-</span> 
     </span>
     <span class='ocr_line' id='line_1_64' title="bbox 2924 1016 4775 1102; baseline 0.004 -19"><span class='ocrx_word' id='word_1_449' title='bbox 2924 1029 3155 1098; x_wconf 91' lang='lat' dir='ltr'>tuunt,</span> <span class='ocrx_word' id='word_1_450' title='bbox 3223 1028 3290 1084; x_wconf 91' lang='lat' dir='ltr'>et</span> <span class='ocrx_word' id='word_1_451' title='bbox 3353 1020 3821 1084; x_wconf 85' lang='lat' dir='ltr'>correctionem</span> <span class='ocrx_word' id='word_1_452' title='bbox 3886 1017 4239 1102; x_wconf 86' lang='lat' dir='ltr'>refugiunt.</span> <span class='ocrx_word' id='word_1_453' title='bbox 4343 1016 4572 1101; x_wconf 85' lang='lat' dir='ltr'>Itaque</span> <span class='ocrx_word' id='word_1_454' title='bbox 4636 1024 4775 1090; x_wconf 82' lang='lat' dir='ltr'>verbo</span> 
     </span>
     <span class='ocr_line' id='line_1_65' title="bbox 2924 1102 4775 1189; baseline 0.003 -19"><span class='ocrx_word' id='word_1_455' title='bbox 2924 1126 3054 1170; x_wconf 89' lang='lat' dir='ltr'>uno</span> <span class='ocrx_word' id='word_1_456' title='bbox 3113 1104 3373 1188; x_wconf 86' lang='lat' dir='ltr'>corripi,</span> <span class='ocrx_word' id='word_1_457' title='bbox 3433 1117 3498 1170; x_wconf 92' lang='lat' dir='ltr'>et</span> <span class='ocrx_word' id='word_1_458' title='bbox 3554 1105 3777 1171; x_wconf 88' lang='lat' dir='ltr'>eodem</span> <span class='ocrx_word' id='word_1_459' title='bbox 3834 1102 4086 1170; x_wconf 89' lang='lat' dir='ltr'>absolvi</span> <span class='ocrx_word' id='word_1_460' title='bbox 4150 1105 4404 1185; x_wconf 86' lang='lat' dir='ltr'>volunt,</span> <span class='ocrx_word' id='word_1_461' title='bbox 4468 1116 4539 1171; x_wconf 83' lang='lat' dir='ltr'>et</span> <span class='ocrx_word' id='word_1_462' title='bbox 4584 1123 4775 1189; x_wconf 71' lang='lat' dir='ltr'>peccata</span> 
     </span>
     <span class='ocr_line' id='line_1_66' title="bbox 2923 1189 4778 1275; baseline 0.003 -19"><span class='ocrx_word' id='word_1_463' title='bbox 2923 1190 3185 1256; x_wconf 89' lang='lat' dir='ltr'>silentio</span> <span class='ocrx_word' id='word_1_464' title='bbox 3229 1190 3438 1271; x_wconf 85' lang='lat' dir='ltr'>obrui,</span> <span class='ocrx_word' id='word_1_465' title='bbox 3483 1212 3567 1256; x_wconf 91' lang='lat' dir='ltr'>ne</span> <span class='ocrx_word' id='word_1_466' title='bbox 3610 1192 3678 1257; x_wconf 89' lang='lat' dir='ltr'>in</span> <span class='ocrx_word' id='word_1_467' title='bbox 3724 1189 4069 1256; x_wconf 89' lang='lat' dir='ltr'>hominum</span> <span class='ocrx_word' id='word_1_468' title='bbox 4112 1210 4396 1273; x_wconf 86' lang='lat' dir='ltr'>unquam</span> <span class='ocrx_word' id='word_1_469' title='bbox 4431 1207 4778 1275; x_wconf 80' lang='lat' dir='ltr'>conspectum</span> 
     </span>
     <span class='ocr_line' id='line_1_67' title="bbox 2924 1273 4779 1361; baseline 0.003 -20"><span class='ocrx_word' id='word_1_470' title='bbox 2924 1275 3228 1342; x_wconf 88' lang='lat' dir='ltr'>veniant:</span> <span class='ocrx_word' id='word_1_471' title='bbox 3277 1285 3342 1341; x_wconf 84' lang='lat' dir='ltr'>et</span> <span class='ocrx_word' id='word_1_472' title='bbox 3384 1297 3505 1342; x_wconf 88' lang='lat' dir='ltr'>sua</span> <span class='ocrx_word' id='word_1_473' title='bbox 3546 1274 3881 1361; x_wconf 79' lang='lat' dir='ltr'>hypocrisi</span> <span class='ocrx_word' id='word_1_474' title='bbox 3914 1273 4250 1342; x_wconf 90' lang='lat' dir='ltr'>hominum</span> <span class='ocrx_word' id='word_1_475' title='bbox 4286 1274 4511 1342; x_wconf 88' lang='lat' dir='ltr'>oculos</span> <span class='ocrx_word' id='word_1_476' title='bbox 4541 1281 4779 1361; x_wconf 80' lang='lat' dir='ltr'>perstrin-</span> 
     </span>
     <span class='ocr_line' id='line_1_68' title="bbox 2925 1359 4781 1447; baseline 0.004 -21"><span class='ocrx_word' id='word_1_477' title='bbox 2925 1370 3108 1447; x_wconf 83' lang='lat' dir='ltr'>gunt.</span> <span class='ocrx_word' id='word_1_478' title='bbox 3194 1363 3288 1427; x_wconf 83' lang='lat' dir='ltr'>At</span> <span class='ocrx_word' id='word_1_479' title='bbox 3326 1381 3457 1426; x_wconf 89' lang='lat' dir='ltr'>non</span> <span class='ocrx_word' id='word_1_480' title='bbox 3502 1363 3596 1428; x_wconf 90' lang='lat' dir='ltr'>ita</span> <span class='ocrx_word' id='word_1_481' title='bbox 3634 1364 3804 1428; x_wconf 85' lang='lat' dir='ltr'>facto</span> <span class='ocrx_word' id='word_1_482' title='bbox 3848 1371 3948 1428; x_wconf 83' lang='lat' dir='ltr'>est</span> <span class='ocrx_word' id='word_1_483' title='bbox 3990 1382 4172 1444; x_wconf 89' lang='lat' dir='ltr'>opus.</span> <span class='ocrx_word' id='word_1_484' title='bbox 4242 1359 4376 1428; x_wconf 89' lang='lat' dir='ltr'>Sed</span> <span class='ocrx_word' id='word_1_485' title='bbox 4420 1375 4673 1446; x_wconf 84' lang='lat' dir='ltr'>urgente</span> <span class='ocrx_word' id='word_1_486' title='bbox 4698 1387 4781 1434; x_wconf 71' lang='lat' dir='ltr'>not</span> 
     </span>
     <span class='ocr_line' id='line_1_69' title="bbox 2925 1444 4779 1530; baseline 0 -15"><span class='ocrx_word' id='word_1_487' title='bbox 2925 1447 3353 1526; x_wconf 88' lang='lat' dir='ltr'>conscientia,</span> <span class='ocrx_word' id='word_1_488' title='bbox 3431 1445 3757 1514; x_wconf 87' lang='lat' dir='ltr'>discamus</span> <span class='ocrx_word' id='word_1_489' title='bbox 3819 1466 4037 1513; x_wconf 88' lang='lat' dir='ltr'>coram</span> <span class='ocrx_word' id='word_1_490' title='bbox 4104 1444 4249 1511; x_wconf 90' lang='lat' dir='ltr'>Deo</span> <span class='ocrx_word' id='word_1_491' title='bbox 4315 1461 4382 1514; x_wconf 89' lang='lat' dir='ltr'>et</span> <span class='ocrx_word' id='word_1_492' title='bbox 4456 1447 4779 1530; x_wconf 76' lang='lat' dir='ltr'>homiuibus,</span> 
     </span>
     <span class='ocr_line' id='line_1_70' title="bbox 2927 1532 4782 1617; baseline 0.003 -19"><span class='ocrx_word' id='word_1_493' title='bbox 2927 1533 3136 1613; x_wconf 89' lang='lat' dir='ltr'>deiici,</span> <span class='ocrx_word' id='word_1_494' title='bbox 3183 1542 3250 1597; x_wconf 90' lang='lat' dir='ltr'>et</span> <span class='ocrx_word' id='word_1_495' title='bbox 3289 1532 3644 1617; x_wconf 87' lang='lat' dir='ltr'>humiliari,</span> <span class='ocrx_word' id='word_1_496' title='bbox 3688 1543 3763 1598; x_wconf 91' lang='lat' dir='ltr'>ut</span> <span class='ocrx_word' id='word_1_497' title='bbox 3806 1551 4264 1617; x_wconf 90' lang='lat' dir='ltr'>quamcunque</span> <span class='ocrx_word' id='word_1_498' title='bbox 4300 1532 4564 1599; x_wconf 85' lang='lat' dir='ltr'>tandem</span> <span class='ocrx_word' id='word_1_499' title='bbox 4600 1557 4782 1604; x_wconf 77' lang='lat' dir='ltr'>correc-</span> 
     </span>
     <span class='ocr_line' id='line_1_71' title="bbox 2925 1616 4784 1703; baseline 0.002 -19"><span class='ocrx_word' id='word_1_500' title='bbox 2925 1619 3168 1685; x_wconf 89' lang='lat' dir='ltr'>tionem</span> <span class='ocrx_word' id='word_1_501' title='bbox 3211 1618 3546 1703; x_wconf 90' lang='lat' dir='ltr'>imponere</span> <span class='ocrx_word' id='word_1_502' title='bbox 3580 1616 3763 1685; x_wconf 91' lang='lat' dir='ltr'>Deus</span> <span class='ocrx_word' id='word_1_503' title='bbox 3808 1617 4104 1696; x_wconf 86' lang='lat' dir='ltr'>voluerit,</span> <span class='ocrx_word' id='word_1_504' title='bbox 4149 1639 4293 1685; x_wconf 91' lang='lat' dir='ltr'>eam</span> <span class='ocrx_word' id='word_1_505' title='bbox 4330 1619 4641 1701; x_wconf 84' lang='lat' dir='ltr'>patienter</span> <span class='ocrx_word' id='word_1_506' title='bbox 4667 1623 4784 1688; x_wconf 77' lang='lat' dir='ltr'>fen·</span> 
     </span>
     <span class='ocr_line' id='line_1_72' title="bbox 2927 1701 4787 1774; baseline 0.001 -4"><span class='ocrx_word' id='word_1_507' title='bbox 2927 1725 3093 1771; x_wconf 90' lang='lat' dir='ltr'>mus.</span> <span class='ocrx_word' id='word_1_508' title='bbox 3178 1702 3279 1771; x_wconf 90' lang='lat' dir='ltr'>Ac</span> <span class='ocrx_word' id='word_1_509' title='bbox 3343 1704 3397 1770; x_wconf 92' lang='lat' dir='ltr'>si</span> <span class='ocrx_word' id='word_1_510' title='bbox 3466 1705 3808 1770; x_wconf 90' lang='lat' dir='ltr'>hominum</span> <span class='ocrx_word' id='word_1_511' title='bbox 3873 1701 4237 1770; x_wconf 88' lang='lat' dir='ltr'>ministerio</span> <span class='ocrx_word' id='word_1_512' title='bbox 4290 1706 4364 1770; x_wconf 92' lang='lat' dir='ltr'>in</span> <span class='ocrx_word' id='word_1_513' title='bbox 4421 1706 4605 1773; x_wconf 86' lang='lat' dir='ltr'>nobis</span> <span class='ocrx_word' id='word_1_514' title='bbox 4651 1709 4787 1774; x_wconf 69' lang='lat' dir='ltr'>mafi-</span> 
     </span>
     <span class='ocr_line' id='line_1_73' title="bbox 2927 1787 4217 1875; baseline 0.001 -20"><span class='ocrx_word' id='word_1_515' title='bbox 2927 1789 3160 1875; x_wconf 83' lang='lat' dir='ltr'>gandis</span> <span class='ocrx_word' id='word_1_516' title='bbox 3222 1797 3477 1870; x_wconf 88' lang='lat' dir='ltr'>utatur,</span> <span class='ocrx_word' id='word_1_517' title='bbox 3558 1802 3790 1874; x_wconf 89' lang='lat' dir='ltr'>sponte</span> <span class='ocrx_word' id='word_1_518' title='bbox 3867 1787 4217 1856; x_wconf 88' lang='lat' dir='ltr'>subeamus</span> 
     </span>
     <span class='ocr_line' id='line_1_74' title="bbox 2925 1874 4788 1961; baseline 0.002 -21"><span class='ocrx_word' id='word_1_519' title='bbox 2925 1875 3353 1959; x_wconf 90' lang='lat' dir='ltr'>obloquamur</span> <span class='ocrx_word' id='word_1_520' title='bbox 3375 1884 3491 1941; x_wconf 92' lang='lat' dir='ltr'>aut</span> <span class='ocrx_word' id='word_1_521' title='bbox 3522 1875 3959 1961; x_wconf 81' lang='lat' dir='ltr'>indignemur,</span> <span class='ocrx_word' id='word_1_522' title='bbox 3993 1874 4541 1960; x_wconf 86' lang='lat' dir='ltr'>quemadmodum</span> <span class='ocrx_word' id='word_1_523' title='bbox 4561 1876 4788 1944; x_wconf 69' lang='lat' dir='ltr'>videmus</span> 
     </span>
     <span class='ocr_line' id='line_1_75' title="bbox 2927 1957 4791 2046; baseline 0.002 -21"><span class='ocrx_word' id='word_1_524' title='bbox 2927 1957 3257 2046; x_wconf 85' lang='lat' dir='ltr'>indignari</span> <span class='ocrx_word' id='word_1_525' title='bbox 3314 1969 3380 2025; x_wconf 90' lang='lat' dir='ltr'>et</span> <span class='ocrx_word' id='word_1_526' title='bbox 3434 1959 3717 2027; x_wconf 80' lang='lat' dir='ltr'>fremere</span> <span class='ocrx_word' id='word_1_527' title='bbox 3774 1959 4091 2027; x_wconf 84' lang='lat' dir='ltr'>adversus</span> <span class='ocrx_word' id='word_1_528' title='bbox 4148 1960 4366 2028; x_wconf 92' lang='lat' dir='ltr'>Deum</span> <span class='ocrx_word' id='word_1_529' title='bbox 4432 1982 4546 2029; x_wconf 87' lang='lat' dir='ltr'>eos</span> <span class='ocrx_word' id='word_1_530' title='bbox 4604 1985 4791 2040; x_wconf 72' lang='lat' dir='ltr'>omncs,</span> 
     </span>
     <span class='ocr_line' id='line_1_76' title="bbox 2927 2044 4790 2131; baseline 0.003 -20"><span class='ocrx_word' id='word_1_531' title='bbox 2927 2044 3039 2129; x_wconf 90' lang='lat' dir='ltr'>qui</span> <span class='ocrx_word' id='word_1_532' title='bbox 3081 2045 3312 2112; x_wconf 88' lang='lat' dir='ltr'>fictitia</span> <span class='ocrx_word' id='word_1_533' title='bbox 3345 2054 3414 2112; x_wconf 91' lang='lat' dir='ltr'>et</span> <span class='ocrx_word' id='word_1_534' title='bbox 3444 2047 3752 2114; x_wconf 89' lang='lat' dir='ltr'>simulata</span> <span class='ocrx_word' id='word_1_535' title='bbox 3782 2057 4199 2131; x_wconf 89' lang='lat' dir='ltr'>peccatorum</span> <span class='ocrx_word' id='word_1_536' title='bbox 4233 2047 4631 2115; x_wconf 79' lang='lat' dir='ltr'>confessione</span> <span class='ocrx_word' id='word_1_537' title='bbox 4656 2070 4790 2116; x_wconf 74' lang='lat' dir='ltr'>sano·</span> 
     </span>
     <span class='ocr_line' id='line_1_77' title="bbox 2928 2131 4505 2218; baseline 0.003 -22"><span class='ocrx_word' id='word_1_538' title='bbox 2928 2132 3137 2198; x_wconf 79' lang='lat' dir='ltr'>titatis</span> <span class='ocrx_word' id='word_1_539' title='bbox 3180 2131 3554 2214; x_wconf 89' lang='lat' dir='ltr'>opinionem</span> <span class='ocrx_word' id='word_1_540' title='bbox 3595 2131 3770 2218; x_wconf 88' lang='lat' dir='ltr'>apud</span> <span class='ocrx_word' id='word_1_541' title='bbox 3815 2132 4112 2199; x_wconf 87' lang='lat' dir='ltr'>homines</span> <span class='ocrx_word' id='word_1_542' title='bbox 4155 2142 4505 2200; x_wconf 81' lang='lat' dir='ltr'>venantur.</span> 
     </span>
    </p>

    <p class='ocr_par' dir='ltr' id='par_1_8' title="bbox 2929 2216 4799 2731">
     <span class='ocr_line' id='line_1_78' title="bbox 3099 2216 4795 2304; baseline 0.001 -21"><span class='ocrx_word' id='word_1_543' title='bbox 3099 2216 3191 2283; x_wconf 83' lang='lat' dir='ltr'>Et</span> <span class='ocrx_word' id='word_1_544' title='bbox 3233 2216 3312 2282; x_wconf 91' lang='lat' dir='ltr'>de</span> <span class='ocrx_word' id='word_1_545' title='bbox 3354 2217 3498 2284; x_wconf 89' lang='lat' dir='ltr'>istis</span> <span class='ocrx_word' id='word_1_546' title='bbox 3537 2216 3887 2299; x_wconf 71' lang='lat' dir='ltr'>hactenus:</span> <span class='ocrx_word' id='word_1_547' title='bbox 3933 2229 4344 2285; x_wconf 87' lang='lat' dir='ltr'>transeamus</span> <span class='ocrx_word' id='word_1_548' title='bbox 4387 2217 4475 2284; x_wconf 85' lang='lat' dir='ltr'>ad</span> <span class='ocrx_word' id='word_1_549' title='bbox 4509 2220 4795 2304; x_wconf 61' lang='lat' dir='ltr'>sequentia</span> 
     </span>
     <span class='ocr_line' id='line_1_79' title="bbox 2929 2299 4795 2387; baseline 0.001 -18"><span class='ocrx_word' id='word_1_550' title='bbox 2929 2300 3167 2387; x_wconf 89' lang='lat' dir='ltr'>quibus</span> <span class='ocrx_word' id='word_1_551' title='bbox 3210 2301 3446 2372; x_wconf 87' lang='lat' dir='ltr'>dicitur</span> <span class='ocrx_word' id='word_1_552' title='bbox 3491 2302 3763 2370; x_wconf 92' lang='lat' dir='ltr'>Samuel</span> <span class='ocrx_word' id='word_1_553' title='bbox 3822 2299 4262 2387; x_wconf 84' lang='lat' dir='ltr'>respondisse,</span> <span class='ocrx_word' id='word_1_554' title='bbox 4312 2325 4385 2371; x_wconf 89' lang='lat' dir='ltr'>se</span> <span class='ocrx_word' id='word_1_555' title='bbox 4441 2326 4581 2371; x_wconf 89' lang='lat' dir='ltr'>nou</span> <span class='ocrx_word' id='word_1_556' title='bbox 4632 2325 4795 2372; x_wconf 78' lang='lat' dir='ltr'>revet-</span> 
     </span>
     <span class='ocr_line' id='line_1_80' title="bbox 2929 2383 4797 2473; baseline 0 -17"><span class='ocrx_word' id='word_1_557' title='bbox 2929 2410 3157 2456; x_wconf 91' lang='lat' dir='ltr'>surum</span> <span class='ocrx_word' id='word_1_558' title='bbox 3200 2408 3349 2455; x_wconf 91' lang='lat' dir='ltr'>cum</span> <span class='ocrx_word' id='word_1_559' title='bbox 3391 2388 3552 2472; x_wconf 87' lang='lat' dir='ltr'>ipso,</span> <span class='ocrx_word' id='word_1_560' title='bbox 3595 2389 3765 2473; x_wconf 89' lang='lat' dir='ltr'>quod</span> <span class='ocrx_word' id='word_1_561' title='bbox 3808 2411 3848 2456; x_wconf 90' lang='lat' dir='ltr'>a</span> <span class='ocrx_word' id='word_1_562' title='bbox 3890 2389 4035 2455; x_wconf 91' lang='lat' dir='ltr'>Deo</span> <span class='ocrx_word' id='word_1_563' title='bbox 4077 2383 4463 2472; x_wconf 87' lang='lat' dir='ltr'>reprobatus</span> <span class='ocrx_word' id='word_1_564' title='bbox 4507 2391 4619 2456; x_wconf 85' lang='lat' dir='ltr'>sit:</span> <span class='ocrx_word' id='word_1_565' title='bbox 4662 2391 4797 2472; x_wconf 71' lang='lat' dir='ltr'>qnasi</span> 
     </span>
     <span class='ocr_line' id='line_1_81' title="bbox 2932 2473 4797 2560; baseline -0.001 -19"><span class='ocrx_word' id='word_1_566' title='bbox 2932 2473 3196 2553; x_wconf 86' lang='lat' dir='ltr'>diceret,</span> <span class='ocrx_word' id='word_1_567' title='bbox 3252 2494 3325 2540; x_wconf 88' lang='lat' dir='ltr'>se</span> <span class='ocrx_word' id='word_1_568' title='bbox 3369 2474 3496 2540; x_wconf 91' lang='lat' dir='ltr'>Dei</span> <span class='ocrx_word' id='word_1_569' title='bbox 3553 2475 3814 2542; x_wconf 90' lang='lat' dir='ltr'>decreto</span> <span class='ocrx_word' id='word_1_570' title='bbox 3872 2495 4008 2542; x_wconf 90' lang='lat' dir='ltr'>non</span> <span class='ocrx_word' id='word_1_571' title='bbox 4066 2494 4253 2558; x_wconf 85' lang='lat' dir='ltr'>posse</span> <span class='ocrx_word' id='word_1_572' title='bbox 4295 2475 4638 2543; x_wconf 88' lang='lat' dir='ltr'>reluctari:</span> <span class='ocrx_word' id='word_1_573' title='bbox 4677 2473 4797 2560; x_wconf 75' lang='lat' dir='ltr'>quctl</span> 
     </span>
     <span class='ocr_line' id='line_1_82' title="bbox 2931 2559 4799 2644; baseline 0 -18"><span class='ocrx_word' id='word_1_574' title='bbox 2931 2559 3237 2644; x_wconf 90' lang='lat' dir='ltr'>quoniam</span> <span class='ocrx_word' id='word_1_575' title='bbox 3302 2561 3806 2643; x_wconf 86' lang='lat' dir='ltr'>pronunciatum</span> <span class='ocrx_word' id='word_1_576' title='bbox 3871 2561 4082 2627; x_wconf 92' lang='lat' dir='ltr'>eidem</span> <span class='ocrx_word' id='word_1_577' title='bbox 4146 2561 4678 2643; x_wconf 85' lang='lat' dir='ltr'>acquiescendum</span> <span class='ocrx_word' id='word_1_578' title='bbox 4728 2561 4799 2627; x_wconf 81' lang='lat' dir='ltr'>sit</span> 
     </span>
     <span class='ocr_line' id='line_1_83' title="bbox 2929 2645 4798 2731; baseline -0.001 -18"><span class='ocrx_word' id='word_1_579' title='bbox 2929 2645 3062 2713; x_wconf 89' lang='lat' dir='ltr'>Hic</span> <span class='ocrx_word' id='word_1_580' title='bbox 3125 2645 3409 2729; x_wconf 89' lang='lat' dir='ltr'>primum</span> <span class='ocrx_word' id='word_1_581' title='bbox 3472 2647 3766 2731; x_wconf 87' lang='lat' dir='ltr'>quaestio</span> <span class='ocrx_word' id='word_1_582' title='bbox 3830 2646 4161 2713; x_wconf 89' lang='lat' dir='ltr'>suboritur</span> <span class='ocrx_word' id='word_1_583' title='bbox 4178 2695 4195 2723; x_wconf 88' lang='lat'>,</span> <span class='ocrx_word' id='word_1_584' title='bbox 4257 2646 4579 2730; x_wconf 86' lang='lat' dir='ltr'>quomodo</span> <span class='ocrx_word' id='word_1_585' title='bbox 4634 2655 4798 2714; x_wconf 76' lang='lat' dir='ltr'>tamen</span> 
     </span>
    </p>

    <p class='ocr_par' dir='ltr' id='par_1_9' title="bbox 2932 2728 4811 4014">
     <span class='ocr_line' id='line_1_84' title="bbox 2979 2728 4801 2817; baseline -0.001 -19"><span class='ocrx_word' id='word_1_586' title='bbox 2979 2738 3161 2798; x_wconf 89' lang='lat' dir='ltr'>ostea</span> <span class='ocrx_word' id='word_1_587' title='bbox 3204 2728 3470 2798; x_wconf 88' lang='lat' dir='ltr'>Samuel</span> <span class='ocrx_word' id='word_1_588' title='bbox 3512 2753 3663 2799; x_wconf 92' lang='lat' dir='ltr'>cum</span> <span class='ocrx_word' id='word_1_589' title='bbox 3707 2729 3908 2799; x_wconf 90' lang='lat' dir='ltr'>Saule</span> <span class='ocrx_word' id='word_1_590' title='bbox 3951 2750 4253 2797; x_wconf 87' lang='lat' dir='ltr'>reversus</span> <span class='ocrx_word' id='word_1_591' title='bbox 4291 2734 4398 2812; x_wconf 92' lang='lat' dir='ltr'>sit,</span> <span class='ocrx_word' id='word_1_592' title='bbox 4444 2753 4643 2817; x_wconf 90' lang='lat' dir='ltr'>quum</span> <span class='ocrx_word' id='word_1_593' title='bbox 4678 2754 4735 2799; x_wconf 83' lang='lat' dir='ltr'>se</span> <span class='ocrx_word' id='word_1_594' title='bbox 4758 2728 4801 2796; x_wconf 83' lang='lat' dir='ltr'>id</span> 
     </span>
     <span class='ocr_line' id='line_1_85' title="bbox 3036 2815 4801 2886; baseline 0.001 -4"><span class='ocrx_word' id='word_1_595' title='bbox 3036 2826 3262 2883; x_wconf 90' lang='lat' dir='ltr'>turum</span> <span class='ocrx_word' id='word_1_596' title='bbox 3319 2826 3516 2883; x_wconf 89' lang='lat' dir='ltr'>antea</span> <span class='ocrx_word' id='word_1_597' title='bbox 3570 2837 3653 2883; x_wconf 90' lang='lat' dir='ltr'>ne</span> <span class='ocrx_word' id='word_1_598' title='bbox 3740 2820 3925 2886; x_wconf 89' lang='lat' dir='ltr'>verit.</span> <span class='ocrx_word' id='word_1_599' title='bbox 4014 2815 4296 2884; x_wconf 84' lang='lat' dir='ltr'>Videtur</span> <span class='ocrx_word' id='word_1_600' title='bbox 4338 2818 4523 2885; x_wconf 88' lang='lat' dir='ltr'>enim</span> <span class='ocrx_word' id='word_1_601' title='bbox 4562 2839 4685 2885; x_wconf 90' lang='lat' dir='ltr'>non</span> <span class='ocrx_word' id='word_1_602' title='bbox 4719 2816 4801 2883; x_wconf 79' lang='lat' dir='ltr'>sibi</span> 
     </span>
     <span class='ocr_line' id='line_1_86' title="bbox 2932 2900 4804 2989; baseline 0 -20"><span class='ocrx_word' id='word_1_603' title='bbox 2932 2911 3250 2979; x_wconf 83' lang='lat' dir='ltr'>constare,</span> <span class='ocrx_word' id='word_1_604' title='bbox 3311 2900 3425 2967; x_wconf 89' lang='lat' dir='ltr'>sed</span> <span class='ocrx_word' id='word_1_605' title='bbox 3491 2902 3663 2970; x_wconf 91' lang='lat' dir='ltr'>vacil</span> <span class='ocrx_word' id='word_1_606' title='bbox 3691 2923 3837 2970; x_wconf 89' lang='lat' dir='ltr'>are:</span> <span class='ocrx_word' id='word_1_607' title='bbox 3904 2902 4075 2987; x_wconf 89' lang='lat' dir='ltr'>quod</span> <span class='ocrx_word' id='word_1_608' title='bbox 4144 2922 4282 2968; x_wconf 92' lang='lat' dir='ltr'>non</span> <span class='ocrx_word' id='word_1_609' title='bbox 4334 2906 4646 2972; x_wconf 88' lang='lat' dir='ltr'>convenit</span> <span class='ocrx_word' id='word_1_610' title='bbox 4700 2924 4804 2989; x_wconf 86' lang='lat' dir='ltr'>pro·</span> 
     </span>
     <span class='ocr_line' id='line_1_87' title="bbox 2932 2985 4802 3073; baseline -0.002 -17"><span class='ocrx_word' id='word_1_611' title='bbox 2932 2988 3187 3073; x_wconf 86' lang='lat' dir='ltr'>phetae,</span> <span class='ocrx_word' id='word_1_612' title='bbox 3231 2993 3309 3053; x_wconf 92' lang='lat' dir='ltr'>ut</span> <span class='ocrx_word' id='word_1_613' title='bbox 3350 2987 3422 3052; x_wconf 93' lang='lat' dir='ltr'>in</span> <span class='ocrx_word' id='word_1_614' title='bbox 3462 2987 3604 3072; x_wconf 89' lang='lat' dir='ltr'>ipso</span> <span class='ocrx_word' id='word_1_615' title='bbox 3647 2987 3902 3057; x_wconf 86' lang='lat' dir='ltr'>dicatur</span> <span class='ocrx_word' id='word_1_616' title='bbox 3945 3010 4087 3056; x_wconf 87' lang='lat' dir='ltr'>esse</span> <span class='ocrx_word' id='word_1_617' title='bbox 4106 2987 4329 3054; x_wconf 85' lang='lat' dir='ltr'>Etiam</span> <span class='ocrx_word' id='word_1_618' title='bbox 4373 2998 4445 3056; x_wconf 88' lang='lat' dir='ltr'>et</span> <span class='ocrx_word' id='word_1_619' title='bbox 4481 2990 4647 3067; x_wconf 84' lang='lat' dir='ltr'>Non,</span> <span class='ocrx_word' id='word_1_620' title='bbox 4681 2985 4802 3073; x_wconf 84' lang='lat' dir='ltr'>quod</span> 
     </span>
     <span class='ocr_line' id='line_1_88' title="bbox 2932 3072 4805 3159; baseline -0.001 -18"><span class='ocrx_word' id='word_1_621' title='bbox 2932 3073 3170 3141; x_wconf 84' lang='lat' dir='ltr'>avertit</span> <span class='ocrx_word' id='word_1_622' title='bbox 3192 3072 3440 3140; x_wconf 87' lang='lat' dir='ltr'>Paulus</span> <span class='ocrx_word' id='word_1_623' title='bbox 3475 3093 3515 3139; x_wconf 88' lang='lat' dir='ltr'>a</span> <span class='ocrx_word' id='word_1_624' title='bbox 3554 3096 3623 3139; x_wconf 88' lang='lat' dir='ltr'>se</span> <span class='ocrx_word' id='word_1_625' title='bbox 3664 3075 3739 3140; x_wconf 88' lang='lat' dir='ltr'>iu</span> <span class='ocrx_word' id='word_1_626' title='bbox 3781 3074 3844 3142; x_wconf 83' lang='lat'>2.</span> <span class='ocrx_word' id='word_1_627' title='bbox 3879 3073 3960 3141; x_wconf 88' lang='lat' dir='ltr'>ad</span> <span class='ocrx_word' id='word_1_628' title='bbox 3984 3073 4284 3142; x_wconf 84' lang='lat' dir='ltr'>Corinth.</span> <span class='ocrx_word' id='word_1_629' title='bbox 4329 3076 4627 3159; x_wconf 85' lang='lat' dir='ltr'>epistola,</span> <span class='ocrx_word' id='word_1_630' title='bbox 4654 3093 4805 3159; x_wconf 88' lang='lat' dir='ltr'>quum</span> 
     </span>
     <span class='ocr_line' id='line_1_89' title="bbox 2933 3157 4805 3247; baseline 0.001 -22"><span class='ocrx_word' id='word_1_631' title='bbox 2933 3159 3059 3226; x_wconf 89' lang='lat' dir='ltr'>ait:</span> <span class='ocrx_word' id='word_1_632' title='bbox 3116 3158 3306 3226; x_wconf 72' lang='lat' dir='ltr'>Novit</span> <span class='ocrx_word' id='word_1_633' title='bbox 3343 3157 3551 3240; x_wconf 75' lang='lat' dir='ltr'>fidelis</span> <span class='ocrx_word' id='word_1_634' title='bbox 3587 3158 3771 3227; x_wconf 80' lang='lat' dir='ltr'>Deus</span> <span class='ocrx_word' id='word_1_635' title='bbox 3823 3180 4162 3227; x_wconf 64' lang='lat' dir='ltr'>amionem</span> <span class='ocrx_word' id='word_1_636' title='bbox 4203 3166 4497 3227; x_wconf 65' lang='lat' dir='ltr'>noem</span> <span class='ocrx_word' id='word_1_637' title='bbox 4535 3161 4805 3247; x_wconf 65' lang='lat' dir='ltr'>apudvoc,</span> 
     </span>
     <span class='ocr_line' id='line_1_90' title="bbox 2932 3243 4804 3328; baseline -0.002 -16"><span class='ocrx_word' id='word_1_638' title='bbox 2932 3265 3057 3312; x_wconf 74' lang='lat' dir='ltr'>non</span> <span class='ocrx_word' id='word_1_639' title='bbox 3093 3244 3296 3328; x_wconf 76' lang='lat' dir='ltr'>fuisse</span> <span class='ocrx_word' id='word_1_640' title='bbox 3327 3243 3548 3311; x_wconf 76' lang='lat' dir='ltr'>Etiam</span> <span class='ocrx_word' id='word_1_641' title='bbox 3588 3249 3645 3311; x_wconf 78' lang='lat' dir='ltr'>et</span> <span class='ocrx_word' id='word_1_642' title='bbox 3680 3246 3841 3312; x_wconf 82' lang='lat' dir='ltr'>Non.</span> <span class='ocrx_word' id='word_1_643' title='bbox 3908 3244 4043 3312; x_wconf 88' lang='lat' dir='ltr'>Sed</span> <span class='ocrx_word' id='word_1_644' title='bbox 4085 3245 4568 3314; x_wconf 85' lang='lat' dir='ltr'>observandum</span> <span class='ocrx_word' id='word_1_645' title='bbox 4593 3246 4804 3314; x_wconf 74' lang='lat' dir='ltr'>Samue-</span> 
     </span>
     <span class='ocr_line' id='line_1_91' title="bbox 2932 3328 4809 3430; baseline -0.001 -34"><span class='ocrx_word' id='word_1_646' title='bbox 2932 3330 3063 3397; x_wconf 90' lang='lat' dir='ltr'>lem</span> <span class='ocrx_word' id='word_1_647' title='bbox 3099 3338 3446 3430; x_wconf 68' lang='lat' dir='ltr'>negantem</span> <span class='ocrx_word' id='word_1_648' title='bbox 3483 3350 3555 3397; x_wconf 91' lang='lat' dir='ltr'>se</span> <span class='ocrx_word' id='word_1_649' title='bbox 3589 3353 3735 3398; x_wconf 90' lang='lat' dir='ltr'>cum</span> <span class='ocrx_word' id='word_1_650' title='bbox 3761 3329 3962 3400; x_wconf 88' lang='lat' dir='ltr'>Saule</span> <span class='ocrx_word' id='word_1_651' title='bbox 4004 3351 4449 3411; x_wconf 85' lang='lat' dir='ltr'>reversurum,</span> <span class='ocrx_word' id='word_1_652' title='bbox 4492 3332 4661 3398; x_wconf 89' lang='lat' dir='ltr'>idem</span> <span class='ocrx_word' id='word_1_653' title='bbox 4692 3328 4809 3394; x_wconf 75' lang='lat' dir='ltr'>veno</span> 
     </span>
     <span class='ocr_line' id='line_1_92' title="bbox 2935 3414 4805 3504; baseline -0.002 -21"><span class='ocrx_word' id='word_1_654' title='bbox 2935 3437 3011 3483; x_wconf 92' lang='lat' dir='ltr'>ac</span> <span class='ocrx_word' id='word_1_655' title='bbox 3052 3416 3110 3484; x_wconf 90' lang='lat' dir='ltr'>si</span> <span class='ocrx_word' id='word_1_656' title='bbox 3156 3415 3419 3504; x_wconf 75' lang='lat' dir='ltr'>diceret,</span> <span class='ocrx_word' id='word_1_657' title='bbox 3461 3438 3533 3483; x_wconf 89' lang='lat' dir='ltr'>se</span> <span class='ocrx_word' id='word_1_658' title='bbox 3575 3437 3712 3482; x_wconf 91' lang='lat' dir='ltr'>non</span> <span class='ocrx_word' id='word_1_659' title='bbox 3755 3415 4036 3502; x_wconf 88' lang='lat' dir='ltr'>amplius</span> <span class='ocrx_word' id='word_1_660' title='bbox 4079 3437 4265 3501; x_wconf 85' lang='lat' dir='ltr'>posse</span> <span class='ocrx_word' id='word_1_661' title='bbox 4305 3418 4388 3486; x_wconf 89' lang='lat' dir='ltr'>ab</span> <span class='ocrx_word' id='word_1_662' title='bbox 4424 3419 4633 3503; x_wconf 81' lang='lat' dir='ltr'>ipsius</span> <span class='ocrx_word' id='word_1_663' title='bbox 4664 3414 4805 3501; x_wconf 73' lang='lat' dir='ltr'>parti·</span> 
     </span>
     <span class='ocr_line' id='line_1_93' title="bbox 2935 3499 4809 3585; baseline 0.004 -19"><span class='ocrx_word' id='word_1_664' title='bbox 2935 3500 3058 3568; x_wconf 89' lang='lat' dir='ltr'>bus</span> <span class='ocrx_word' id='word_1_665' title='bbox 3115 3512 3325 3569; x_wconf 82' lang='lat' dir='ltr'>stare.-</span> <span class='ocrx_word' id='word_1_666' title='bbox 3381 3501 3570 3585; x_wconf 88' lang='lat' dir='ltr'>quasi</span> <span class='ocrx_word' id='word_1_667' title='bbox 3628 3501 3905 3570; x_wconf 89' lang='lat' dir='ltr'>diceret:</span> <span class='ocrx_word' id='word_1_668' title='bbox 3963 3502 4189 3569; x_wconf 85' lang='lat' dir='ltr'>Meum</span> <span class='ocrx_word' id='word_1_669' title='bbox 4246 3524 4383 3569; x_wconf 89' lang='lat' dir='ltr'>non</span> <span class='ocrx_word' id='word_1_670' title='bbox 4429 3515 4536 3571; x_wconf 84' lang='lat' dir='ltr'>est</span> <span class='ocrx_word' id='word_1_671' title='bbox 4574 3514 4637 3570; x_wconf 78' lang='lat' dir='ltr'>te</span> <span class='ocrx_word' id='word_1_672' title='bbox 4676 3499 4809 3574; x_wconf 68' lang='lat' dir='ltr'>tuen.</span> 
     </span>
     <span class='ocr_line' id='line_1_94' title="bbox 2936 3584 4807 3672; baseline -0.001 -19"><span class='ocrx_word' id='word_1_673' title='bbox 2936 3588 3111 3654; x_wconf 89' lang='lat' dir='ltr'>sicut</span> <span class='ocrx_word' id='word_1_674' title='bbox 3163 3608 3284 3672; x_wconf 86' lang='lat' dir='ltr'>ego</span> <span class='ocrx_word' id='word_1_675' title='bbox 3328 3598 3391 3653; x_wconf 85' lang='lat' dir='ltr'>te</span> <span class='ocrx_word' id='word_1_676' title='bbox 3436 3608 3658 3670; x_wconf 84' lang='lat' dir='ltr'>regem</span> <span class='ocrx_word' id='word_1_677' title='bbox 3714 3610 3849 3654; x_wconf 88' lang='lat' dir='ltr'>non</span> <span class='ocrx_word' id='word_1_678' title='bbox 3906 3609 3987 3652; x_wconf 79' lang='lat' dir='ltr'>ex</span> <span class='ocrx_word' id='word_1_679' title='bbox 4024 3609 4171 3654; x_wconf 88' lang='lat' dir='ltr'>meo</span> <span class='ocrx_word' id='word_1_680' title='bbox 4212 3586 4490 3656; x_wconf 82' lang='lat' dir='ltr'>arbitrio</span> <span class='ocrx_word' id='word_1_681' title='bbox 4528 3584 4807 3656; x_wconf 78' lang='lat' dir='ltr'>constitui:</span> 
     </span>
     <span class='ocr_line' id='line_1_95' title="bbox 2935 3673 4807 3773; baseline 0.001 -34"><span class='ocrx_word' id='word_1_682' title='bbox 2935 3673 3030 3739; x_wconf 89' lang='lat' dir='ltr'>sic</span> <span class='ocrx_word' id='word_1_683' title='bbox 3070 3693 3282 3757; x_wconf 90' lang='lat' dir='ltr'>neque</span> <span class='ocrx_word' id='word_1_684' title='bbox 3325 3694 3446 3773; x_wconf 70' lang='lat' dir='ltr'>ego</span> <span class='ocrx_word' id='word_1_685' title='bbox 3488 3685 3553 3738; x_wconf 88' lang='lat' dir='ltr'>te</span> <span class='ocrx_word' id='word_1_686' title='bbox 3587 3694 3736 3740; x_wconf 88' lang='lat' dir='ltr'>mea</span> <span class='ocrx_word' id='word_1_687' title='bbox 3769 3673 4118 3741; x_wconf 88' lang='lat' dir='ltr'>autoritate</span> <span class='ocrx_word' id='word_1_688' title='bbox 4153 3695 4423 3759; x_wconf 83' lang='lat' dir='ltr'>possum</span> <span class='ocrx_word' id='word_1_689' title='bbox 4462 3692 4807 3744; x_wconf 70' lang='lat' dir='ltr'>conservata</span> 
     </span>
     <span class='ocr_line' id='line_1_96' title="bbox 2936 3757 4809 3847; baseline -0.001 -24"><span class='ocrx_word' id='word_1_690' title='bbox 2936 3759 3083 3843; x_wconf 85' lang='lat' dir='ltr'>Ego</span> <span class='ocrx_word' id='word_1_691' title='bbox 3149 3766 3215 3826; x_wconf 90' lang='lat' dir='ltr'>te</span> <span class='ocrx_word' id='word_1_692' title='bbox 3280 3757 3539 3842; x_wconf 72' lang='lat' dir='ltr'>quidem</span> <span class='ocrx_word' id='word_1_693' title='bbox 3600 3759 3727 3825; x_wconf 91' lang='lat' dir='ltr'>Dei</span> <span class='ocrx_word' id='word_1_694' title='bbox 3791 3759 3975 3827; x_wconf 89' lang='lat' dir='ltr'>iussu</span> <span class='ocrx_word' id='word_1_695' title='bbox 4037 3780 4260 3844; x_wconf 82' lang='lat' dir='ltr'>regem</span> <span class='ocrx_word' id='word_1_696' title='bbox 4319 3759 4722 3847; x_wconf 71' lang='lat' dir='ltr'>inaugunvi,</span> <span class='ocrx_word' id='word_1_697' title='bbox 4767 3761 4809 3821; x_wconf 77' lang='lat' dir='ltr'>ut</span> 
     </span>
     <span class='ocr_line' id='line_1_97' title="bbox 2936 3842 4811 3930; baseline -0.001 -21"><span class='ocrx_word' id='word_1_698' title='bbox 2936 3843 3209 3910; x_wconf 79' lang='lat' dir='ltr'>inunxi:</span> <span class='ocrx_word' id='word_1_699' title='bbox 3277 3844 3390 3912; x_wconf 89' lang='lat' dir='ltr'>sed</span> <span class='ocrx_word' id='word_1_700' title='bbox 3457 3865 3656 3928; x_wconf 91' lang='lat' dir='ltr'>quum</span> <span class='ocrx_word' id='word_1_701' title='bbox 3714 3866 3750 3909; x_wconf 91' lang='lat' dir='ltr'>r</span> <span class='ocrx_word' id='word_1_702' title='bbox 3836 3845 3850 3860; x_wconf 86' lang='lat'><strong>‘</strong></span> <span class='ocrx_word' id='word_1_703' title='bbox 3950 3842 4068 3911; x_wconf 90' lang='lat' dir='ltr'>illa</span> <span class='ocrx_word' id='word_1_704' title='bbox 4123 3843 4450 3930; x_wconf 73' lang='lat' dir='ltr'>dignitate</span> <span class='ocrx_word' id='word_1_705' title='bbox 4508 3845 4691 3930; x_wconf 79' lang='lat' dir='ltr'>culpa</span> <span class='ocrx_word' id='word_1_706' title='bbox 4734 3855 4811 3908; x_wconf 76' lang='lat' dir='ltr'>tm</span> 
     </span>
     <span class='ocr_line' id='line_1_98' title="bbox 2937 3867 4323 4014; baseline 0.002 -19"><span class='ocrx_word' id='word_1_707' title='bbox 2937 3930 3276 4011; x_wconf 86' lang='lat' dir='ltr'>excideris,</span> <span class='ocrx_word' id='word_1_708' title='bbox 3321 3952 3405 3995; x_wconf 90' lang='lat' dir='ltr'>ne</span> <span class='ocrx_word' id='word_1_709' title='bbox 3447 3928 3603 4014; x_wconf 88' lang='lat' dir='ltr'>quid</span> <span class='ocrx_word' id='word_1_710' title='bbox 3647 3867 3927 4014; x_wconf 54' lang='lat' dir='ltr'>amffis</span> <span class='ocrx_word' id='word_1_711' title='bbox 3977 3952 4018 3996; x_wconf 94' lang='lat' dir='ltr'>a</span> <span class='ocrx_word' id='word_1_712' title='bbox 4057 3952 4164 3997; x_wconf 89' lang='lat' dir='ltr'>me</span> <span class='ocrx_word' id='word_1_713' title='bbox 4205 3952 4323 3998; x_wconf 82' lang='lat' dir='ltr'>exs</span> 
     </span>
    </p>
   </div>
   <div class='ocr_carea' id='block_1_5' title="bbox 2937 3943 4811 4102">
    <p class='ocr_par' dir='ltr' id='par_1_10' title="bbox 2937 3943 4811 4102">
     <span class='ocr_line' id='line_1_99' title="bbox 4451 3943 4811 4011; baseline -0.014 -12"><span class='ocrx_word' id='word_1_714' title='bbox 4451 3943 4614 3999; x_wconf 85' lang='lat' dir='ltr'>tato:</span> <span class='ocrx_word' id='word_1_715' title='bbox 4655 3947 4811 4011; x_wconf 72' lang='lat' dir='ltr'>nequo</span> 
     </span>
     <span class='ocr_line' id='line_1_100' title="bbox 2937 4012 4286 4102; baseline 0.002 -20"><span class='ocrx_word' id='word_1_716' title='bbox 2937 4015 3115 4082; x_wconf 89' lang='lat' dir='ltr'>enim</span> <span class='ocrx_word' id='word_1_717' title='bbox 3157 4016 3275 4084; x_wconf 87' lang='lat' dir='ltr'>tibi</span> <span class='ocrx_word' id='word_1_718' title='bbox 3312 4012 3663 4099; x_wconf 89' lang='lat' dir='ltr'>quidquam</span> <span class='ocrx_word' id='word_1_719' title='bbox 3700 4038 3820 4101; x_wconf 85' lang='lat' dir='ltr'>ego</span> <span class='ocrx_word' id='word_1_720' title='bbox 3853 4015 4133 4083; x_wconf 89' lang='lat' dir='ltr'>contuli:</span> <span class='ocrx_word' id='word_1_721' title='bbox 4166 4038 4286 4102; x_wconf 75' lang='lat' dir='ltr'>ego</span> 
     </span>
    </p>
   </div>
   <div class='ocr_carea' id='block_1_6' title="bbox 2936 4029 4811 5217">
    <p class='ocr_par' dir='ltr' id='par_1_11' title="bbox 2936 4029 4811 5217">
     <span class='ocr_line' id='line_1_101' title="bbox 4458 4029 4811 4086; baseline -0.017 0"><span class='ocrx_word' id='word_1_722' title='bbox 4458 4029 4647 4086; x_wconf 86' lang='lat' dir='ltr'>tenus</span> <span class='ocrx_word' id='word_1_723' title='bbox 4676 4029 4811 4082; x_wconf 74' lang='lat' dir='ltr'>tuam</span> 
     </span>
     <span class='ocr_line' id='line_1_102' title="bbox 2939 4099 4809 4187; baseline 0.003 -20"><span class='ocrx_word' id='word_1_724' title='bbox 2939 4100 3326 4187; x_wconf 80' lang='lat' dir='ltr'>dignitatem</span> <span class='ocrx_word' id='word_1_725' title='bbox 3384 4101 3454 4167; x_wconf 91' lang='lat' dir='ltr'>in</span> <span class='ocrx_word' id='word_1_726' title='bbox 3508 4122 3639 4185; x_wconf 89' lang='lat' dir='ltr'>qua</span> <span class='ocrx_word' id='word_1_727' title='bbox 3696 4123 3767 4169; x_wconf 90' lang='lat' dir='ltr'>es</span> <span class='ocrx_word' id='word_1_728' title='bbox 3811 4124 3850 4169; x_wconf 91' lang='lat' dir='ltr'>a</span> <span class='ocrx_word' id='word_1_729' title='bbox 3889 4103 4035 4168; x_wconf 91' lang='lat' dir='ltr'>Deo</span> <span class='ocrx_word' id='word_1_730' title='bbox 4093 4103 4497 4171; x_wconf 82' lang='lat' dir='ltr'>constitutus</span> <span class='ocrx_word' id='word_1_731' title='bbox 4556 4099 4809 4187; x_wconf 70' lang='lat' dir='ltr'>promovi·</span> 
     </span>
     <span class='ocr_line' id='line_1_103' title="bbox 2938 4179 4809 4270; baseline -0.001 -18"><span class='ocrx_word' id='word_1_732' title='bbox 2938 4200 3007 4252; x_wconf 92' lang='lat' dir='ltr'>et</span> <span class='ocrx_word' id='word_1_733' title='bbox 3071 4208 3189 4270; x_wconf 90' lang='lat' dir='ltr'>pro</span> <span class='ocrx_word' id='word_1_734' title='bbox 3255 4186 3419 4253; x_wconf 90' lang='lat' dir='ltr'>mihi</span> <span class='ocrx_word' id='word_1_735' title='bbox 3484 4187 3826 4254; x_wconf 89' lang='lat' dir='ltr'>commisso</span> <span class='ocrx_word' id='word_1_736' title='bbox 3879 4208 4149 4255; x_wconf 90' lang='lat' dir='ltr'>munere</span> <span class='ocrx_word' id='word_1_737' title='bbox 4206 4199 4467 4257; x_wconf 84' lang='lat' dir='ltr'>tutatus</span> <span class='ocrx_word' id='word_1_738' title='bbox 4523 4206 4691 4257; x_wconf 86' lang='lat' dir='ltr'>sum:</span> <span class='ocrx_word' id='word_1_739' title='bbox 4733 4179 4809 4251; x_wconf 77' lang='lat' dir='ltr'>sed</span> 
     </span>
     <span class='ocr_line' id='line_1_104' title="bbox 2939 4271 4811 4365; baseline -0.001 -28"><span class='ocrx_word' id='word_1_740' title='bbox 2939 4271 3465 4357; x_wconf 90' lang='lat' dir='ltr'>quandoquidem</span> <span class='ocrx_word' id='word_1_741' title='bbox 3522 4272 3705 4339; x_wconf 89' lang='lat' dir='ltr'>Deus</span> <span class='ocrx_word' id='word_1_742' title='bbox 3770 4284 3834 4340; x_wconf 84' lang='lat' dir='ltr'>te</span> <span class='ocrx_word' id='word_1_743' title='bbox 3897 4295 4030 4340; x_wconf 91' lang='lat' dir='ltr'>non</span> <span class='ocrx_word' id='word_1_744' title='bbox 4095 4274 4378 4358; x_wconf 87' lang='lat' dir='ltr'>amplius</span> <span class='ocrx_word' id='word_1_745' title='bbox 4445 4296 4665 4359; x_wconf 77' lang='lat' dir='ltr'>regem</span> <span class='ocrx_word' id='word_1_746' title='bbox 4718 4273 4811 4365; x_wconf 69' lang='lat' dir='ltr'>fore</span> 
     </span>
     <span class='ocr_line' id='line_1_105' title="bbox 2937 4356 4808 4444; baseline -0.002 -19"><span class='ocrx_word' id='word_1_747' title='bbox 2937 4358 3230 4425; x_wconf 85' lang='lat' dir='ltr'>minatus</span> <span class='ocrx_word' id='word_1_748' title='bbox 3288 4366 3405 4439; x_wconf 89' lang='lat' dir='ltr'>est,</span> <span class='ocrx_word' id='word_1_749' title='bbox 3460 4379 3566 4425; x_wconf 91' lang='lat' dir='ltr'>me</span> <span class='ocrx_word' id='word_1_750' title='bbox 3623 4356 3764 4425; x_wconf 89' lang='lat' dir='ltr'>Deo</span> <span class='ocrx_word' id='word_1_751' title='bbox 3818 4380 4043 4444; x_wconf 90' lang='lat' dir='ltr'>parere</span> <span class='ocrx_word' id='word_1_752' title='bbox 4102 4380 4219 4443; x_wconf 90' lang='lat' dir='ltr'>par</span> <span class='ocrx_word' id='word_1_753' title='bbox 4271 4369 4392 4428; x_wconf 88' lang='lat' dir='ltr'>est.</span> <span class='ocrx_word' id='word_1_754' title='bbox 4500 4361 4677 4427; x_wconf 86' lang='lat' dir='ltr'>Haec</span> <span class='ocrx_word' id='word_1_755' title='bbox 4727 4357 4808 4421; x_wconf 70' lang='lat' dir='ltr'>fun</span> 
     </span>
     <span class='ocr_line' id='line_1_106' title="bbox 2936 4442 4809 4530; baseline -0.001 -21"><span class='ocrx_word' id='word_1_756' title='bbox 2936 4465 3124 4510; x_wconf 88' lang='lat' dir='ltr'>mens</span> <span class='ocrx_word' id='word_1_757' title='bbox 3159 4442 3511 4511; x_wconf 90' lang='lat' dir='ltr'>Samuelis.</span> <span class='ocrx_word' id='word_1_758' title='bbox 3578 4443 3711 4514; x_wconf 86' lang='lat' dir='ltr'>Sed</span> <span class='ocrx_word' id='word_1_759' title='bbox 3750 4467 3951 4530; x_wconf 90' lang='lat' dir='ltr'>quum</span> <span class='ocrx_word' id='word_1_760' title='bbox 3990 4445 4181 4512; x_wconf 92' lang='lat' dir='ltr'>illum</span> <span class='ocrx_word' id='word_1_761' title='bbox 4220 4460 4457 4530; x_wconf 85' lang='lat' dir='ltr'>postea</span> <span class='ocrx_word' id='word_1_762' title='bbox 4498 4445 4809 4520; x_wconf 74' lang='lat' dir='ltr'>comitatur,</span> 
     </span>
     <span class='ocr_line' id='line_1_107' title="bbox 2936 4528 4807 4620; baseline 0.001 -25"><span class='ocrx_word' id='word_1_763' title='bbox 2936 4528 3104 4595; x_wconf 89' lang='lat' dir='ltr'>nihil</span> <span class='ocrx_word' id='word_1_764' title='bbox 3162 4529 3241 4596; x_wconf 88' lang='lat' dir='ltr'>de</span> <span class='ocrx_word' id='word_1_765' title='bbox 3284 4529 3555 4596; x_wconf 90' lang='lat' dir='ltr'>Domini</span> <span class='ocrx_word' id='word_1_766' title='bbox 3607 4532 3935 4598; x_wconf 88' lang='lat' dir='ltr'>sententia</span> <span class='ocrx_word' id='word_1_767' title='bbox 3986 4531 4401 4598; x_wconf 82' lang='lat' dir='ltr'>irrevocabili</span> <span class='ocrx_word' id='word_1_768' title='bbox 4463 4531 4807 4620; x_wconf 51' lang='lat' dir='ltr'>detractant</span> 
     </span>
     <span class='ocr_line' id='line_1_108' title="bbox 2939 4609 4808 4701; baseline -0.002 -20"><span class='ocrx_word' id='word_1_769' title='bbox 2939 4624 3058 4682; x_wconf 87' lang='lat' dir='ltr'>aut</span> <span class='ocrx_word' id='word_1_770' title='bbox 3120 4616 3586 4682; x_wconf 87' lang='lat' dir='ltr'>immutaturus</span> <span class='ocrx_word' id='word_1_771' title='bbox 3662 4616 3853 4695; x_wconf 86' lang='lat' dir='ltr'>facit,</span> <span class='ocrx_word' id='word_1_772' title='bbox 3931 4638 4143 4701; x_wconf 89' lang='lat' dir='ltr'>neque</span> <span class='ocrx_word' id='word_1_773' title='bbox 4218 4617 4472 4701; x_wconf 87' lang='lat' dir='ltr'>aliquid</span> <span class='ocrx_word' id='word_1_774' title='bbox 4536 4616 4671 4686; x_wconf 86' lang='lat' dir='ltr'>sine</span> <span class='ocrx_word' id='word_1_775' title='bbox 4720 4609 4808 4678; x_wconf 74' lang='lat' dir='ltr'>Da</span> 
     </span>
     <span class='ocr_line' id='line_1_109' title="bbox 2939 4699 4805 4788; baseline 0 -23"><span class='ocrx_word' id='word_1_776' title='bbox 2939 4699 3246 4782; x_wconf 73' lang='lat' dir='ltr'>mandato</span> <span class='ocrx_word' id='word_1_777' title='bbox 3288 4712 3726 4784; x_wconf 87' lang='lat' dir='ltr'>suscepturus,</span> <span class='ocrx_word' id='word_1_778' title='bbox 3766 4701 3883 4768; x_wconf 86' lang='lat' dir='ltr'>sed</span> <span class='ocrx_word' id='word_1_779' title='bbox 3924 4703 4142 4787; x_wconf 87' lang='lat' dir='ltr'>potius</span> <span class='ocrx_word' id='word_1_780' title='bbox 4182 4703 4440 4788; x_wconf 81' lang='lat' dir='ltr'>regiam</span> <span class='ocrx_word' id='word_1_781' title='bbox 4487 4703 4805 4788; x_wconf 75' lang='lat' dir='ltr'>dig-nitatem</span> 
     </span>
     <span class='ocr_line' id='line_1_110' title="bbox 2939 4777 4805 4873; baseline -0.002 -20"><span class='ocrx_word' id='word_1_782' title='bbox 2939 4796 3309 4867; x_wconf 87' lang='lat' dir='ltr'>ornaturus,</span> <span class='ocrx_word' id='word_1_783' title='bbox 3363 4786 3466 4854; x_wconf 91' lang='lat' dir='ltr'>cui</span> <span class='ocrx_word' id='word_1_784' title='bbox 3510 4787 3743 4856; x_wconf 89' lang='lat' dir='ltr'>subiici</span> <span class='ocrx_word' id='word_1_785' title='bbox 3785 4788 3936 4855; x_wconf 91' lang='lat' dir='ltr'>vult</span> <span class='ocrx_word' id='word_1_786' title='bbox 3977 4788 4182 4854; x_wconf 91' lang='lat' dir='ltr'>donec</span> <span class='ocrx_word' id='word_1_787' title='bbox 4222 4789 4423 4873; x_wconf 85' lang='lat' dir='ltr'>plane</span> <span class='ocrx_word' id='word_1_788' title='bbox 4468 4790 4659 4855; x_wconf 80' lang='lat' dir='ltr'>fuerit</span> <span class='ocrx_word' id='word_1_789' title='bbox 4692 4777 4805 4850; x_wconf 71' lang='lat' dir='ltr'>Saul</span> 
     </span>
     <span class='ocr_line' id='line_1_111' title="bbox 2938 4865 4803 4959; baseline 0.001 -21"><span class='ocrx_word' id='word_1_790' title='bbox 2938 4881 3415 4939; x_wconf 84' lang='lat' dir='ltr'>exauctoratus.</span> <span class='ocrx_word' id='word_1_791' title='bbox 3505 4871 3683 4942; x_wconf 89' lang='lat' dir='ltr'>Sane</span> <span class='ocrx_word' id='word_1_792' title='bbox 3727 4874 3853 4940; x_wconf 91' lang='lat' dir='ltr'>Dei</span> <span class='ocrx_word' id='word_1_793' title='bbox 3897 4872 4233 4942; x_wconf 88' lang='lat' dir='ltr'>decretum</span> <span class='ocrx_word' id='word_1_794' title='bbox 4287 4886 4439 4942; x_wconf 85' lang='lat' dir='ltr'>erat</span> <span class='ocrx_word' id='word_1_795' title='bbox 4480 4872 4725 4959; x_wconf 78' lang='lat' dir='ltr'>quidem</span> <span class='ocrx_word' id='word_1_796' title='bbox 4750 4865 4803 4930; x_wconf 67' lang='lat' dir='ltr'>dt</span> 
     </span>
     <span class='ocr_line' id='line_1_112' title="bbox 2939 4956 4803 5041; baseline -0.002 -18"><span class='ocrx_word' id='word_1_797' title='bbox 2939 4958 3291 5023; x_wconf 90' lang='lat' dir='ltr'>reiiciendo</span> <span class='ocrx_word' id='word_1_798' title='bbox 3352 4956 3552 5026; x_wconf 89' lang='lat' dir='ltr'>Saule</span> <span class='ocrx_word' id='word_1_799' title='bbox 3567 5009 3585 5039; x_wconf 87' lang='lat'>‚</span> <span class='ocrx_word' id='word_1_800' title='bbox 3648 4958 3764 5027; x_wconf 89' lang='lat' dir='ltr'>sed</span> <span class='ocrx_word' id='word_1_801' title='bbox 3821 4957 4111 5026; x_wconf 89' lang='lat' dir='ltr'>nondum</span> <span class='ocrx_word' id='word_1_802' title='bbox 4430 4971 4604 5028; x_wconf 90' lang='lat' dir='ltr'>tum:</span> <span class='ocrx_word' id='word_1_803' title='bbox 4663 4969 4803 5041; x_wconf 73' lang='lat' dir='ltr'>qum</span> 
     </span>
     <span class='ocr_line' id='line_1_113' title="bbox 2939 5040 4803 5197; baseline 0.002 -88"><span class='ocrx_word' id='word_1_804' title='bbox 2939 5040 3315 5110; x_wconf 90' lang='lat' dir='ltr'>Samuelem</span> <span class='ocrx_word' id='word_1_805' title='bbox 3381 5045 3672 5130; x_wconf 88' lang='lat' dir='ltr'>oportuit</span> <span class='ocrx_word' id='word_1_806' title='bbox 3726 5043 4012 5129; x_wconf 87' lang='lat' dir='ltr'>aliquam</span> <span class='ocrx_word' id='word_1_807' title='bbox 4058 5044 4502 5114; x_wconf 85' lang='lat' dir='ltr'>obedientiam</span> <span class='ocrx_word' id='word_1_808' title='bbox 4544 5045 4635 5197; x_wconf 56' lang='lat'>1311</span> <span class='ocrx_word' id='word_1_809' title='bbox 4671 5057 4803 5187; x_wconf 52' lang='lat' dir='ltr'>paz</span> 
     </span>
     <span class='ocr_line' id='line_1_114' title="bbox 4520 5148 4719 5217; baseline 0 -23"><span class='ocrx_word' id='word_1_810' title='bbox 4520 5154 4561 5217; x_wconf 82' lang='lat' dir='ltr'>p</span> <span class='ocrx_word' id='word_1_811' title='bbox 4630 5148 4719 5194; x_wconf 88' lang='lat' dir='ltr'>um</span> 
     </span>
    </p>
   </div>
   <div class='ocr_carea' id='block_1_7' title="bbox 4496 5224 4799 5295">
    <p class='ocr_par' dir='ltr' id='par_1_12' title="bbox 4496 5224 4799 5295">
     <span class='ocr_line' id='line_1_115' title="bbox 4496 5224 4799 5295; baseline -0.007 1"><span class='ocrx_word' id='word_1_812' title='bbox 4496 5224 4799 5295; x_wconf 60' lang='lat' dir='ltr'>eoml‘ss</span> 
     </span>
    </p>
   </div>
   <div class='ocr_carea' id='block_1_8' title="bbox 2938 5129 4387 5301">
    <p class='ocr_par' dir='ltr' id='par_1_13' title="bbox 2938 5129 4387 5301">
     <span class='ocr_line' id='line_1_116' title="bbox 2938 5129 4375 5216; baseline 0.003 -21"><span class='ocrx_word' id='word_1_813' title='bbox 2938 5142 3138 5213; x_wconf 83' lang='lat' dir='ltr'>stare,</span> <span class='ocrx_word' id='word_1_814' title='bbox 3196 5129 3363 5214; x_wconf 91' lang='lat' dir='ltr'>quod</span> <span class='ocrx_word' id='word_1_815' title='bbox 3423 5152 3556 5196; x_wconf 90' lang='lat' dir='ltr'>non</span> <span class='ocrx_word' id='word_1_816' title='bbox 3614 5141 3785 5198; x_wconf 84' lang='lat' dir='ltr'>esset</span> <span class='ocrx_word' id='word_1_817' title='bbox 3838 5131 4046 5216; x_wconf 88' lang='lat' dir='ltr'>ipsius</span> <span class='ocrx_word' id='word_1_818' title='bbox 4088 5130 4375 5199; x_wconf 85' lang='lat' dir='ltr'>officium</span> 
     </span>
     <span class='ocr_line' id='line_1_117' title="bbox 2940 5214 4387 5301; baseline 0.002 -18"><span class='ocrx_word' id='word_1_819' title='bbox 2940 5214 3310 5283; x_wconf 89' lang='lat' dir='ltr'>obedientia</span> <span class='ocrx_word' id='word_1_820' title='bbox 3353 5235 3652 5286; x_wconf 86' lang='lat' dir='ltr'>avocare:</span> <span class='ocrx_word' id='word_1_821' title='bbox 3694 5214 3810 5283; x_wconf 91' lang='lat' dir='ltr'>sed</span> <span class='ocrx_word' id='word_1_822' title='bbox 3851 5217 4307 5301; x_wconf 84' lang='lat' dir='ltr'>praestitutum</span> <span class='ocrx_word' id='word_1_823' title='bbox 4344 5239 4387 5285; x_wconf 87' lang='lat' dir='ltr'>a</span> 
     </span>
    </p>
   </div>
   <div class='ocr_carea' id='block_1_9' title="bbox 4291 1793 4889 1876">
    <p class='ocr_par' dir='ltr' id='par_1_14' title="bbox 4291 1793 4889 1876">
     <span class='ocr_line' id='line_1_118' title="bbox 4291 1793 4889 1876; baseline 0.003 -19"><span class='ocrx_word' id='word_1_824' title='bbox 4291 1810 4565 1873; x_wconf 82' lang='lat' dir='ltr'>poenas:</span> <span class='ocrx_word' id='word_1_825' title='bbox 4636 1814 4789 1876; x_wconf 77' lang='lat' dir='ltr'>nequo</span> <span class='ocrx_word' id='word_1_826' title='bbox 4888 1793 4889 1796; x_wconf 72' lang='grc'>’</span> 
     </span>
    </p>
   </div>
  </div>
 </body>
</html>
