5059 6059
278 349 389 415 317

273 541 497 603 feroces
551 536 701 620 equi
759 537 1004 604 fraenis
1062 550 1128 604 et
1185 539 1426 622 lupatis
1482 549 1881 619 coercentur,
1943 550 2009 605 et
2066 563 2192 624 quo

272 624 464 707 magis
505 622 862 701 calcitrant,
905 644 982 689 eo
1026 625 1383 691 maioribus
1427 623 1776 692 calcarium
1811 627 2046 693 ictibus
2082 647 2191 693 eo·

273 730 407 776 rum
457 707 665 773 latera
720 708 1070 790 fodiuntur,
1131 722 1197 775 et
1251 709 1632 776 domantur:
1699 714 1791 777 sic
1835 713 2032 777 etiam
2080 714 2190 796 qui

270 818 332 861 se
391 795 560 859 ultro
625 793 769 858 Deo
837 816 968 860 non
1026 796 1398 879 subiiciunt,
1468 818 1675 880 neque
1733 819 1802 864 se
1858 798 1939 863 ad
1986 800 2190 883 ipsius

268 883 631 964 obsequium
676 895 1094 963 componunt,
1150 882 1444 966 repetitis
1488 882 1722 948 ictibus
1766 895 1834 948 et
1876 885 2105 969 poenis
2150 906 2190 949 a

266 967 396 1032 Deo
450 966 661 1031 solent
720 966 1031 1031 contundi
1080 978 1145 1032 et
1191 968 1526 1052 confringi.
1618 968 1987 1053 Conspicua
2030 981 2189 1035 sunt

264 1055 379 1118 ista
418 1050 642 1118 Saulis
685 1052 1006 1135 exemplo,
1049 1075 1244 1136 quem
1288 1054 1499 1119 malus
1545 1055 1817 1137 spiritus
1862 1055 2186 1122 invadens

259 1141 343 1205 sic
399 1138 606 1218 torsit,
660 1145 734 1203 ιιι
792 1136 1069 1204 Davidis
1113 1139 1429 1207 citharam
1475 1141 1798 1223 pulsantis
1841 1154 2039 1208 cantu
2084 1143 2184 1207 iu-

259 1225 386 1289 vari
442 1221 986 1308 quemadmodum
1050 1239 1242 1290 antea
1296 1246 1428 1292 non
1486 1227 1804 1309 potuerit:
1877 1229 2184 1311 quoniam

252 1309 425 1374 Dens
491 1307 760 1377 Saulem
828 1330 944 1392 pro
1011 1311 1264 1377 meritis
1328 1312 1604 1387 ulturus,
1686 1334 1816 1378 non
1884 1314 2185 1397 permisit

252 1393 519 1461 Davidis
562 1394 885 1460 citharam
930 1394 1064 1461 vim
1109 1397 1352 1463 habere
1385 1396 1469 1464 ad
1503 1398 1719 1481 ipsum
1754 1398 2179 1465 recreandum

252 1492 312 1545 et
364 1480 654 1546 frenesin
715 1482 921 1564 ipsius
981 1482 1346 1548 levandam.
1438 1482 1615 1564 Quid
1673 1488 1771 1551 ita
1827 1505 1981 1552 vero
2026 1486 2177 1563 iam,

287 1566 409 1631 uod
449 1575 604 1632 ante
642 1567 996 1649 profuerat,
1042 1567 1400 1635 remedium
1436 1570 1512 1634 fit
1546 1569 1796 1649 inutile,
1834 1572 1963 1636 nisi
2001 1572 2175 1656 quod

292 1652 394 1717 aul
452 1652 773 1718 maiorem
829 1653 996 1717 iram
1042 1662 1109 1720 et
1151 1653 1667 1739 indignationem
1711 1655 1983 1723 Domini
2026 1678 2176 1741 pro·

240 1739 491 1803 vocavit
535 1739 606 1803 in
651 1759 742 1816 se,
788 1737 965 1803 unde
1006 1739 1364 1806 maioribus
1399 1753 1466 1806 et
1499 1742 1915 1825 gravioribus
1950 1745 2177 1827 poenis

238 1823 493 1888 multari
530 1824 721 1890 illum
757 1825 1076 1907 oportuit:
1113 1827 1435 1910 siquidem
1461 1836 1802 1912 correptus
1826 1828 2177 1894 aDomino

238 1909 616 1989 calcitravit,
661 1917 728 1974 et
764 1909 1185 1976 rebellionem
1220 1933 1296 1978 ac
1322 1914 1797 1979 contumaciam
1825 1914 2177 1981 rebellione

237 2008 296 2059 et
351 1997 761 2061 contumacia
819 1997 1184 2062 cumulavit
1238 2007 1303 2062 et
1346 1999 1551 2078 auxit,
1610 2012 1677 2064 et
1719 2020 1860 2067 sese
1903 2001 1974 2066 in
2018 2001 2175 2066 ulti-

235 2101 412 2145 mum
472 2082 755 2146 exitium
812 2082 1134 2148 coniecit?
1227 2082 1402 2150 Sane
1445 2085 1527 2150 de
1574 2084 1774 2152 Saule
1815 2087 1945 2152 ista
1986 2107 2174 2171 prae-

233 2165 533 2232 dicantur
580 2178 654 2232 ut
698 2166 837 2232 eius
879 2169 1177 2251 exemplo
1212 2170 1555 2248 discamus,
1606 2172 1745 2236 Deo
1780 2193 2021 2256 poenas
2057 2173 2175 2236 im-

231 2254 517 2318 mittenti
589 2262 658 2318 et
721 2252 936 2337 plagis
1001 2254 1259 2321 ferienti
1321 2254 1569 2334 subiici,
1637 2268 1701 2322 et
1761 2256 1844 2322 ad
1888 2258 2172 2341 primum

226 2338 427 2403 ictum
489 2360 743 2423 parere,
808 2360 893 2403 ne
953 2338 1137 2406 Sauli
1194 2341 1442 2407 similes
1493 2341 1649 2408 facti
1705 2364 1788 2409 ex
1835 2342 2058 2429 Scylla
2100 2345 2169 2408 in

231 2423 612 2508 Charybdin
659 2424 1042 2492 incidamus.
1124 2425 1257 2493 Sed
1302 2428 1359 2492 si
1403 2427 1532 2492 Dei
1575 2450 1844 2494 manum
1889 2434 2168 2496 senseri-

225 2530 384 2590 mus,
446 2512 625 2577 serio
691 2511 772 2575 de
839 2512 1041 2593 ipsius
1086 2511 1342 2579 iudiciis
1384 2515 1762 2598 cogitemus,
1831 2536 2165 2600 nunquam

223 2596 285 2658 in
343 2598 711 2662 crastinum
777 2597 1140 2663 reiicientes
1198 2599 1684 2682 poenitentiam,
1761 2600 1875 2666 sed
1942 2600 2166 2667 eodem

221 2692 559 2748 momento
616 2702 766 2747 cum
827 2683 1194 2748 humilitate
1250 2703 1369 2750 nos
1413 2683 1494 2750 ad
1536 2686 1743 2769 ipsius
1786 2687 2165 2770 obsequium

219 2787 710 2852 componamus,
754 2789 838 2834 ne
882 2769 1088 2852 ipsius
1132 2772 1231 2835 ira
1274 2779 1346 2834 et
1385 2771 1596 2836 iustus
1631 2773 1813 2837 furor
1849 2774 2056 2858 magis
2091 2794 2168 2839 ac

217 2855 427 2939 magis
488 2855 903 2921 accendatur.
992 2855 1162 2920 Nam
1222 2877 1380 2922 sane
1433 2858 1487 2920 si
1532 2856 1748 2939 qualia
1791 2869 2166 2942 quantaque

213 2940 343 3004 sint
423 2941 685 3025 flagitia
749 2950 974 3005 nostra
1038 2950 1105 3006 et
1169 2942 1547 3025 iniquitates
1614 2945 2166 3027 perpenderimus,

213 3025 389 3104 ligna
449 3026 785 3093 exsiccata
841 3025 923 3091 ad
992 3027 1317 3092 flammam
1365 3040 1634 3110 repente
1677 3031 2165 3113 concipiendam

213 3109 643 3192 videbuntur,
690 3122 755 3177 et
798 3114 963 3178 iram
1009 3112 1134 3176 Dei
1181 3113 1455 3195 proinde
1498 3115 1954 3182 vehementius
1988 3138 2160 3183 com-

213 3198 637 3263 movendam.
720 3200 941 3283 Atque
976 3200 1104 3264 ista
1138 3198 1516 3266 meditanda
1549 3211 1705 3267 sunt
1741 3202 1926 3267 nobis
1961 3224 2164 3285 quum

209 3283 524 3350 audimus
586 3283 855 3350 Saulem
902 3284 1287 3350 deteriorem
1332 3287 1577 3352 factum
1622 3295 1688 3352 et
1729 3289 2162 3355 contumacio-

207 3390 366 3446 rem,
419 3392 564 3434 non
601 3373 893 3454 potuisse
933 3373 1145 3436 iuvari
1182 3371 1475 3438 citharae
1510 3385 1728 3450 cantu,
1773 3374 1945 3457 quod
1983 3375 2164 3441 Deus

205 3476 337 3520 non
387 3455 772 3538 permiserit
816 3456 1176 3522 remedium
1221 3457 1396 3523 istud
1443 3458 1601 3523 utile
1644 3459 1739 3524 illi
1784 3481 1944 3536 esse,
1991 3460 2164 3543 quod

206 3540 480 3607 morbus
528 3541 754 3608 Saulis
797 3553 970 3609 esset
1012 3543 1412 3621 incurabilis,
1456 3553 1523 3610 et
1565 3545 1773 3629 ipsius
1818 3545 2163 3629 desperata

203 3627 406 3693 salus.
503 3628 718 3693 Porro
789 3628 857 3693 in
928 3630 1203 3713 quantas
1271 3630 1609 3714 angustias
1675 3630 1875 3695 fuerit
1941 3631 2160 3696 David

201 3715 570 3791 coniectus,
608 3721 676 3778 et
715 3734 909 3797 quam
946 3714 1351 3781 admirandis
1387 3714 1594 3780 modis
1633 3738 1672 3781 a
1696 3715 1839 3781 Deo
1862 3729 2161 3786 servatus

199 3799 356 3863 hinc
405 3808 706 3883 apparet.
798 3800 989 3867 Unde
1034 3822 1154 3866 nos
1189 3810 1446 3884 oportet
1480 3822 1725 3884 sapere,
1770 3810 1839 3867 et
1871 3804 2161 3885 pericula

197 3885 681 3968 praemeditari
738 3887 809 3951 in
868 3907 1034 3969 quae
1095 3906 1442 3969 possumus
1496 3886 1798 3966 incidere,
1865 3888 2028 3954 adeo
2086 3899 2161 3955 ut

199 3990 690 4054 nonnunquam
735 3973 1075 4056 contingat
1119 3993 1238 4038 nos
1285 3972 1465 4038 velut
1508 3973 1783 4038 alterum
1818 3973 2052 4056 pedem
2089 3977 2157 4040 in

195 4056 512 4141 sepulcro
573 4056 831 4139 habere,
898 4065 965 4123 et
1009 4057 1186 4123 velut
1229 4060 1390 4142 ipsis
1435 4060 1664 4125 mortis
1707 4060 2002 4126 faucibus
2046 4082 2160 4146 ap-

195 4142 556 4225 prehendi.
643 4143 814 4208 Nam
862 4144 915 4209 si
959 4145 1382 4228 tranquillum
1423 4157 1492 4211 et
1526 4145 1855 4229 placatum
1893 4148 2159 4213 omnino

191 4248 427 4293 rernm
481 4237 731 4294 statum
776 4228 964 4295 nobis
1001 4230 1454 4314 polliceremur
1487 4233 1556 4296 in
1598 4232 1701 4298 his
1736 4235 1950 4312 terris,
1996 4233 2158 4300 fides

190 4323 434 4379 nostra
497 4316 720 4380 statim
788 4316 869 4379 ad
915 4318 1193 4399 primam
1241 4317 1665 4382 tentationem
1709 4318 2154 4385 collaberetur.

192 4398 657 4481 Quamobrem
695 4401 958 4466 omnino
994 4401 1417 4467 statuendum
1454 4409 1575 4477 est,
1610 4403 2155 4486 quemadmodum

187 4484 274 4550 D.
315 4486 591 4552 Paulus
626 4507 744 4552 nos
781 4486 1086 4553 admonet
1119 4488 1312 4553 tertio
1348 4488 1558 4572 capite
1594 4487 1676 4553 ad
1707 4488 2154 4557 colossenses:

203 4570 431 4637 Vitam
494 4577 774 4637 noestam
832 4572 1257 4639 absconditam
1309 4594 1443 4641 esse
1495 4575 1565 4639 in
1624 4573 1902 4640 Domino
1943 4582 2156 4641 nos-bro

185 4656 350 4723 Iesu
406 4655 682 4735 Christo,
729 4668 796 4722 et
840 4679 957 4723 nos
1002 4660 1313 4743 quamdiu
1358 4660 1426 4725 in
1471 4660 1576 4726 his
1623 4661 1815 4726 terris
1859 4661 2155 4747 degimus

187 4750 528 4826 tanquam
571 4743 640 4807 in
686 4741 917 4808 umbra
959 4746 1189 4811 mortis
1232 4747 1503 4825 versari,
1551 4745 1846 4830 nihilque
1886 4747 2153 4815 firmum

185 4839 254 4893 et
321 4829 576 4894 stabile
641 4828 825 4895 nobis
892 4829 998 4896 hic
1061 4830 1577 4915 imaginandum.
1665 4831 1833 4897 Nam
1892 4843 1957 4899 et
2012 4836 2155 4918 ipsa

185 4928 448 4980 natura
511 4922 735 4981 nostra
787 4914 1042 4999 fragilis
1099 4924 1200 4982 est
1242 4928 1311 4983 et
1352 4917 1616 4996 caduca,
1675 4926 1742 4982 et
1782 4919 1992 4985 multa
2034 4942 2152 4986 nos

181 4997 508 5083 undique
549 5000 837 5086 pericula
881 5001 1307 5083 circumdant,
1365 5014 1436 5069 et
1477 5002 1758 5089 singulis
1801 5007 2154 5073 momentis

179 5086 491 5152 exitium
569 5089 923 5152 minantur.
1014 5086 1240 5169 Quare
1318 5098 1575 5156 mature
1639 5089 1798 5154 haec
1861 5092 2153 5175 pericula

178 5171 388 5239 nobis
439 5181 602 5237 sunt
643 5172 1106 5257 praevidenda,
1167 5173 1400 5259 quibus
1443 5195 1568 5243 nos
1612 5175 1795 5241 Deus
1838 5177 2151 5243 obnoxios

177 5278 334 5324 esse
403 5255 639 5338 voluit,
696 5267 772 5325 ut
814 5259 1113 5343 praevisa
1155 5260 1379 5328 minus
1422 5269 1732 5328 noceant:
1789 5261 1902 5327 sed
1945 5284 2152 5348 quum

1565 352 1654 415 IN
1706 351 1759 416 I.
1811 350 1984 417 LIB.
2034 349 2434 417 SAMUEL.
2480 351 2677 416 OAP.
2724 352 2916 417 XIX.

4107 359 4233 424 318

2293 538 2363 602 in
2427 539 2711 621 speciem
2778 541 2960 606 nulla
3015 564 3353 626 superesse
3411 565 3561 629 spes
3618 547 3864 623 salutis,
3933 555 4003 612 et
4056 568 4232 613 mors

2293 624 2508 706 potius
2576 627 3109 707 praesentissima
3175 628 3521 710 videbitur,
3587 653 3850 716 sperare
3894 642 4112 699 tamen
4158 636 4225 697 in

2292 708 2579 775 Domino
2615 711 2940 779 discamus
2975 713 3179 797 ipsius
3208 726 3658 800 exspectantes
3681 718 4019 797 auxilium,
4055 719 4226 803 quod

2292 795 2497 861 modis
2557 798 2742 864 nobis
2797 797 3149 883 incognitis
3216 808 3281 865 et
3324 810 3584 885 praeter
3626 807 3918 870 omnium
3961 825 4228 888 exspec-

2290 882 2601 947 tationem
2677 886 3030 968 continget.
3118 886 3378 953 Deinde
3439 898 3781 956 veternum
3842 891 4037 955 etiam
4100 911 4228 973 quo

2288 987 2481 1051 saepe
2536 978 2798 1051 torpent
2839 969 3138 1036 homines
3179 993 3335 1038 suae
3379 974 3562 1039 obliti
3604 974 3987 1041 conditionis
4032 995 4226 1041 excu-

2288 1052 2548 1118 tiamus,
2639 1054 2773 1135 Qui
2832 1057 2907 1120 fit
2965 1058 3139 1122 enim
3197 1070 3273 1124 ut
3332 1070 3837 1143 corrumpantur
3894 1072 3960 1126 et
4016 1062 4227 1126 instar

2287 1136 2687 1204 ebriosorum
2753 1160 2793 1206 a
2835 1152 3055 1207 mente
3096 1143 3420 1220 excidant,
3482 1145 3611 1210 nisi
3657 1147 3826 1228 quod
3872 1168 4030 1212 suae
4071 1167 4225 1213 con·

2287 1223 2552 1289 ditionis
2608 1237 2766 1291 sunt
2822 1227 3281 1295 immemores?
3369 1229 3539 1295 Nam
3597 1231 3769 1298 sicut
3813 1230 4051 1310 ebrius,
4123 1234 4224 1298 vel

2282 1321 2751 1393 paupertatem,
2797 1312 2900 1377 vel
2945 1314 3239 1380 morbum
3286 1336 3501 1398 suum,
3563 1316 3672 1381 vel
3713 1315 3995 1401 denique
4037 1339 4222 1384 suam

2282 1395 2717 1463 conditionem
2760 1395 3179 1478 obliviscitur,
3224 1401 3319 1467 sic
3353 1401 3821 1484 obstupescunt
3855 1404 4222 1487 quicunque

2279 1501 2401 1546 sua
2460 1482 2817 1549 ambitione
2872 1493 3329 1552 excaecantur.
3419 1486 3584 1554 Inde
3642 1489 3818 1553 enim
3880 1490 3959 1554 fit
4018 1498 4093 1554 ut
4150 1490 4218 1553 in

2281 1566 2415 1630 suis
2452 1567 2946 1635 difficultatibus
2980 1570 3062 1636 ad
3099 1572 3318 1638 Deum
3356 1593 3489 1638 non
3525 1584 3898 1658 assurgant.
3977 1571 4220 1655 Quam-

2277 1650 2500 1717 obrem
2583 1655 2973 1722 conditionis
3052 1666 3314 1723 nostrae
3390 1678 3710 1725 memores
3764 1680 4022 1744 semper
4078 1681 4220 1727 esse

2279 1758 2395 1803 nos
2452 1748 2727 1821 oportet,
2785 1749 2854 1807 et
2907 1741 3184 1808 subinde
3226 1746 3605 1810 memoriam
3648 1745 3852 1829 ipsius
3896 1746 4217 1825 refricare,

2279 1833 2352 1888 ut
2406 1831 2719 1909 tanquam
2763 1826 3124 1894 calcaribus
3166 1839 3234 1894 et
3276 1829 3560 1896 stimulis
3604 1831 4056 1898 vehementius
4098 1834 4215 1911 sti·

2278 1909 2607 1975 mulemur
2650 1911 2730 1977 ad
2776 1912 2993 1979 Deum
3031 1914 3508 1982 ardentioribus
3549 1919 3719 1982 votis
3752 1918 4212 1993 invocandum,

2276 2002 2345 2060 et
2386 1997 2613 2080 iugum
2659 1999 2866 2081 ipsius
2907 2010 3140 2082 sponte
3173 1999 3601 2066 subeundum.
3690 2000 3994 2084 Denique
4036 2014 4215 2069 certa

2276 2092 2537 2147 maneat
2591 2082 2708 2148 illa
2765 2086 3108 2165 sententia,
3166 2083 3311 2153 Deo
3368 2107 3490 2154 nos
3535 2087 3732 2153 variis
3776 2086 3984 2152 modis
4027 2110 4214 2155 exer-

2274 2174 2464 2232 cente
2518 2168 2770 2252 placide
2824 2170 3335 2253 obsequendum,
3389 2181 3456 2237 et
3509 2192 3893 2255 quacunque
3950 2174 4215 2240 duxerit

2274 2253 2710 2335 sequendum:
2757 2264 2823 2321 et
2865 2268 3044 2323 certo
3086 2258 3381 2340 persuasi
3422 2258 3629 2323 simus
3670 2257 3874 2322 vitam
3922 2268 4212 2326 nostram

2274 2337 2398 2422 ipsi
2441 2359 2585 2406 esse
2627 2342 2993 2423 pretiosam,
3039 2362 3116 2407 ac
3151 2342 3423 2425 proinde
3462 2364 3580 2409 nos
3604 2344 3685 2409 ab
3715 2343 3832 2408 illo
3857 2358 3931 2409 ut
3953 2365 4215 2412 necesse

2273 2423 2472 2490 fuerit
2515 2437 2702 2509 prote
2788 2426 2951 2493 ndos
2995 2437 3064 2493 et
3106 2427 3607 2496 conservandos.

2447 2510 2641 2578 Hanc
2749 2513 3067 2578 octrinam
3132 2514 3435 2579 meditari
3500 2533 3622 2581 nos
3685 2525 3942 2597 oportet
4009 2536 4093 2580 ex
4140 2537 4215 2581 eo

2273 2594 2448 2678 quod
2514 2596 2733 2662 David
2778 2597 3020 2665 dicitur
3063 2600 3492 2667 declinavisse
3536 2621 3575 2666 a
3620 2600 3782 2666 facie
3830 2599 4069 2680 Saulis,
4114 2603 4214 2666 fu·

2273 2702 2486 2765 gaque
2530 2682 2654 2747 sibi
2700 2683 2979 2750 salutem
3022 2685 3452 2768 quaesivisse:
3498 2706 3696 2768 quam
3737 2699 3957 2751 tamen
3994 2688 4216 2772 fugam

2272 2766 2520 2833 multae
2577 2767 2879 2853 deinceps
2936 2791 3308 2850 aerumnae,
3374 2792 3611 2855 graves
3669 2773 4080 2850 tentationes,
4149 2784 4217 2838 et

2272 2851 2438 2919 dura
2506 2856 2867 2921 certamina
2933 2866 3350 2940 exceperunt.
3441 2857 3662 2922 Deum
3724 2870 3943 2924 tamen
4001 2857 4217 2924 obser·

2273 2959 2500 3004 vemus
2559 2938 2782 3006 Saulis
2840 2943 3044 3008 ictum
3101 2943 3433 3021 avertisse,
3494 2950 3566 3007 ιιι
3621 2964 3821 3027 quum
3887 2943 4213 3009 Davidem

2272 3025 2462 3090 hasta
2505 3036 2855 3092 conaretur
2898 3027 3449 3097 transverberare.
3493 3029 3703 3095 factus
3736 3030 3824 3093 sit
3859 3030 4031 3093 ictus
4068 3030 4213 3093 irri-

2270 3120 2395 3189 tus,
2441 3120 2509 3176 et
2538 3113 2607 3175 in
2637 3111 2916 3179 Davidis
2944 3114 3356 3180 commodum
3383 3114 3671 3197 cesserit,
3708 3124 3966 3196 praeter
3988 3114 4211 3180 Saulis

2269 3204 2582 3261 mentem.
2672 3196 2805 3265 Sed
2860 3201 2953 3264 ita
3008 3201 3175 3265 solet
3216 3201 3400 3266 Deus
3443 3220 3609 3283 quae
3650 3200 3841 3266 saluti
3887 3203 4212 3265 contraria

2269 3282 2679 3363 videbantur,
2750 3285 2883 3349 imo
2953 3306 3120 3369 quae
3189 3297 3596 3370 praesentem
3665 3296 3942 3351 mortem
4002 3286 4212 3350 mina-

2269 3367 2524 3445 bantur,
2572 3370 2644 3433 in
2687 3390 2953 3436 suorum
2999 3370 3277 3438 salutem
3314 3382 3378 3437 et
3417 3371 3763 3436 utilitatem
3800 3380 4208 3437 convertere:

2264 3453 2436 3536 quod
2506 3456 2667 3521 satis
2722 3456 2800 3522 fit
2856 3478 2941 3521 ox
2998 3458 3127 3523 ista
3187 3457 3462 3523 Davidis
3519 3456 3900 3523 liberatione
3954 3458 4209 3541 conspi-

2264 3559 2479 3617 cuum,
2525 3561 2720 3623 quam
2765 3556 3016 3609 certum
3064 3553 3166 3609 est
3203 3563 3441 3609 arcano
3477 3543 3604 3607 Dei
3639 3543 3911 3609 consilio
3948 3545 4211 3627 factam,

2262 3627 2373 3708 qui
2419 3627 2624 3691 vitam
2671 3638 2966 3693 nostram
3013 3628 3211 3695 babet
3252 3630 3317 3693 in
3356 3636 3693 3713 potestate,
3739 3627 3821 3694 de
3855 3649 3987 3712 qua
4021 3644 4214 3711 prout

2262 3711 2390 3793 ipsi
2448 3712 2767 3795 placuerit
2823 3713 3131 3798 disponit,
3190 3715 3350 3782 adeo
3409 3713 3671 3798 quidem
3729 3724 3805 3779 ut
3857 3735 4062 3798 quum
4106 3736 4214 3781 res

2262 3817 2489 3863 omnes
2569 3806 2825 3866 creatae
2893 3800 3291 3867 videbuntur
3355 3801 3424 3866 in
3492 3808 3782 3866 nostram
3849 3801 4207 3884 perniciem

2261 3882 2656 3963 coniurasse,
2710 3894 2776 3951 et
2818 3887 3095 3971 singulis
3139 3886 3489 3952 momentis
3533 3894 3811 3952 mortem
3855 3888 4204 3965 intentare,

2263 3990 2493 4036 nocere
2539 3981 2754 4036 tamen
2801 3992 2933 4037 non
2978 3974 3248 4055 possint,
3295 3972 3423 4037 nisi
3466 3979 3791 4055 quatenus
3833 3970 4019 4038 Deus
4063 3993 4205 4055 per·

2262 4057 2535 4121 miserit.
2625 4056 3099 4122 Verumtamen
3146 4057 3472 4123 Davidem
3508 4059 3707 4124 semel
3745 4057 4004 4141 quidem
4042 4058 4201 4122 libe·

2261 4151 2478 4206 ratum
2543 4142 2670 4207 Dei
2736 4142 3145 4227 providentia
3209 4154 3351 4208 tum
3408 4144 3693 4209 evasisse
3754 4142 3985 4208 mortis
4031 4144 4201 4225 peri·

2261 4225 2482 4292 culum
2529 4227 2846 4307 videmus,
2892 4227 3007 4293 sed
3051 4228 3320 4295 Saulem
3365 4229 3799 4295 nihilominus
3832 4227 4199 4294 iracundio-

2261 4334 2399 4379 rem
2456 4313 2722 4394 factum,
2782 4316 3027 4380 maiore
3082 4314 3469 4382 crudelitate
3526 4315 3828 4397 deinceps
3871 4315 3940 4378 in
3985 4315 4200 4397 ipsum

2258 4400 2586 4479 saeviisse,
2646 4408 2712 4466 et
2768 4399 3080 4467 satellites
3136 4401 3392 4468 misisse
3453 4402 3564 4485 qui
3610 4397 3891 4465 Davidis
3935 4398 4199 4464 domum

2258 4485 2649 4565 obsiderent,
2715 4494 2781 4552 et
2844 4506 3039 4553 mane
3094 4487 3312 4570 ipsum
3353 4487 3817 4554 interficerent.
3906 4482 4039 4550 Sed
4082 4503 4200 4549 cur

2258 4592 2389 4636 non
2435 4570 2665 4636 eodem
2708 4580 3038 4638 momento
3081 4592 3211 4655 quo
3255 4572 3495 4638 milites
3538 4572 3743 4657 ipsius
3786 4570 4051 4635 domum
4090 4569 4199 4634 ob·

2256 4657 2568 4724 sederunt
2609 4657 2800 4723 iussit
2843 4678 2992 4724 eum
3037 4657 3364 4724 interfici?
3435 4658 3734 4724 Profecto
3768 4655 4040 4720 minime
4073 4654 4196 4720 dn·

2256 4743 2438 4810 bium
2498 4750 2601 4807 est
2655 4743 2815 4827 quin
2870 4744 2960 4810 sit
3002 4765 3042 4809 a
3086 4743 3232 4809 Deo
3275 4743 3619 4821 cohibitus,
3678 4750 3745 4806 et
3788 4761 3938 4806 eum
3982 4751 4198 4807 metus

2339 4828 2477 4912 puli
2521 4828 2884 4894 retinuerit.
2957 4829 3123 4894 Nam
3167 4849 3386 4895 secum
3432 4828 3747 4912 cogitavit
3787 4847 3877 4901 se,
3912 4828 3970 4892 si
4009 4836 4198 4893 nocte

2324 4912 2581 4980 avidem
2640 4915 3055 4993 interficeret,
3106 4915 3178 4978 in
3221 4912 3442 4979 odium
3487 4913 3780 4980 omnium
3824 4921 4197 4993 venturum,

2253 5010 2323 5066 et
2367 5000 2447 5065 de
2490 5000 2668 5065 fama
2709 5021 2829 5065 sua
2872 5008 3130 5065 tantum
3177 4996 3636 5065 detracturum.
3726 4998 3820 5063 Et
3861 5006 4198 5082 praeterea

2252 5088 2388 5152 lore
2446 5086 2501 5150 si
2548 5092 2807 5151 tantum
2853 5106 2934 5151 ex
2977 5086 3155 5151 fama
3196 5083 3475 5169 populus
3515 5085 3582 5149 id
3627 5083 3871 5163 audiat,
3940 5093 4020 5150 ut
4060 5105 4195 5150 me-

2252 5171 2460 5239 moria
2516 5171 2672 5237 facti
2730 5174 2949 5238 statim
2994 5170 3278 5240 excidat:
3341 5170 3759 5254 quamobrem
3805 5170 4013 5236 satius
4055 5190 4196 5236 esse

2253 5267 2327 5325 ut
2367 5258 2585 5341 ipsum
2627 5258 2696 5322 in
2744 5258 2942 5324 totius
2984 5255 3206 5341 populi
3249 5264 3603 5339 conspectu
3639 5256 3861 5322 iubeat
3892 5256 4195 5338 interfici,
