5059 6059
815 299 942 365 ⁷03

819 492 878 553 et
943 487 1279 555 audieritis
1339 503 1539 553 vocem
1596 489 1753 572 eius,
1820 493 1878 553 et
1928 507 2054 554 non

822 573 1104 656 Domini,
1162 582 1236 638 ιιι
1292 571 1591 638 ostendat
1634 571 1854 639 Deum
1911 573 2227 658 quaedam
2286 581 2552 657 peccata
2596 593 2750 639 con-

809 658 1167 725 'donantem
1228 658 1403 724 nolle
1455 667 1677 724 tamen
1737 659 1963 726 haberi
2022 658 2323 737 ludibrio,
2384 679 2592 742 neque
2635 679 2748 742 pa-

822 744 1120 810 tientiam
1178 753 1245 809 et
1288 744 1645 811 bonitatem
1700 745 1908 829 ipsius
1948 745 2020 810 in
2077 745 2476 811 occasionem
2521 753 2751 811 contu·

821 830 1067 896 maciae
1130 829 1319 907 trahi,
1387 841 1462 895 ut
1525 831 1593 894 in
1745 830 1945 897 ccatis
2009 835 2143 896 suis
2208 829 2615 910 indurentur,
2680 829 2753 894 in

821 916 950 981 illis
992 925 1505 999 perseverantes,
1550 925 1616 980 et
1719 916 1778 982 ei
1820 916 2202 999 patientiam
2241 925 2307 981 et
2340 913 2754 983 condonandi

823 1000 1197 1068 facilitatem
1240 1001 1313 1066 in
1372 1001 1702 1066 licentiam
1746 1001 2002 1085 quidvis
2045 1023 2164 1087 pro
2207 1001 2476 1067 libidine
2516 1021 2752 1086 perpe·

821 1085 1038 1152 trandi
1091 1086 1379 1152 trahant.
1468 1085 1707 1168 Quare,
1765 1088 2002 1171 inquit,
2061 1096 2287 1155 cavete
2341 1107 2751 1171 summopere

822 1194 905 1239 ue
949 1193 1026 1238 ea
1069 1172 1262 1239 venia
1297 1193 1489 1254 quam
1525 1174 1905 1258 consequuti
1940 1174 2095 1240 estis
2139 1172 2516 1252 abutamini,
2562 1183 2629 1239 et
2668 1170 2751 1237 ad

980 1265 1161 1324 atum
1215 1258 1455 1322 iterum
1512 1256 1919 1325 alliciamini:
1981 1258 2095 1325 sed
2152 1260 2372 1342 potius
2416 1259 2749 1343 agnoscite

822 1280 1044 1409 mm
1115 1344 1184 1408 in
1295 1344 1576 1409 raesenti
1645 1344 1833 1411 vobis
1896 1346 2231 1429 ignoscere
2297 1355 2365 1410 et
2428 1344 2752 1428 patienter

823 1430 1136 1496 offensam
1222 1428 1236 1442 '
1269 1429 1468 1494 latam
1546 1429 1842 1508 tolerare,
1925 1444 1998 1496 ut
2084 1431 2265 1496 vobis
2346 1430 2747 1497 occasionem

822 1515 1013 1580 illum
1077 1513 1330 1581 colendi
1395 1524 1462 1580 et
1524 1514 1882 1581 secundum
1948 1516 2151 1599 ipsius
2215 1515 2616 1581 voluntatem
2686 1523 2750 1579 et

823 1600 1099 1667 verbum
1144 1598 1519 1666 ambulandi
1562 1601 1888 1684 praebeat.
1932 1602 2104 1667 Nam
2148 1604 2485 1685 sequentia
2529 1602 2749 1678 verba,

825 1688 1022 1766 eritis,
1080 1690 1136 1752 et
1174 1706 1291 1751 rex
1346 1687 1458 1769 qui
1500 1686 1769 1768 imperat
1807 1686 1996 1768 vobis,
2051 1691 2362 1769 sequentes
2404 1687 2748 1754 Dominum

2106 487 2629 570 exasperaveritis
2684 506 2753 552 os

826 1772 1035 1839 Deum
1072 1775 1361 1850 vesu-um,
1405 1772 1598 1836 multi
1643 1772 1736 1838 sic
1779 1773 2310 1856 interpretantur,
2357 1774 2542 1855 quasi
2577 1770 2791 1861 dice-0

827 1869 945 1936 ret,
1005 1857 1220 1922 Deum
1280 1858 1415 1922 fore
1470 1856 1630 1941 ipsis
1687 1858 2019 1923 custodem
2073 1880 2147 1925 ac
2192 1857 2615 1938 defensorem,
2673 1879 2749 1923 ac

824 1943 1102 2009 salutem
1147 1943 1434 2026 ipsorum
1484 1944 1691 2027 magis
1731 1964 1807 2010 ac
1843 1945 2052 2028 magis
2096 1954 2629 2028 procuraturum:
2675 1949 2749 2008 ut

824 2028 910 2094 sit
954 2030 1056 2092 vis
1100 2028 1215 2093 illa
1257 2028 1437 2094 verbi
1481 2030 1674 2107 eritis,
1733 2030 1919 2113 quasi
1963 2029 2151 2108 dicat,
2214 2040 2368 2095 tunc
2426 2030 2609 2095 eritis
2652 2051 2751 2094 se·

826 2124 1101 2198 quentes
1146 2112 1525 2192 Dominum,
1584 2114 1651 2179 id
1695 2122 1814 2194 est,
1859 2116 2137 2198 praeibit
2178 2115 2362 2181 vobis
2404 2115 2748 2193 Dominus,

826 2201 1128 2284 viamque
1170 2199 1311 2283 ipse
1354 2198 1763 2279 monstrabit,
1806 2210 1874 2265 et
1913 2199 2216 2267 ostendet
2258 2222 2330 2269 se
2372 2200 2562 2267 vobis
2606 2221 2750 2266 esse

827 2285 1075 2351 ducem.
1145 2283 1275 2350 Sed
1320 2285 1543 2349 durior
1584 2294 1756 2350 esset
1796 2284 1907 2352 ille
1950 2285 2258 2371 loquendi
2301 2286 2553 2366 modus,
2598 2306 2750 2350 nam

825 2372 893 2436 in
937 2379 1079 2435 tota
1135 2371 1491 2453 scriptura:
1550 2369 1750 2455 Sequi
1794 2369 2150 2438 Dominum
2197 2372 2309 2438 vix
2353 2371 2546 2438 aliter
2587 2372 2752 2438 acci-

826 2457 1020 2541 pitur,
1067 2476 1262 2539 quam
1306 2477 1421 2540 pro
1464 2454 1609 2522 Deo
1652 2455 1931 2522 obedire.
2021 2457 2241 2540 Quare
2283 2458 2557 2523 istorum
2602 2477 2749 2523 ver-

827 2543 1060 2608 borum
1104 2561 1336 2606 sensus
1380 2543 1504 2606 erit
1565 2542 2100 2624 simplicissimus,
2166 2552 2241 2608 ut
2298 2542 2612 2610 continua
2666 2543 2753 2608 sit

827 2626 1029 2693 series
1070 2626 1400 2703 orationis,
1457 2634 1524 2693 et
1566 2626 1756 2708 dicat,
1812 2627 1986 2710 ipsos
2029 2627 2393 2694 Dominum
2438 2635 2748 2712 sequutu-

826 2732 954 2793 ros,
997 2713 1202 2797 ipsius
1247 2709 1440 2777 verbo
1478 2712 1919 2780 auscultantes
1959 2723 2026 2781 et
2070 2715 2239 2781 dicto
2281 2714 2641 2793 audientes,
2686 2721 2754 2777 et

828 2817 1214 2883 quocunque
1294 2799 1623 2865 vocaverit
1698 2808 1945 2866 euntes.
2056 2799 2453 2867 Promiserat
2532 2799 2752 2882 itaque

827 2885 954 2949 iam
1010 2894 1162 2948 ante
1215 2883 1449 2966 populo
1515 2883 1771 2966 veniam
1827 2905 1867 2950 a
1924 2884 2231 2965 Domino,
2294 2905 2492 2970 quum
2552 2884 2749 2950 dixit:

825 2968 887 3035 N
890 2990 1017 3035 unc
1058 2976 1315 3051 praesto
1357 2978 1457 3034 est
1498 2990 1614 3035 rex
1659 2978 1891 3038 vester.

994 3053 1136 3119 Iam
1192 3074 1351 3120 vero
1407 3053 1699 3138 seqnitur
1741 3056 1962 3140 gravis
2005 3058 2450 3124 comminatio:
2514 3056 2591 3122 Si
2632 3078 2750 3123 au-

825 3146 941 3206 tem
991 3154 1118 3205 mm
1158 3140 1495 3207 audieritis
1545 3160 1748 3206 vocem
1789 3141 2073 3223 Domini,
2133 3145 2244 3209 sed
2286 3144 2751 3227 exasperaveri-

825 3228 909 3292 tis
970 3245 1281 3291 sermones
1341 3227 1496 3306 eius,
1564 3228 1686 3292 erit
1743 3248 1972 3292 manus
2035 3228 2162 3293 Dei
2225 3249 2414 3311 super
2473 3248 2600 3305 voe,
2678 3247 2751 3292 ac

824 3311 1098 3397 proinde
1141 3330 1274 3376 non
1318 3312 1598 3395 amplius
1657 3334 1771 3379 vos
1813 3324 1889 3378 ut
1933 3323 2128 3379 antea
2171 3314 2490 3381 tolerabit.
2582 3312 2750 3378 Nam

830 3398 938 3464 ubi
982 3396 1306 3480 patienter
1346 3417 1467 3462 vos
1509 3396 1591 3462 ad
1636 3406 1893 3481 tempus
1937 3399 2177 3480 tulerit,
2223 3400 2402 3465 litem
2439 3397 2752 3465 adversus

832 3504 945 3550 vos
988 3482 1338 3549 intentabit
1381 3481 1461 3548 de
1504 3482 1804 3549 omnibus
1847 3485 2082 3551 vestris
2117 3483 2754 3571 transgressionibus,

830 3590 993 3652 quas
1059 3568 1241 3632 velut
1299 3568 1368 3632 in
1448 3567 1830 3636 fasciculum
1894 3571 2213 3651 coniiciet,
2295 3591 2370 3637 ac
2435 3570 2749 3635 malitiam

831 3666 1120 3720 vestram
1186 3654 1538 3720 maioribus
1618 3658 1840 3738 poenis
1914 3657 2299 3737 contundet,
2377 3655 2549 3739 quod
2614 3656 2753 3721 eius

837 3739 1218 3822 patientiam
1262 3749 1331 3804 et
1375 3738 1728 3805 bonitatem
1776 3741 2058 3806 ludibrio
2105 3743 2482 3807 habueritis.
2571 3741 2755 3806 Haec

832 3825 1040 3909 igitur
1094 3832 1194 3889 est
1247 3825 1594 3890 verborum
1642 3824 1967 3893 Samuelis
2011 3828 2130 3894 vis.
2223 3827 2303 3894 In
2347 3828 2580 3910 quibus
2625 3827 2753 3893 Dei

830 3908 1090 3975 bonitas
1132 3928 1272 3975 sese
1315 3909 1396 3973 ad
1433 3910 1820 3978 miraculum
1859 3934 2060 3996 usque
2096 3915 2421 3996 patefacit,
2466 3912 2754 3996 quando-

828 3993 1109 4078 quidem,
1169 4003 1241 4059 ut
1297 3993 1598 4076 diximus,
1661 3997 1843 4063 Deus
1900 3997 2073 4064 male
2131 4001 2298 4065 facta
2353 4019 2620 4064 suorum
2680 3999 2751 4064 in

829 4080 1105 4147 salutem
1151 4082 1493 4159 convertit,
1554 4082 1725 4165 quod
1771 4093 1997 4149 contra
2040 4094 2341 4149 naturam
2388 4093 2503 4164 est,
2549 4096 2616 4149 et
2660 4085 2754 4149 ita

827 4176 1152 4250 operatur,
1198 4172 1272 4230 ut
1314 4165 1406 4230 ait
1447 4166 1707 4241 Paulus.
1755 4178 1832 4233 ut
1874 4170 2116 4234 bonum
2160 4192 2196 4234 e
2233 4169 2406 4235 malo
2441 4180 2506 4234 et
2540 4169 2753 4235 lucem

828 4274 911 4317 ex
976 4250 1260 4316 tenebris
1325 4251 1559 4318 eliciat.
1647 4253 1995 4326 Caeterum
2066 4252 2564 4336 observandum,
2629 4253 2752 4322 Sa-

828 4336 1112 4403 muelem
1156 4337 1552 4421 coniungere
1597 4337 1722 4404 Dei
1765 4340 2061 4405 timorem
2109 4360 2256 4406 cum
2303 4342 2506 4424 ipsius
2550 4341 2751 4421 cultu,

830 4421 1062 4488 deinde
1120 4443 1414 4489 normam
1462 4424 1599 4488 veri
1634 4425 1887 4490 timoris
1930 4435 1995 4490 et
2036 4427 2251 4492 cultus
2294 4426 2751 4510 praescribere,

829 4528 1081 4592 nempe,
1126 4529 1351 4575 vocem
1397 4509 1524 4574 Dei
1568 4508 1810 4587 audire,
1852 4510 2023 4594 quod
2069 4511 2423 4577 notandum
2469 4524 2569 4577 est
2612 4512 2750 4577 dili·

829 4604 1089 4680 genter:
1153 4595 1218 4659 in
1263 4594 1493 4677 primis
1536 4597 1710 4660 enim
1756 4596 2060 4663 docemur
2105 4619 2323 4664 veram
2368 4598 2750 4682 sapientiam

830 4701 970 4747 esse
1030 4681 1330 4745 timorem
1396 4681 1678 4747 Domini.
1766 4682 1865 4749 Ac
1921 4704 2079 4749 sane
2147 4683 2301 4749 hinc
2366 4681 2749 4748 ordiendum

831 4778 948 4846 est,
1031 4777 1104 4831 ut
1173 4768 1369 4831 vitam
1439 4779 1726 4833 nostram
1794 4769 1959 4834 bene
2022 4770 2469 4835 instituamus.
2578 4768 2750 4835 Nam

830 4852 1070 4935 alioqui
1151 4853 1432 4936 speciem
1514 4848 1772 4937 quidem
1849 4855 2134 4939 aliquam
2204 4855 2468 4922 virtutis
2532 4875 2750 4921 coram

830 4937 1223 5016 hominibus,
1280 4947 1348 5002 et
1403 4959 1485 5004 ex
1539 4940 1826 5021 ipsorum
1881 4941 2116 5007 iudicio
2162 4962 2313 5025 prae
2357 4941 2545 5007 nobis
2587 4942 2753 5007 fere-

831 5044 1008 5088 mus:
1069 5022 1179 5087 sed
1227 5023 1354 5113 nisi
1396 5023 1814 5092 fundamento
1860 5026 1969 5092 illo
2014 5027 2325 5106 nitantur,
2385 5027 2456 5091 in
2501 5027 2750 5092 fumum

833 5106 1125 5173 abiturae
1181 5117 1351 5189 sunt,
1405 5122 1472 5174 et
1525 5112 1753 5178 inanes
1808 5113 2080 5179 futurae.
2174 5112 2392 5195 Quare
2450 5112 2503 5176 si
2551 5113 2752 5179 totius

833 5194 1007 5258 vitae
1061 5204 1317 5259 nostrae
1373 5196 1767 5262 curriculum
1828 5199 2168 5283 approbari
2232 5198 2373 5264 Deo
2429 5197 2751 5279 volumus,

2462 296 2867 365 HOMILIA
2915 295 3134 363 XLII.

4647 301 4745 367 704

2854 484 3131 552 aedificii
3188 483 3697 551 fundamentum
3756 485 3883 551 Dei
3930 487 4227 552 timorem
4271 508 4609 571 ponamus,
4658 489 4751 554 ho-

2854 592 3080 637 norem
3140 580 3207 637 et
3259 570 3535 655 gloriam
3591 571 3798 655 ipsius
3856 592 4269 654 quaeramus,
4336 574 4559 637 omnia
4612 574 4750 641 dicta

2853 666 2919 723 et
2973 658 3143 724 facta
3186 665 3411 722 nostra
3464 665 3532 721 et
3575 658 3997 741 cogitationes
4039 657 4120 723 ad
4178 658 4317 725 eius
4361 659 4631 742 gloriam
4669 682 4749 726 re·

2854 744 3156 823 feramus,
3220 753 3413 824 atque
3469 742 3581 808 ille
3640 743 3727 809 sit
3785 764 4017 826 scopus
4078 756 4318 822 noster,
4388 758 4457 809 et
4522 747 4747 811 unicum

2852 827 3178 894 studium:
3238 829 3329 893 Et
3392 830 3696 911 quoniam
3744 827 3948 913 ipsius
3992 849 4238 910 sumus,
4298 829 4558 915 placide
4600 830 4751 898 nobis

2851 914 3138 979 fruatur:
3175 933 3345 980 acre
3366 913 3509 998 ipsa
3533 922 3851 980 testemur
3887 936 4006 980 nos
4042 914 4229 979 illum
4265 929 4342 981 nt
4375 917 4750 1001 magistrum,

2853 998 3188 1065 dominum
3247 1019 3321 1066 ac
3375 1008 3624 1082 patrem
3686 1000 3986 1078 revereri,
4045 1021 4245 1084 quum
4291 1001 4504 1086 ipsius
4549 1002 4747 1067 volun·

2851 1086 2968 1150 tati
3027 1086 3119 1152 sic
3174 1083 3624 1151 adhaeremus.
3711 1085 3931 1169 Atque
3988 1084 4112 1153 hoc
4170 1085 4549 1153 discrimine
4612 1090 4752 1153 inter

2851 1193 2923 1236 se
2980 1170 3323 1250 increduli,
3378 1171 3490 1254 qui
3546 1171 3826 1254 speciem
3886 1171 4194 1247 eximiam
4258 1174 4584 1238 virtutum
4628 1194 4751 1256 prae

2851 1278 2921 1322 se
2978 1257 3214 1334 ferunt,
3273 1254 3385 1322 sed
3442 1257 3733 1336 inanem,
3800 1267 3866 1321 et
3924 1258 4065 1323 veri
4117 1257 4361 1336 fideles,
4430 1259 4753 1325 virtutibus

2852 1343 3025 1408 veris
3083 1342 3296 1406 ornati
3353 1339 3824 1408 discernuntur.
3912 1343 4085 1408 Nam
4141 1344 4461 1411 increduli
4523 1344 4751 1428 quidem

2852 1447 3158 1512 magnam
3223 1446 3380 1512 prae
3447 1449 3518 1492 se
3583 1428 3896 1493 virtutem
3966 1428 4206 1509 ferunt,
4271 1441 4340 1495 et
4404 1430 4476 1496 in
4549 1452 4754 1515 magna

2850 1513 3331 1579 existimatione
3375 1522 3558 1578 sunt:
3603 1513 3769 1578 alius
3813 1515 4072 1597 quidem
4114 1516 4300 1580 fortis
4335 1526 4402 1581 et
4436 1518 4753 1601 magnani-

2850 1619 3018 1680 mus,
3061 1597 3227 1664 alius
3269 1597 3573 1680 liberalis,
3631 1598 3800 1665 alius
3844 1601 4103 1683 sapiens
4146 1610 4212 1667 et
4255 1602 4549 1684 prudens
4589 1602 4751 1667 habe·

2850 1683 3043 1762 bitur,
3099 1696 3166 1748 et
3221 1683 3292 1748 in
3350 1686 3559 1767 pretio
3619 1684 3790 1767 apud
3836 1685 4137 1752 homines
4181 1689 4337 1752 erit:
4400 1688 4517 1755 sed
4562 1699 4752 1753 tamen

2848 1769 2998 1834 illae
3059 1769 3339 1834 virtutes
3394 1770 3601 1836 instar
3643 1768 3943 1836 foliorum
3990 1771 4210 1837 statim
4268 1772 4352 1839 ab
4394 1773 4631 1839 arbore
4668 1774 4753 1839 de-

2848 1854 3205 1922 cidentium
3241 1865 3308 1919 et
3346 1857 3920 1922 emarcescentium
3959 1867 4172 1937 erunt,
4220 1859 4348 1923 nisi
4382 1858 4515 1925 Dei
4550 1860 4754 1924 timore

2848 1941 3162 2019 nitantur,
3220 1961 3259 2004 a
3303 1960 3428 2024 quo
3471 1951 3783 2025 tanquam
3829 1963 3868 2008 a
3904 1963 4059 2008 vera
4102 1965 4218 2010 sua
4263 1944 4481 2010 radice
4524 1965 4753 2028 proma·

2850 2035 3028 2091 nant.
3117 2026 3703 2092 Verumenimvero
3763 2028 3887 2093 Dei
3948 2029 4244 2094 timorem
4305 2030 4373 2094 in
4419 2029 4609 2096 nobis
4651 2051 4753 2095 non

2850 2112 3044 2177 aliter
3097 2132 3292 2194 quam
3354 2113 3626 2178 verbum
3685 2114 3888 2197 ipsius
3932 2113 4251 2181 audiendo
4294 2118 4601 2200 generari
4643 2137 4755 2182 cer·

2850 2206 2989 2262 tum
3026 2206 3144 2263 est.
3189 2196 3359 2262 Nam
3396 2198 3454 2263 si
3489 2197 3826 2264 hominum
3862 2199 4310 2284 imaginationi
4348 2202 4536 2268 locus
4570 2202 4755 2279 detur,

2852 2293 2918 2348 et
2961 2281 3274 2367 quidquid
3320 2281 3402 2348 ab
3465 2285 3753 2367 ipsorum
3809 2285 4155 2367 phantasia
4198 2288 4482 2352 manarit
4542 2287 4751 2352 admit·

2852 2377 3050 2447 tatur,
3114 2368 3409 2433 futurum
3475 2380 3574 2435 est
3636 2379 3713 2435 ιιι
3771 2371 3996 2454 procul
4065 2393 4104 2437 a
4168 2392 4362 2457 scopo
4422 2373 4755 2438 recedatur.

2854 2455 3078 2521 Bonas
3133 2455 3304 2519 enim
3360 2475 3512 2520 suas
3571 2456 3963 2522 intentiones
4021 2460 4112 2523 ita
4176 2457 4466 2539 laudant,
4523 2469 4601 2524 nt
4641 2460 4757 2524 sine

2855 2538 3363 2606 contradictione
3417 2541 3760 2606 videantur
3816 2542 3976 2625 ipsis
4020 2564 4061 2609 a
4116 2543 4257 2608 Deo
4318 2543 4756 2619 admittendae,

2854 2635 2922 2689 et
2965 2634 3298 2709 praeterea
3341 2646 3417 2691 eo
3459 2626 3900 2710 impudentiae
3956 2628 4331 2708 deveniunt,
4393 2642 4468 2695 ιιι
4512 2630 4597 2695 de
4638 2631 4758 2695 Deo

2854 2722 3231 2795 querantur,
3287 2711 3416 2776 nisi
3459 2713 3747 2795 ipsorum
3793 2714 4289 2799 imaginationes
4332 2715 4670 2782 admiserit
4707 2726 4757 2779 et

2854 2806 3074 2881 gratas
3115 2796 3431 2863 habuerit.
3520 2798 3656 2865 Sed
3699 2819 3883 2866 sacra
3926 2800 4247 2883 scriptura
4290 2799 4482 2866 docet
4522 2812 4755 2867 contra·

2853 2884 3044 2961 rium,
3100 2903 3330 2965 nempe
3388 2903 3505 2949 nos
3563 2905 3898 2968 nunquam
3951 2906 4163 2952 coram
4227 2887 4386 2967 Dee,
4444 2898 4524 2952 ut
4578 2888 4755 2967 decet,

2854 2966 3317 3048 ambulaturos,
3377 2976 3444 3034 et
3486 2988 3820 3053 nunquam
3863 2981 4194 3054 acceptum
4242 2973 4382 3038 fore
4425 2972 4570 3038 Deo
4612 2974 4755 3056 quod

2856 3052 3297 3131 obtulerimus,
3367 3055 3492 3120 nisi
3548 3056 3744 3121 verbo
3801 3056 4006 3139 ipsius
4067 3057 4434 3124 doceamur.
4536 3059 4754 3123 Veram

2854 3140 3074 3222 itaque
3129 3139 3506 3223 religionem
3566 3140 3748 3206 verbi
3793 3140 3921 3207 Dei
3981 3143 4367 3209 certitudine
4429 3146 4548 3209 niti
4591 3164 4754 3227 opor-

2853 3234 2978 3290 tet:
3037 3244 3112 3290 ac
3168 3226 3437 3308 proinde
3494 3241 3899 3310 quantopere
3943 3230 4160 3295 miseri
4206 3229 4301 3294 illi
4348 3231 4525 3295 caeci
4569 3229 4752 3296 hallu·

2851 3312 3170 3390 cinentur,
3225 3325 3290 3375 et
3343 3313 3415 3375 in
3472 3322 3784 3395 quantam
3843 3314 4285 3380 confusionem
4344 3314 4603 3393 cadant,
4665 3315 4753 3399 qni

2852 3397 3006 3462 solis
3059 3396 3246 3462 bonis
3288 3398 3422 3463 suis
3480 3398 3968 3478 intentionibus,
4026 3408 4094 3465 et
4131 3399 4269 3466 sola
4314 3401 4619 3484 opinione
4671 3400 4753 3465 ni·

2852 3490 3102 3562 tuntur,
3160 3481 3313 3547 inde
3366 3484 3444 3548 fit
3484 3485 3917 3567 conspicuum.
4003 3484 4139 3551 Nos
4193 3486 4413 3569 itaque
4458 3499 4598 3552 tum
4639 3505 4751 3550 ma·

2853 3568 3028 3632 xime
3094 3568 3174 3631 ad
3239 3568 3369 3633 Dei
3434 3568 3675 3634 cultum
3745 3570 4007 3637 accendi
4071 3580 4338 3654 oportet,
4406 3571 4532 3638 hoc
4596 3580 4750 3636 tanto

2852 3653 3166 3720 beneficio
3222 3654 3304 3719 ab
3348 3655 3488 3738 ipso
3533 3666 3812 3738 accepto,
3872 3657 4041 3739 quod
4087 3659 4233 3740 quis
4276 3668 4511 3741 gratus
4551 3658 4638 3723 sit
4673 3655 4750 3720 illi

2852 3738 3068 3805 cultus
3127 3738 3519 3822 patefecerit,
3585 3762 3899 3825 suamque
3956 3742 4364 3807 voluntatem
4433 3743 4749 3826 aperuerit.

2853 3824 3048 3891 Hanc
3106 3827 3160 3889 si
3214 3825 3701 3909 praelucentem
3755 3828 3958 3893 facem
4021 3830 4279 3912 sequuti
4321 3829 4650 3909 fuerimus,
4699 3836 4749 3891 et

2851 3911 3027 3976 viam
3096 3910 3280 3975 illam
3356 3912 3820 3994 institerimus,
3899 3923 4151 3980 certum
4230 3922 4333 3979 est
4397 3935 4516 3980 nos
4587 3920 4748 3979 extra

2855 4017 3046 4062 omne
3103 3996 3465 4080 periculum
3533 3999 3771 4064 erroris
3834 3999 3985 4077 fore,
4052 4001 4192 4065 Deo
4258 4021 4589 4085 nunquam
4652 4019 4748 4064 nos

2855 4082 3219 4166 decepturo.
3310 4080 3430 4148 Sin
3499 4096 3726 4150 contra
3791 4084 4071 4151 conditio
4138 4086 4251 4152 illa
4318 4086 4635 4165 defecerit,
4692 4084 4745 4148 in

2856 4168 3007 4233 avia
3049 4168 3437 4252 praecipites
3471 4169 3774 4249 feremur,
3817 4178 3884 4235 et
3915 4191 4042 4255 quo
4085 4173 4294 4254 magis
4329 4171 4748 4245 laborabimus,

2854 4274 2930 4319 eo
2971 4256 3184 4337 magis
3227 4273 3266 4318 a
3306 4274 3467 4319 vero
3511 4275 3700 4338 scopo
3742 4257 4121 4322 resiliamus.
4210 4256 4743 4337 Quemadmodum

2853 4338 3056 4423 igitur
3099 4338 3402 4418 diximus,
3459 4341 3713 4407 initium
3773 4351 4034 4408 nostrae
4090 4344 4448 4425 sapientiae
4506 4355 4571 4407 et
4614 4362 4742 4425 per-

2853 4425 3150 4491 fectionis
3185 4446 3345 4502 esse,
3390 4438 3464 4491 ut
3498 4427 3710 4492 Deum
3750 4429 4112 4505 timeamus,
4161 4451 4276 4494 nos
4312 4429 4410 4493 illi
4446 4447 4743 4495 consecre-

2856 4531 3001 4576 mus
3057 4520 3125 4575 et
3187 4511 3650 4593 glorificemus:
3725 4515 3819 4580 sio
3870 4515 4097 4589 etiam,
4166 4516 4475 4597 quoniam
4544 4524 4743 4578 natura

2853 4597 3027 4663 caeci
3071 4617 3314 4677 sumus,
3357 4606 3424 4663 et
3469 4595 3838 4665 discernere
3873 4599 4117 4665 malum
4153 4621 4192 4663 a
4229 4599 4400 4665 bono
4435 4601 4740 4671 nescimus,

2854 4682 3071 4747 danda
3126 4701 3322 4764 opera
3380 4691 3496 4762 est,
3555 4694 3633 4749 ut
3689 4684 3962 4750 verbnm
4007 4686 4276 4751 Domini
4320 4686 4754 4760 auscultemus.

2854 4780 2929 4834 ut
2986 4766 3252 4833 auribus
3309 4769 3646 4835 scientiam
3694 4771 3774 4835 ad
3834 4791 3955 4836 nos
4011 4769 4333 4855 regendos
4376 4770 4736 4836 hauriamus.

2852 4855 3021 4920 Nam
3079 4853 3510 4918 certissimum
3574 4866 3674 4921 est
3742 4877 3856 4922 nos
3915 4856 4115 4923 donec
4172 4866 4489 4922 attentam
4545 4873 4734 4922 aurem

2855 4941 2994 5005 Deo
3053 4939 3540 5022 praebuerimus
3594 4941 3675 5006 ad
3754 4943 4018 5010 virtutis
4073 4943 4271 5027 ipsius
4329 4940 4733 5007 testimonium

2854 5025 3322 5108 recipiendum,
3378 5025 3659 5094 incertos
3705 5050 3963 5114 semper
4005 5041 4067 5092 et
4113 5029 4341 5094 dubios
4385 5029 4535 5110 fore,
4582 5036 4635 5089 et
4674 5026 4731 5088 in

2853 5120 3199 5194 utramque
3243 5119 3489 5194 partem
3539 5113 3919 5181 vacillantes
3976 5127 4043 5179 et
4083 5116 4470 5181 fluctuantes
4510 5134 4545 5177 a
4579 5125 4731 5176 recta

2854 5197 2964 5262 via
3005 5217 3389 5278 recessuros,
3447 5209 3512 5262 ct
3570 5201 3725 5268 hinc
3780 5200 3933 5267 inde
3989 5210 4295 5267 nutantes
4338 5201 4408 5265 in
4448 5214 4727 5265 summam
