5059 6059
872 297 1003 366 595

876 512 1203 561 errorem:
1246 513 1324 561 ac
1366 492 1678 577 quidquid
1722 507 2033 577 magnum
2078 490 2263 557 nobis
2306 490 2707 575 pollicemur,
2753 493 2821 559 id

884 580 1076 648 nobis
1119 581 1309 648 facile
1362 578 1716 665 perfecturi
1760 585 1826 644 et
1869 576 1953 642 ad
1994 577 2248 643 exitum
2294 578 2539 644 nostris
2570 578 2822 645 viribus

879 665 1264 750 perducturi
1333 666 1695 731 videamur.
1783 662 1960 730 Hinc
2016 663 2400 748 plerumque
2454 663 2691 730 accidit
2745 673 2823 729 ut

877 752 1075 819 multi
1109 752 1496 837 praecipites
1538 751 1608 816 in
1643 769 1763 816 sua
1796 748 1959 815 vitia
1990 757 2209 829 ruant,
2254 759 2323 815 et
2354 759 2582 817 contro
2616 770 2819 834 quum

889 836 1134 905 divinis
1192 838 1410 905 verbis
1467 834 1862 903 eredendum
1924 843 2025 900 est
2083 845 2148 899 et
2191 836 2347 901 eius.
2373 836 2630 916 virtuti,
2687 856 2820 906 non

888 923 1218 1007 possimus
1262 922 1659 1007 persuaderi,
1706 930 1773 987 et
1799 920 1973 987 ultro
2002 921 2433 1004 acquiescere.
2491 919 2824 1003 Quamob-

884 1029 1028 1075 rem
1060 1052 1065 1056 -
1101 1031 1307 1094 quum
1374 1010 1444 1075 in
1500 1008 1707 1075 saeris
1749 1007 2044 1073 videmus
2087 1008 2305 1073 Deum
2348 1006 2573 1073 multis
2615 1009 2823 1092 signis

876 1117 1001 1162 sua
1039 1096 1361 1180 promissa
1402 1096 1840 1172 confirmasse,
1882 1093 2127 1159 factum
2162 1092 2229 1157 id
2272 1112 2699 1176 agnoscamus
2742 1095 2821 1158 ob

877 1181 1185 1247 innatum
1222 1181 1397 1247 istud
1432 1181 1807 1246 hominibus
1826 1178 2306 1245 incredulitatis
2326 1178 2584 1246 vitium.
2630 1177 2822 1261 Quod

876 1281 1039 1335 vero
1106 1287 1239 1333 non
1302 1268 1646 1334 incurrant
1710 1264 1902 1330 hodie
1968 1265 2049 1330 ob
2114 1265 2336 1331 oeulos
2400 1273 2657 1330 nostros
2722 1275 2822 1331 tot

876 1353 1072 1439 signa
1150 1362 1219 1418 et
1280 1352 1578 1437 symbola
1651 1350 2022 1417 divinarum
2087 1351 2597 1434 promissionum
2663 1362 2823 1435 quot

877 1446 1040 1505 sunt
1081 1439 1236 1504 olim
1276 1438 1612 1505 veteribus
1655 1436 1874 1503 oblata
1912 1436 2081 1520 leg-is
2126 1447 2436 1519 tempore,
2494 1455 2582 1501 ne
2623 1456 2819 1521 prop-

866 1532 1056 1591 terea
1112 1533 1332 1590 tamen
1392 1525 1843 1590 existimemus
1886 1523 2103 1588 Deum
2163 1522 2355 1588 nobis
2410 1523 2652 1604 deesse,
2703 1531 2824 1588 aut

848 1609 1023 1676 ·ideo
1066 1609 1453 1676 deteriorem
1497 1629 1639 1676 esse
1680 1620 1973 1674 nostram
2019 1606 2494 1678 conditionem:
2535 1608 2820 1692 quando·

875 1696 1155 1780 quidem·
1183 1695 1378 1780 longe
1420 1697 1655 1760 melior
1696 1703 1766 1761 et
1806 1695 2151 1778 pretiosior
2194 1703 2297 1759 est
2336 1694 2544 1759 nostri
2579 1693 2817 1760 saeculi

854 1801 1068 1866 quam
1109 1783 1230 1848 sub
1273 1780 1418 1866 lege
1464 1781 1619 1847 olim
1664 1779 1965 1846 conditio
2025 1781 2199 1847 Nam
2241 1781 2310 1845 in
2355 1780 2509 1846 Iesu
2552 1778 2820 1846 Christo

869 1867 1063 1934 nobis
1095 1865 1365 1934 omnino
1407 1865 1947 1949 acquiescendum
1991 1877 2123 1932 est:
2171 1875 2237 1932 et
2278 1867 2531 1950 figuras
2571 1872 2640 1931 et
2680 1887 2820 1932 um-

848 1951 1026 2019 ‘bras
1084 1974 1219 2019 non
1275 1953 1558 2037 amplius
1614 1951 2015 2035 expetendas
2074 1951 2435 2030 sciendum,
2494 1952 2816 2034 siquidem

842 2057 1110 2123 ‘corpus
1138 2039 1382 2122 -ipsum
1442 2046 1509 2104 et
1563 2038 1913 2104 veritatem
1976 2039 2048 2104 in
2110 2058 2371 2105 summa
2412 2038 2818 2119 perfectione

870 2145 1094 2192 secum
1135 2125 1277 2207 ipse
1319 2122 1507 2189 nobis
1551 2124 1774 2189 attulit
1815 2124 1998 2190 Iesus
2045 2123 2371 2190 Christus.

1046 2210 1399 2277 Caeterum
1458 2210 1745 2295 primum
1803 2209 1977 2293 quod
2036 2208 2226 2276 Sauli
2275 2210 2542 2294 signum
2583 2229 2812 2275 oecur-

868 2317 1102 2364 surum
1162 2304 1322 2375 erat,
1379 2295 1506 2361 duo
1564 2295 1692 2362 viri
1749 2295 2062 2363 dicuntur
2104 2294 2367 2361 obviam
2409 2294 2507 2359 illi
2551 2294 2815 2360 venturi

869 2381 1048 2467 apud
1126 2381 1501 2464 sepulcrum
1566 2381 1879 2448 Rachelis
1954 2381 2022 2446 in
2101 2381 2384 2446 termino
2440 2380 2814 2446 Beniamini

867 2466 1073 2554 (quod
1110 2467 1422 2532 nimirum
1456 2466 1584 2532 fuit
1615 2468 1792 2532 inter
1825 2474 2065 2533 sortem
2103 2466 2482 2532 Beniamini
2517 2465 2584 2532 et
2617 2465 2812 2552 Iuda)

868 2554 987 2638 qui
1036 2551 1333 2619 referant
1395 2551 1700 2619 inventas
1734 2555 1951 2620 asinas
1993 2553 2201 2622 fuisse
2241 2571 2402 2635 quas
2440 2551 2809 2635 quaesitum

872 2639 1141 2717 abierat,
1200 2644 1584 2721 patremque
1645 2638 1724 2705 de
1787 2640 1930 2725 ipso
1995 2657 2137 2705 esse
2200 2636 2612 2705 sollicitum.'
2676 2636 2811 2719 Qui

861 2744 1027 2792 vero
1099 2722 1365 2790 Samuel
1447 2723 1578 2791 ista
1657 2724 2013 2792 divinasset
2085 2724 2217 2789 nisi
2303 2721 2628 2789 divinitus
2685 2724 2809 2807 ipsi

865 2810 1160 2878 revelata
1202 2808 1524 2875 fuissent?
1581 2810 1812 2893 Itaque
1857 2809 2129 2876 Saulem
2168 2809 2619 2888 vehementer,
2665 2815 2808 2874 tan-

863 2916 1063 2981 quam
1108 2895 1368 2961 oraculo
1414 2895 1633 2961 divino
1676 2898 2050 2963 confirmari
2097 2895 2399 2980 oportuit,
2446 2914 2585 2979 quo
2625 2894 2810 2961 velut

863 2982 1010 3067 ipse
1066 2980 1253 3047 Deus
1308 2989 1525 3046 ratam
1579 2982 1861 3049 faciebat
1914 2982 2095 3049 illam
2158 2981 2239 3047 de
2296 3001 2502 3065 regno
2568 2979 2809 3064 adipis-

862 3066 1072 3136 cendo
1128 3061 1642 3152 promissionem.
1733 3067 1811 3134 Si
1854 3066 2024 3134 hanc
2070 3068 2362 3153 -gratiam
2405 3065 2610 3133 solam
2655 3087 2809 3133 con-

863 3161 1183 3237 sequutus
1226 3154 1477 3230 fuisset,
1523 3163 1600 3219 ut
1643 3152 1809 3219 duos
1853 3155 2026 3220 viros
2083 3152 2448 3220 offenderet
2492 3173 2532 3218 a
2574 3152 2810 3236 quibus

862 3238 1133 3307 domum
1175 3237 1614 3316 reduceretur,
1659 3240 1884 3324 magni
1924 3258 2082 3306 sane
2118 3238 2413 3305 beneficii
2455 3238 2596 3304 loeo
2631 3237 2808 3305 istud

860 3323 1105 3391 habere
1138 3323 1327 3389 illum
1365 3325 1783 3408 oportuisset:
1821 3325 1935 3391 sed
1970 3327 2261 3391 virorum
2283 3325 2562 3390 istorum
2588 3343 2809 3391 occur·

863 3429 978 3478 sus
1054 3411 1209 3477 finis
1287 3409 1481 3494 longe
1544 3411 1675 3476 fuit
1737 3411 2156 3477 excellentior
2221 3420 2287 3477 et
2350 3412 2806 3496 praestantior,

863 3513 1016 3562 nem
1066 3518 1102 3561 e
1146 3514 1279 3560 non
1316 3495 1515 3562 dubia
1547 3496 1921 3563 testificatio
1954 3493 2110 3574 fore,
2156 3505 2231 3562 ut
2264 3496 2808 3579 quemadmodum

862 3581 965 3647 illi
1054 3600 1141 3646 uo
1199 3582 1322 3647 viri
1376 3583 1505 3666 ipsi
1547 3591 1965 3666 occurrerent
2018 3603 2102 3647 ex
2148 3580 2476 3648 Samuelis
2520 3583 2802 3659 oraculo,

866 3666 965 3732 ita-
1003 3668 1075 3731 in
1120 3685 1189 3731 re
1237 3667 1365 3732 iam
1413 3667 1797 3751 dignitatem
1843 3668 2250 3734 eveheretur.
2318 3668 2546 3752 Digna
2587 3665 2807 3734 obser-

862 3752 1130 3818 vatione
1233 3753 1500 3819 octrina.
1590 3753 1762 3819 Nam
1822 3755 2119 3820 videmus
2173 3754 2497 3837 quomodo
2548 3754 2683 3818 iam
2725 3753 2807 3818 ab

865 3837 1048 3903 omni
1105 3857 1265 3903 aevo
1322 3838 1623 3904 homines
1687 3840 1891 3921 signis
1949 3861 1990 3906 a
2049 3840 2195 3905 Deo
2244 3839 2561 3905 immissis
2617 3840 2807 3906 abusi

848 3922 1022 4000 sint,
1067 3943 1196 3987 non
1238 3935 1661 4008 assurgentes
1702 3945 1912 4009 usque
1955 3925 2035 3990 ad
2080 3926 2297 3992 Deum
2342 3945 2383 3989 a
2424 3946 2554 4009 quo
2591 3927 2804 4012 mitte-

860 4007 1120 4074 bantur.
1163 4008 1383 4091 Atque
1425 4009 1620 4075 hodie
1658 4012 1900 4077 vitium
1943 4009 2122 4078 istud
2166 4011 2405 4095 passim
2448 4014 2521 4076 in
2559 4012 2802 4077 mundo

846 4093 1081 4161 locum
1163 4094 1395 4159 habet:
1474 4096 1665 4177 Nam,
1741 4098 2026 4176 obsecro,
2106 4099 2253 4181 quis
2337 4097 2806 4162 animadvertit

862 4180 1183 4247 miracula
1225 4179 1461 4263 quibus
1505 4181 1629 4248 hoc
1672 4183 1930 4249 saeculo
1971 4184 2156 4250 Deus
2200 4182 2525 4266 evangelii
2570 4182 2805 4260 doetri-

858 4286 1021 4332 nam
1078 4264 1485 4332 illustravit?
1574 4268 1814 4333 Annon
1870 4270 2090 4352 potius
2147 4268 2218 4332 in
2273 4269 2803 4351 superstitionem

848 4361 930 4417 -ot
971 4349 1435 4418 idolomaniam
1484 4373 1672 4418 versa
1715 4363 1868 4419 sunt
1912 4355 1992 4421 ab
2037 4353 2541 4437 impostoribus?
2627 4355 2802 4432 Nam

854 4457 1063 4524 quum
1131 4437 1211 4502 de
1278 4438 1612 4504 miraculis
1677 4435 1897 4523 agitur
1959 4440 2029 4504 in
2097 4450 2356 4523 papatu,
2416 4457 2658 4505 ’nonne
2731 4441 2801 4505 in

840 4522 1264 4590 idololatriae
1310 4525 1871 4592 confirmationem
1917 4526 2292 4602 trahuntur,
2350 4533 2443 4589 ut·
2468 4526 2683 4610 magis
2728 4546 2803 4592 ao

846 4609 1071 4694 magis
1129 4609 1427 4675 homines
1471 4609 1884 4686 indurentur,
1939 4620 2007 4677 et
2047 4612 2117 4675 in
2163 4611 2573 4697 ignorantiae
2618 4619 2800 4677 tene-

856 4693 1011 4760 bras
1090 4693 1421 4761 densiores
1502 4695 1978 4762 involvantur?
2067 4697 2511 4763 Nihilominus
2577 4704 2801 4763 tamen

856 4780 1349 4847 miracula-Dei
1419 4782 1731 4848 virtutem
1790 4793 1858 4847 et
1923 4783 2279 4868 potentiam
2346 4783 2801 4868 testificantur,

852 4875 937 4932 ut
968 4876 1148 4933 certa
1179 4865 1421 4932 fiducia
1452 4866 1867 4952 evangelium
1896 4868 1986 4935 ab
2023 4868 2397 4935 hominibus
2425 4868 2800 4952 recipiatur.

854 4950 995 5018 sed
1052 4953 1124 5017 in
1183 4952 1606 5028 contrarium,
1668 4961 1744 5020 ut
1802 4952 1961 5031 dixi,
2020 4956 2218 5019 finem
2279 4954 2393 5020 illa
2433 4955 2656 5021 miseri
2702 4955 2801 5021 illi

856 5036 1253 5121 impostores
1295 5039 1594 5123 papistici
1640 5040 1935 5106 trahunt.
1996 5041 2209 5105 'Dante
2256 5042 2475 5123 itaque
2519 5041 2799 5125 diligen-

857 5122 994 5189 tius
1060 5121 1245 5188 nobis
1313 5123 1609 5190 doctrina
1675 5125 1837 5191 haec
1902 5125 2312 5192 observanda
2336 5137 2477 5206 est,
2554 5137 2800 5210 quanto

2487 301 2898 370 HOMILIA
2942 304 3249 372 XXXII.

4671 311 4764 378 596

2923 493 3128 560 condo
3183 494 3564 578 stupiditas:
3621 511 3874 577 nempe,
3928 503 4003 561 ut
4059 513 4262 577 quum
4306 493 4493 578 signa
4525 498 4770 579 quaedam
4883 551 4884 564 ι

2922 577 3109 647 Deus
3166 589 3320 647 ante
3378 588 3644 648 nostros
3692 579 3916 647 oculos
3933 580 4262 662 ,posuer-it,
4304 600 4386 648 ea
4427 602 4544 646 non
4581 591 4770 650 tannim

2922 665 3343 746 admiremur,
3405 667 3657 751 Deique
3721 666 4077 749 potentiam
4144 675 4212 734 et
4264 665 4564 734 virtutem
4610 667 4772 736 adore·

2924 773 3070 816 mus
3129 774 3205 819 ao
3261 773 3666 830 veneremur,
3719 752 3998 820 seientes
4053 752 4271 835 ipsum
4323 771 4467 820 sese
4526 754 4677 826 nobis
4721 757 4768 821 in

2922 838 3056 903 illis
3113 839 3496 923 patefacere,
3551 848 3628 904 ut
3681 838 3894 921 ipsum
3942 833 4154 904 colere
4197 847 4263 902 et
4300 837 4590 906 venerari
4625 838 4774 904 discs-

2907 944 3104 989 ·mus:
3150 924 3403 990 Verum
3448 925 3646 990 etiam
3687 932 3753 990 et
3796 923 4076 1006 quidem·
4103 924 4174 986 in
4296 921 4446 990 imis
4478 923 4644 1006 signa
4670 944 4775 990 cum

2924 1010 3123 1075 verbo
3166 1011 3372 1093 ipsius
3413 1009 3906 1093 coniungamus.
3962 1008 4220 1089 Quamo
4264 1029 4401 1073 rem
4445 1010 4606 1092 signi
4633 1009 4777 1076 huius

2922 1094 3102 1161 haec-
3141 1094 3270 1164 fuit
3321 1095 3594 1174 utilitas,
3652 1103 3728 1162 ut
3769 1092 3935 1162 Saul
3991 1113 4122 1164 non
4165 1103 4429 1162 tantum
4471 1106 4778 1179 agnosceret

2923 1180 3143 1247 Deum
3197 1183 3300 1248 sui
3357 1181 3720 1258 misertum,
3783 1179 4016 1250 oblatis
4071 1178 4199 1263 ipsi
4255 1181 4512 1248 nunciis
4563 1199 4600 1243 a
4643 1189 4779 1264 pauc

2923 1267 3156 1348 missis,
3189 1266 3553 1333 aed-etiam
3598 1266 3838 1334 certior
3878 1267 4082 1343 fieret,
4125 1265 4605 1348 promissionem
4632 1265 4780 1345 illam,

2919 1369 3118 1435 quam
3154 1352 3480 1421 Samuelis
3514 1351 3878 1420 ministerio
3907 1359 4266 1435 acceperat,
4310 1351 4391 1420 de
4427 1351 4596 1435 regia
4625 1351 4780 1436 digui-

2921 1447 3056 1504 tate
3097 1439 3361 1505 tandem
3401 1437 3484 1505 ab
3521 1458 3604 1505 eo
3641 1437 4044 1520 implendam
4087 1437 4201 1521 qui
4241 1438 4634 1519 promiserat.

3093 1525 3473 1592 Secundum
3516 1543 3677 1589 vero
3721 1523 4008 1607 signum,
4049 1522 4336 1590 -fuerunt
4377 1523 4500 1588 viri
4541 1533 4674 1602 tres,
4700 1522 4780 1587 ad·

2921 1610 3304 1676 scandentes
3343 1612 3415 1676 in
3452 1610 3580 1676 Dei
3605 1610 3890 1702 glomum
3923 1607 4376 1678 sacrificaturi.
4420 1606 4602 1676 Unde
4633 1628 4783 1692 apps-

2921 1707 3026 1761 ret
3077 1696 3543 1781 praescriptam
3582 1717 3625 1762 a
3669 1695 3814 1761 Deo
3867 1694 4340 1762 sacrificiorum
4382 1694 4654 1778 regulam
4688 1711 4785 1759 non

2919 1782 3120 1849 fuisse
3159 1782 3336 1847 adeo·
3366 1781 3684 1865 religiose,
3728 1787 3810 1846 ut
3850 1779 4159 1863 oportuit,
4201 1779 4622 1848 observ-amm.
4679 1778 4785 1844 Non

2917 1867 3229 1934 dicuntur
3263 1868 3466 1934 enim
3523 1867 3779 1932 venisse
3835 1865 3910 1932 in
3953 1865 4172 1932 Rama
4225 1866 4666 1943 notificatum,
4709 1867 4784 1930 ubi

2917 1964 3140 2019 tamen
3200 1952 3472 2019 Samuel
3529 1960 3873 2020 exstructo
3937 1950 4156 2020 altari.
4191 1952 4600 2022 sacrificaret.
4683 1947 4787 2015 Sibi

2917 2036 4144 2191 {iioffliimffifflmmffisii
4161 2035 4786 2206 «ἓξὲρῗηᾞωέξὲἓ

2917 2219 3062 2276 tum
3137 2174 3440 2295 ipsor'um
3511 2208 3929 2276 trahendum.
4039 2206 4230 2289 Quod
4308 2205 4594 2292 papistas
4649 2206 4787 2273 hodie

2917 2296 3218 2363 factitare
3276 2294 3606 2374 videmus„
3647 2313 3851 2378 quum
3889 2291 4295 2362 traditiones
4347 2294 4658 2362 humanas
4690 2293 4787 2358 suis

2918 2380 3279 2448 rationibus
3317 2390 3645 2447 conantur
3687 2379 3884 2448 verbo
3925 2379 4057 2447 Dei
4073 2397 4390 2463 ²aequas-e,
4437 2390 4502 2446 et
4535 2388 4788 2461 tanquam

2917 2468 3046 2534 Dei
3073 2468 3352 2536 verbum
3389 2466 3726 2534 habendas
3757 2466 4169 2549 persuadere.
4213 2465 4387 2534 Nam
4421 2465 4598 2532 hunc
4625 2464 4786 2530 locum

2914 2560 2981 2619 et
3005 2552 3270 2620 similes
3314 2573 3397 2619 ex
3433 2551 3990 2635 saora‘scriptura
4023 2551 4096 2618 in
4131 2567 4396 2622 sensum
4439 2569 4789 2620 communem

2916 2639 3185 2706 wahunt
3224 2647 3304 2705 ut
3336 2640 3475 2705 suis
3508 2638 3889 2706 commentis
3925 2637 4124 2706 fidem
4158 2637 4424 2708 facient.
4469 2637 4561 2704 At
4583 2635 4788 2703 siDeus

2914 2724 3205 2806 ἧιτήματα
3259 2724 3577 2809 quaedam
3636 2723 3957 2804 toleravit,
4011 2742 4151 2796 non
4207 2723 4352 2794 ideo
4412 2733 4627 2790 tamen
4660 2740 4788 2790 oom-
4879 2761 4880 2770 κ

2891 2812 3236 2895 probavit.
3291 2810 3554 2894 Ecquis
3584 2805 3789 2894 igitur
3831 2830 3910 2876 eo
3949 2809 4256 2880 deveniat
4296 2807 4715 2893 impudentiae
4737 2815 4788 2870 ut

2913 2897 3152 2964 idcirco
3220 2897 3354 2963 suis
3426 2893 3918 2964 inventionibus
3983 2893 4164 2962 laxet
4227 2894 4537 2974 habenae,
4597 2905 4655 2959 et
4704 2910 4786 2975 pro

2911 2981 3044 3049 Dei
3086 2982 3288 3050 verbo
3329 2981 3494 3047 velit
3531 2980 4034 3048 absbominibns
4067 2979 4337 3048 haberi?
4387 2980 4584 3048 Viam
4614 2978 4789 3046 Domi·

2913 3091 3038 3136 nus
3077 3068 3448 3153 ipse-nobis
3504 3065 3940 3150 praescripsit,
3981 3085 4147 3134 eam
4200 3066 4406 3150 igitur
4456 3066 4787 3132 insistamus.

2911 3154 3086 3220 Nam
3160 3155 3301 3238 ipse
3360 3152 3695 3222 Dominus
3772 3151 4138 3237 diligenter.
4213 3159 4370 3224 ante
4433 3171 4551 3235 per
4609 3150 4788 3245 Mosen

2910 3240 3108 3321 eavit,
3147 3261 3234 3306 ne
3269 3239 3415 3324 quie
3451 3237 3852 3322 faeiat:quod
3883 3247 4136 3308 rectum
4171 3236 4508 3310 videbitur
4537 3237 4604 3303 in
4635 3233 4788 3304 oculu

2908 3328 3082 3395 suis:
3121 3324 3240 3392 sed
3277 3324 3746 3407 tantum.qu0d
3769 3321 4322 3407 Deus-praecipit.
4379 3322 4603 3406 Quare
4641 3337 4789 3405 quum

2909 3412 3036 3478 hoc
3076 3410 3334 3478 saeculo
3373 3410 3588 3495 signis
3607 3409 3758 3477 duis
3790 3425 4147 3487 careamus,
4185 3408 4434 3493 quibus
4473 3410 4623 3480 olim
4653 3407 4788 3474 Deus

2905 3516 3058 3563 eum
3091 3496 3336 3582 populo
3368 3518 3490 3563 suo
3521 3497 3690 3581 egit,·
3720 3494 4148 3577 verbi-,ipsius
4178 3494 4584 3578 simplicitati
4616 3494 4788 3562 imm

2908 3604 3199 3650 neamus.
3299 3583 3496 3649 Licet
3553 3583 3794 3665 itaque:
3843 3595 4325 3664 nonnunquam
4391 3582 4658 3665 populus
4707 3574 4788 3641 ills

2908 3669 3210 3736 iudaicus
3243 3678 3498 3748 temere
3519 3665 3908 3751 quibusdam
3939 3666 4100 3734 locis
4133 3667 4551 3746 sacrificavit,
4591 3674 4654 3732 et
4668 3681 4788 3729 nou·

2909 3756 3076 3822 nihil
3121 3776 3161 3820 a
3193 3753 3388 3839 legis
3414 3754 3696 3837 puritate
3735 3753 4028 3833 recessit,
4073 3752 4385 3834 Deaeque
4417 3750 4789 3820 nihilominus

2906 3841 3179 3926 ignovit,
3238 3862 3323 3905 ne
3381 3838 3972 3922 tamenexempla
4014 3837 4154 3904 illa-
4195 3857 4572 3921 sequamur,
4627 3849 4787 3917 neque
4879 3867 4880 3874 ι

2909 3927 3221 3993 audacius
3265 3925 3526 4009 ‘aliquid
3577 3933 3930 4004 tentemus,
3979 3923 4496 3998 misencordiam
4539 3944 4579 3988 a
4617 3921 4788 3988 divim

2889 4013 3254 4079 clementia
3283 4019 3774 4094 exspectantes.
3845 4008 4210 4078 -Voluntati
4249 4008 4428 4078 enim
4473 4011 4610 4076 eius
4646 4003 4785 4080 nobis

2905 4099 3268 4182 patefactae
3305 4105 3414 4163 est
3449 4095 4026 4180 acquiescendum,
4073 4102 4144 4162 et
4182 4095 4310 4168 soli
4345 4092 4787 4185 inhaerendum,

2904 4185 3184 4251 scientes
3225 4204 3382 4250 eum
3422 4203 3692 4250 seruum
3739 4181 3870 4266 qui⁴
3900 4182 4083 4250 novit
4125 4182 4534 4250 voluntatem
4573 4177 4786 4248 nemim

2906 4272 3027 4348 sui,
3087 4291 3206 4336 neo
3247 4291 3324 4336 se
3361 4269 3786 4351 comparavit,
3828 4285 3949 4334 nee
3989 4265 4154 4336 feeit
4193 4287 4276 4336 ex
4320 4269 4653 4332 voluntate
4686 4265 4788 4327 sius

2903 4355 3131 4422 multis
3193 4354 3405 4440 plagia
3470 4373 3732 4436 meeum
3759 4399 3766 4408 ·
3795 4353 3897 4422 iri.
3987 4352 4158 4419 Nos-
4189 4353 4409 4435 itaquo
4469 4352 4593 4424 Dei
4652 4345 4784 4418 verbi

2892 4441 3396 4525 simplicitatem
3449 4451 3820 4523 sequamur,
3885 4459 4134 4521 nequo,
4167 4438 4322 4522 quid
4390 4439 4501 4514 hio
4555 4437 4656 4506 vel
4705 4430 4785 4498 ills

2902 4526 3559 4594 feceritintueamur:
3593 4521 4118 4608 quandoquidem
4154 4524 4470 4607 quidquid
4491 4524 4618 4590 Dei
4637 4518 4784 4618 verbo

2903 4633 3038 4679 non
3093 4613 3416 4696 congruit,
3461 4612 3664 4678 semel
3726 4620 3828 4678 est
3868 4610 4308 4680 reficiendum.
4400 4611 4604 4678 Porro
4634 4617 4784 4672 tuum

2901 4699 3166 4765 illorum
3206 4698 3322 4782 qui
3363 4697 3702 4764 occursuri
3719 4704 3947 4775 erant,
3992 4717 4166 4766 unus
4207 4708 4340 4764 tres
4381 4695 4622 4764 hoedos
4659 4693 4785 4756 latu·

2901 4806 3016 4851 rus
3057 4784 3310 4863 dicitur,
3355 4783 3524 4849 alius
3566 4790 3706 4850 tres
3745 4790 4000 4852 tractus
4041 4783 4256 4865 panis,
4297 4790 4366 4850 et
4409 4782 4578 4848 alius
4615 4785 4781 4846 utrem

2902 4871 3064 4936 vini.
3171 4866 3359 4950 Quas
3435 4876 3598 4934 tam«
3639 4867 4018 4938 articulate.
4075 4865 4186 4934 hie
4244 4873 4784 4934 commemorantur

2897 4957 3152 5022 faciunt
3193 4956 3274 5020 ad
3311 4953 3535 5021 Saulis
3578 4953 3778 5021 fidem
3977 4954 3990 4968 ⁸
4072 4973 4152 5022 ac
4192 4954 4404 5037 magis
4449 4953 4782 5019 confirman-

2903 5042 3116 5109 dam.›
3159 5040 3331 5107 Nam
3389 5041 3444 5106 si
3502 5041 3573 5105 in
3631 5061 3873 5122 genere
3970 5060 4008 5106 e
4063 5038 4273 5108 tribus
4317 5037 4478 5106 viris
4518 5034 4782 5104 mrifioe-

2902 5138 3043 5194 tum
3100 5125 3518 5194 venientibus
3576 5127 3749 5193 facta
3791 5126 4037 5192 mentio
4097 5125 4346 5201 fuisset.
4400 5141 4534 5189 non
4573 5130 4780 5185 tantum

848 5207 1067 5274 maior
1108 5218 1206 5276 est
1249 5210 1590 5276 hominum
1636 5211 1706 5276 in
1754 5222 1929 5278 recto
1985 5212 2326 5297 signorum
2372 5234 2493 5278 usu
2535 5213 2797 5298 dignos·
2900 5214 3160 5298 pondus
3197 5211 3557 5293 habuisset,
3617 5221 3936 5296 quantum
3981 5210 4095 5280 ubi
4139 5231 4367 5280 omnes
4407 5209 4782 5276 circumstan-
