5059 6059
296 339 410 405 417

296 527 369 597 de
427 546 609 595 servo
675 525 762 592 sit
835 525 1288 610 dispositurus.
1399 527 1588 595 Licet
1652 528 1860 615 igitur
1919 529 2224 595 sensibus

294 613 566 681 externis
591 612 911 678 rationem
938 634 1068 678 non
1110 613 1428 696 percipiat
1470 614 1909 682 liberationis:
1955 615 2225 681 firmum

295 711 493 767 tamen
541 699 662 765 hoc
706 700 946 764 retinet
988 699 1487 765 fundamentum
1517 701 1729 766 Deum
1774 722 1891 767 suo
1934 713 2225 785 tempore

294 806 547 853 manum
592 804 781 850 suam
837 797 1290 865 exsarturum,
1352 787 1540 852 cuius
1600 787 2011 870 providentia
2065 786 2227 852 haec

293 872 495 940 omnia
540 870 1118 936 administrantur:
1179 893 1255 939 ac
1298 872 1450 939 licet
1495 874 1740 938 multae
1786 872 2226 939 revolutiones

292 968 351 1025 et
391 967 804 1040 tempestates
849 958 978 1022 Dei
1021 959 1353 1024 decretum
1399 960 1716 1025 remorari
1750 958 2120 1035 videantur,
2158 968 2225 1023 et

294 1053 464 1111 tanta
503 1063 724 1107 rerum
768 1044 1065 1107 omnium
1108 1064 1252 1109 esse
1274 1044 1566 1110 confusio
1611 1056 1686 1110 ut
1707 1045 1966 1111 coelum
2012 1058 2226 1111 terrae

293 1128 537 1196 misceri
562 1127 914 1207 videretur,
961 1138 1178 1194 tamen
1200 1128 1423 1195 David
1458 1131 1579 1197 hoe
1613 1130 1936 1214 principio
1971 1150 2226 1215 semper

290 1216 511 1282 nititur
566 1214 781 1280 Deum
834 1213 1152 1296 facturum
1204 1225 1272 1280 et
1340 1237 1470 1282 nou
1529 1226 1785 1282 tantum
1841 1218 1912 1282 in
1984 1236 2224 1300 genere

290 1301 433 1367 dicit
484 1300 810 1382 facturum
865 1299 981 1366 sed
1036 1301 1425 1367 nominatim
1484 1302 1701 1385 inquit
1753 1302 1828 1368 de
1868 1322 1984 1380 me,
2036 1301 2225 1386 quasi

289 1387 596 1452 fateretur
638 1408 710 1452 se
754 1385 1019 1469 quidem
1067 1387 1379 1453 miserum
1426 1400 1496 1453 et
1535 1388 1860 1455 abiectum
1894 1389 1964 1453 in
2008 1386 2224 1472 specie

288 1471 504 1548 videri,
572 1471 687 1538 sed
756 1492 889 1537 non
957 1471 1256 1538 dubitare
1333 1484 1557 1539 tamen
1637 1475 1792 1558 quin
1862 1475 2042 1540 Dens
2118 1473 2225 1540 sui

286 1560 697 1625 misereatur:
756 1568 825 1622 et
881 1558 1405 1643 quandoquidem
1474 1581 1607 1625 non
1675 1570 1935 1625 tantum
1994 1560 2081 1626 sit
2140 1559 2223 1625 ab

281 1644 418 1728 ipso
461 1653 726 1711 creatus
770 1641 886 1709 sed
926 1644 1122 1709 etiam
1170 1666 1290 1710 rex
1345 1646 1569 1729 populi
1628 1645 2027 1729 designatus,
2089 1666 2222 1711 non

280 1731 410 1796 fore
474 1730 606 1796 Dei
669 1729 950 1796 verbum
1014 1730 1212 1795 inane
1277 1752 1488 1815 neque
1567 1732 1873 1798 mendax.
1973 1732 2084 1797 Eu
2150 1741 2227 1796 ιιι

283 1814 493 1881 David
534 1836 670 1881 non
717 1825 975 1881 tantum
1020 1817 1256 1882 nititur
1309 1817 1600 1902 generali
1660 1818 1775 1882 illa
1823 1816 1946 1883 Dei
2004 1817 2222 1899 provi·

281 1901 512 1980 dentis,
559 1900 677 1967 sed
720 1901 1050 1986 singulari
1092 1903 1300 1985 ipsius
1344 1903 1798 1986 promissione,
1860 1923 2058 1987 quam
2099 1901 2224 1969 sibi

280 1988 369 2054 sic
410 1987 703 2071 applicat
750 1995 821 2052 ut
863 2008 998 2052 non
1043 1988 1302 2055 dubitet
1344 1989 1509 2071 quin
1551 1989 1654 2056 sui
1686 1989 1873 2056 Deus
1915 1990 2226 2054 miserea-

277 2082 381 2140 tur
416 2088 484 2139 et
525 2073 700 2158 quod
724 2074 1112 2156 promiserat
1155 2095 1276 2140 suo
1300 2084 1590 2159 tempore
1625 2076 1894 2142 tandem
1936 2075 2225 2159 impleat.

438 2158 762 2243 Sequitur
820 2158 1127 2243 deinceps
1177 2160 1553 2245 prophdam
1615 2160 1786 2228 Goth
1840 2162 2084 2227 venisse
2140 2161 2228 2228 ad

277 2244 611 2329 Davidem,
657 2250 714 2310 et
756 2245 1159 2313 admonuisse
1200 2268 1277 2313 ne
1317 2252 1595 2314 moneret
1627 2248 1699 2312 in
1721 2247 2074 2330 praesidio,
2117 2247 2228 2313 sed

270 2332 768 2415 proficisceretur
851 2333 923 2396 in
1001 2338 1236 2399 terram
1313 2334 1504 2401 Iuda.
1592 2334 1703 2399 En
1815 2333 2224 2401 ravissimam

275 2417 468 2483 aliam
528 2416 812 2484 Davidis
869 2419 1324 2485 tentationem:
1386 2441 1538 2485 nam
1597 2419 1724 2485 etsi
1834 2439 1954 2485 eus
1997 2420 2223 2504 singu·

273 2501 470 2570 larem
528 2503 613 2569 de
669 2504 812 2587 ipso
871 2524 1099 2569 euram
1142 2505 1383 2572 habere
1425 2527 1497 2571 se
1541 2513 1840 2585 testatur,
1893 2506 2094 2572 misso
2138 2505 2221 2571 ad

270 2589 481 2670 ipsum
547 2589 890 2674 propheta,
955 2591 1068 2673 qui
1129 2589 1291 2658 haec
1347 2591 1661 2658 mandata
1720 2590 1802 2657 ad
1845 2591 2063 2674 ipsum
2109 2589 2221 2657 de-

271 2675 499 2741 ferret:
559 2696 689 2758 qno
747 2676 990 2743 nuncio
1045 2675 1270 2743 David
1327 2679 1562 2743 certior
1605 2678 1815 2744 factus
1859 2684 1960 2743 est
2000 2676 2219 2743 Deum

268 2782 400 2827 non
441 2782 594 2828 esse
635 2761 737 2828 sui
773 2762 1051 2828 oblitum
1084 2760 1327 2849 (neque
1362 2765 1539 2829 enim
1574 2763 1795 2829 David
1831 2763 2218 2846 prophetam

269 2845 448 2914 Gath
474 2848 625 2913 sine
669 2847 858 2914 iussu
886 2848 1150 2914 Domini
1194 2870 1265 2915 se
1308 2848 1392 2915 ad
1436 2849 1560 2915 hoo
1601 2849 1956 2934 ingessisse
1994 2849 2214 2915 existi-

269 2934 514 3015 mavit,
576 2933 692 3000 sed
759 2955 911 2999 eum
976 2945 1051 3000 ut
1114 2955 1344 3001 verum
1403 2936 1531 3001 Dei
1587 2956 1857 3003 servum
1923 2935 2214 3021 agnovit,

264 3019 535 3103 eiusque
585 3019 801 3086 verbis
846 3018 1044 3085 fidem
1078 3020 1413 3088 adhibuit:
1461 3031 1530 3087 et
1565 3031 1640 3087 ut
1676 3020 2043 3087 videbimus
2079 3031 2215 3088 sta-

262 3106 380 3170 tim
438 3105 971 3190 obtemperavit),
1046 3106 1477 3174 nihilominus
1521 3120 1742 3174 tamen
1783 3106 2046 3174 difficile
2090 3107 2216 3174 fuit

260 3191 506 3257 Davidi
570 3212 655 3257 ex
712 3190 829 3256 illa
870 3193 1183 3275 spelunca
1225 3191 1308 3258 ad
1354 3193 1624 3259 Domini
1667 3194 2055 3260 mandatum
2098 3213 2214 3259 ex·

257 3274 489 3344 cedere
550 3287 621 3342 et
672 3276 990 3344 Iudaeam
1036 3279 1282 3345 venire.
1371 3279 1542 3345 Nam
1586 3301 1788 3363 quum
1833 3279 2056 3346 David
2100 3300 2212 3363 pe-

257 3371 454 3445 petuo
517 3363 888 3449 agitaretur
947 3365 1146 3432 variis
1190 3365 1554 3445 timoribus,
1609 3374 1676 3431 et
1720 3368 1791 3431 in
1834 3365 2212 3449 speluncam

255 3459 576 3533 tanquam
619 3448 832 3516 solnm
877 3451 1252 3535 perfugium
1297 3452 1696 3536 confugisset
1741 3452 1923 3518 velut
1966 3453 2047 3519 ab
2093 3450 2212 3517 ho-

253 3534 513 3602 minum
561 3535 888 3601 consortio
931 3538 1261 3617 exsulans,
1320 3539 1376 3603 si
1429 3537 1618 3604 Deus
1674 3559 1939 3605 servare
1993 3538 2212 3622 ipsum

256 3620 541 3698 volebat,
591 3639 710 3685 cur
750 3621 1063 3704 spelunca
1103 3622 1219 3688 illa
1261 3623 1483 3707 egredi
1527 3622 1814 3708 iubebat,
1858 3646 1988 3690 non
2028 3645 2212 3689 mon·

248 3714 459 3773 strata
547 3716 791 3772 ‘tamen
902 3707 1223 3774 evadendi
1314 3731 1399 3775 ex
1492 3709 1796 3793 periculis
1908 3708 2206 3776 ratione?

248 3790 502 3877 Egredi
549 3791 742 3857 illum
783 3790 963 3859 iubet
1006 3816 1091 3860 ex
1134 3795 1465 3879 spelunca,
1511 3794 1626 3861 sed
1668 3817 1757 3861 an
1800 3795 2016 3879 aliquo
2039 3804 2210 3861 tutat

248 3877 601 3946 exercitu?
682 3900 765 3943 au
834 3877 1158 3964 aliquibus
1224 3881 1569 3964 praesidiis
1631 3880 1819 3946 illum
1885 3881 2203 3947 instruit?

246 3965 528 4030 minime
577 3965 910 4048 gentium:
969 3966 1082 4032 sed
1127 3967 1627 4052 quadringentis
1671 3967 1800 4033 illis
1846 3966 1926 4034 de
1969 3966 2207 4052 quibus

247 4050 513 4134 egimus
572 4050 888 4134 stipatum
932 4052 1112 4119 iubet
1154 4053 1223 4118 in
1268 4051 1580 4119 Iudaeam
1626 4053 1965 4138 proficisci.
2053 4052 2206 4134 Quo

243 4155 455 4218 quum
518 4139 846 4216 venirent,
914 4138 1096 4204 velut
1155 4139 1225 4203 in
1283 4138 1552 4205 leonum
1610 4141 1830 4207 fauces
1889 4139 2207 4223 pauculae

242 4240 404 4289 oves
462 4222 864 4290 inciderunt.
955 4224 1129 4291 Nam
1167 4224 1326 4308 quid
1367 4225 1482 4291 ille
1526 4247 1677 4292 cum
1720 4227 1960 4310 exigua
2003 4247 2207 4292 manu

242 4315 309 4372 et
375 4307 643 4373 imbelli
696 4317 957 4393 poterat
1012 4309 1323 4378 adversus
1381 4310 1605 4378 Saulis
1650 4315 2025 4394 potentiam,
2093 4312 2206 4396 qni

242 4393 312 4458 in
356 4396 643 4478 regione
685 4397 1161 4476 dominabatur,
1206 4408 1274 4462 et
1317 4408 1451 4462 tam
1495 4399 1564 4463 in
1609 4397 1854 4464 Iudaea
1899 4420 2092 4482 quam
2134 4398 2205 4463 in

240 4482 486 4562 quavis
550 4480 680 4547 alia
737 4492 925 4566 parte
958 4480 1255 4566 ’regionis
1299 4484 1669 4569 opprimere
1713 4485 1850 4550 solo
1894 4483 2205 4550 mandato

239 4564 473 4649 ipsum
524 4568 827 4650 poterat?
916 4568 1139 4634 David
1182 4569 1447 4653 quidem
1485 4590 1642 4635 sane
1682 4569 2025 4637 videbatur
2061 4590 2206 4654 gra·

239 4654 409 4717 tiam
483 4653 775 4734 aliquam
841 4654 909 4717 in
977 4655 1223 4722 Iudaea
1287 4656 1356 4721 iu
1420 4676 1545 4739 qua
1603 4668 1801 4722 natus
1846 4665 1987 4722 erat
2030 4655 2205 4739 apud

239 4738 499 4804 multos
547 4739 715 4805 inire
757 4760 979 4823 posse:
1049 4762 1278 4808 verum
1322 4752 1828 4826 conquerentem
1864 4742 2050 4807 illum
2086 4763 2201 4807 au-

239 4821 469 4891 dimus
517 4824 645 4891 alio
689 4826 847 4907 loco,
900 4848 971 4892 se
1015 4825 1097 4891 ab
1141 4829 1444 4893 omnibus
1491 4827 1893 4904 derelictum,
1951 4841 2017 4893 et
2060 4828 2202 4912 qui-

239 4907 395 4975 dem
423 4932 467 4977 a
513 4913 834 4995 proximis
877 4933 915 4976 a
955 4913 1190 4996 quibus
1227 4913 1550 4978 auxilium
1586 4915 2023 4998 exspectabat,
2060 4915 2202 4980 sive

235 4997 647 5062 crudelitate
714 5010 779 5063 et
831 4999 1310 5064 inhumanitate
1366 5002 1447 5065 ab
1508 5001 1648 5066 eins
1705 5001 1949 5067 auxilio
1995 5001 2202 5066 deter-

234 5082 356 5146 riti
420 5084 583 5148 sint.
673 5084 856 5150 Deus
920 5086 1139 5168 itaque
1197 5084 1543 5152 videbatur
1587 5086 1917 5153 Davidem
1960 5108 2044 5152 ex
2088 5087 2206 5152 illa

233 5168 573 5250 spelunca
615 5170 921 5248 educens,
965 5174 1032 5235 in
1079 5192 1209 5255 qua
1252 5172 1455 5240 veluti
1496 5173 1794 5257 sepultus
1827 5171 2090 5253 latebat,
2138 5183 2203 5240 et

1562 338 1661 404 IN
1706 338 1759 405 1.
1808 337 1988 404 LIB.
2033 336 2436 406 SAMUEL.
2484 341 2683 409 CAP.
2729 343 2960 409 XXII.

4147 344 4278 411 418

2327 539 2397 597 et
2461 530 2838 598 crudelitati
2895 529 3119 598 Saulis
3175 529 3576 615 exposuisse.
3664 529 3856 613 Quae
3912 551 4071 599 sane
4127 553 4278 617 gra-

2325 615 2601 684 vissima
2632 618 2756 701 ipsi
2793 616 2918 682 fnit
2953 616 3251 683 tentatio.
3321 616 3798 683 Verumtamen
3839 638 3968 683 non
4005 618 4157 684 dubi
4168 639 4278 685 um

2326 710 2427 768 est
2489 703 2648 787 quin
2696 701 2917 770 David
2960 723 3267 787 magnam
3315 701 3823 769 consolationem
3866 725 3954 768 ex
3997 702 4277 787 prot-›he-

2327 796 2433 853 tae
2488 790 2709 856 verbis
2752 789 3092 872 acceperit,
3152 796 3219 854 et
3261 808 3657 872 magnopere
3700 789 3786 854 sit
3830 792 3995 854 confi
4006 797 4277 870 rm’stus,

2327 874 2479 940 licet
2523 875 2716 942 novis
2761 873 3070 958 periculis
3112 883 3574 957 exponeretur.

2498 962 2609 1028 Ex
2672 960 2795 1027 hoc
2856 960 3059 1044 igitur
3117 960 3259 1025 loco
3323 959 3691 1026 doctrinam
3748 959 4167 1027 utilissimam
4210 969 4278 1029 et

2327 1043 2518 1113 valde
2559 1047 2993 1113 necessariam
3039 1045 3443 1130 colligamus,
3488 1055 3558 1111 et
3598 1046 3668 1109 iu
3704 1046 3933 1128 primis
3967 1049 4274 1115 observe-

2327 1152 2476 1197 mus
2536 1134 2750 1199 Deum
2810 1152 2931 1197 nos
2989 1130 3189 1198 verbo
3232 1152 3352 1199 suo
3399 1130 3723 1197 solantem
3768 1152 3902 1196 non
3946 1153 4081 1198 uno
4135 1155 4277 1201 mo-

2326 1230 2552 1284 mento
2618 1239 2739 1284 nos
2800 1216 3105 1283 omnibus
3169 1216 3504 1283 doloribus
3568 1229 3636 1282 et
3700 1216 3972 1283 tristitia
4026 1219 4278 1302 levare,

2327 1324 2539 1388 neque
2584 1325 2700 1371 nos
2742 1303 2911 1369 velle
2955 1312 3091 1369 tam
3137 1302 3447 1370 delicatos
3483 1323 3627 1369 esse
3661 1313 3738 1368 ut
3772 1302 3959 1369 nulla
3993 1305 4278 1390 amplius

2326 1389 2754 1469 solicitudine,
2812 1389 2996 1455 nulla
3040 1388 3328 1469 tristitia,
3374 1387 3558 1454 nullo
3603 1399 3786 1455 metu
3828 1409 4271 1472 exerceamur,

2325 1476 2441 1542 sed
2500 1476 2648 1542 ideo
2706 1474 2909 1542 solari
2966 1475 3167 1541 verbo
3211 1495 3351 1554 sue,
3414 1484 3489 1539 nt
3530 1482 3783 1540 certum
3827 1477 4277 1544 testimoninm

2325 1562 2686 1628 habeamus
2744 1563 2963 1645 ipsum
3020 1581 3162 1627 esse
3220 1560 3407 1627 uobis
3464 1571 3739 1643 patrem,
3797 1569 3864 1626 et
3906 1560 4279 1630 laborantes

2325 1648 2531 1714 oculis
2573 1647 2711 1714 suis
2755 1646 3099 1730 respicere.
3189 1644 3378 1728 Quae
3422 1645 3721 1712 doctrina
3762 1646 3820 1711 si
3857 1647 4099 1713 nostris
4135 1648 4277 1715 ani·

2327 1735 2451 1799 mis
2506 1732 2898 1812 adhaeserit,
2956 1733 3285 1799 sufficeret
3345 1730 3429 1797 ad
3489 1752 3718 1797 omnes
3773 1752 3962 1798 casus
4021 1734 4280 1801 fortiter

2325 1818 2649 1886 ferendos.
2740 1817 2862 1886 Sin
2909 1838 3064 1885 vero
3109 1838 3246 1883 non
3289 1818 3575 1884 sufficiat
3613 1817 4131 1891 inexcusabilem
4173 1820 4278 1885 in-

2447 1904 2798 1971 titudinem
2886 1915 3179 1978 nostram
3265 1903 3706 1970 ostendemus.
3831 1902 4276 1986 Quamobrem

2372 1991 2656 2058 iscamus
2726 1989 2856 2056 tale
2915 1989 3222 2057 solatium
3275 1989 3518 2056 nostris
3576 1987 3909 2055 doloribus
3964 2011 4278 2075 quaerere

2325 2087 2393 2143 et
2425 2077 2498 2142 in
2534 2096 2791 2143 summa
2826 2076 3095 2142 tristitia
3128 2075 3385 2156 laetari,
3429 2083 3506 2141 ut
3543 2095 3678 2141 non
3712 2083 4101 2160 appetamus
4141 2087 4275 2144 ter·

2326 2184 2559 2229 renam
2617 2162 2905 2248 aliquam
2962 2160 3454 2239 beatitudinem,
3512 2161 3583 2226 in
3642 2180 3771 2245 qua
3827 2162 4011 2229 nobis
4054 2163 4278 2230 omnia
4323 2182 4341 2198 ·

2326 2248 2603 2329 rideant,
2668 2247 2784 2314 sed
2848 2246 3140 2313 contenti
3195 2246 3403 2313 simus
3457 2245 3585 2313 Dei
3640 2245 3860 2328 verbo,
3937 2248 4109 2332 quod
4151 2270 4275 2317 nos

2325 2334 2507 2401 iubet
2542 2354 2826 2419 sperare,
2865 2335 3081 2400 Deum
3108 2335 3487 2400 invocantes
3511 2353 3845 2416 nunquam
3869 2333 4277 2417 deserendos,

2323 2419 2456 2487 Dei
2498 2419 2761 2486 oculum
2804 2440 3005 2503 super
3045 2418 3255 2485 iustos
3299 2438 3460 2485 esse.
3550 2417 3775 2500 Quare
3819 2439 4277 2503 quamcunque

2330 2505 2768 2573 conditionem
2831 2506 3015 2571 Deus
3073 2503 3345 2582 dederit,
3403 2524 3482 2570 ea
3523 2503 3815 2571 contenti
3857 2506 4084 2571 simus.
4172 2508 4276 2575 Ao

2325 2614 2483 2659 sane
2547 2592 2718 2677 quod
2783 2591 2856 2656 in
2921 2590 3126 2658 sacris
3191 2590 3516 2674 audimus,
3581 2610 3702 2656 nos
3758 2590 3827 2655 in
3886 2590 4018 2657 Dei
4060 2593 4277 2677 gratia

2323 2678 2567 2747 habere
2621 2675 2937 2762 quidquid
2993 2676 3212 2760 expeti
3268 2683 3499 2760 potest,
3560 2674 3926 2742 doctrinam
3983 2677 4275 2745 continet

2324 2786 2523 2849 quam
2565 2784 2686 2849 per
2727 2784 2991 2829 omnem
3038 2761 3244 2829 vitam
3289 2761 3594 2829 meditari
3638 2781 3761 2829 nos
3799 2772 4061 2847 oportet
4099 2774 4168 2829 et
4201 2765 4273 2831 in

2322 2871 2519 2917 usum
2585 2870 2911 2918 revocare.
2999 2847 3175 2914 Nam
3218 2868 3296 2913 ea
3336 2855 3438 2913 est
3482 2847 3828 2914 hominum
3873 2849 4274 2931 perversitas

2321 2946 2390 3003 et
2431 2936 2685 3003 malitia
2727 2943 2804 3001 ut
2843 2934 3052 3001 vitam
3098 2932 3522 3018 tranquillam
3558 2940 3626 2999 et
3658 2934 3967 3017 quietam,
4009 2934 4270 3018 laboris,

2319 3043 2805 3102 aerumnarum,
2864 3021 3262 3101 morborum,
3320 3028 3561 3099 aestus,
3618 3019 3884 3102 frigoris
3928 3030 4270 3103 expertem

2318 3118 2388 3175 et
2428 3108 2811 3189 immunem,
2855 3115 3188 3190 expetant,
3234 3113 3301 3170 et
3341 3105 3470 3188 ipsi
3508 3104 3649 3170 Deo
3683 3103 3896 3190 legem
3930 3105 4270 3188 imponere

2316 3196 2605 3278 cupiant.
2687 3193 2894 3278 Atqui
2929 3214 3049 3259 nos
3084 3192 3271 3259 Deus
3311 3190 3457 3259 vult
3492 3198 3662 3256 totos
3696 3211 3738 3256 a
3769 3212 3894 3257 sua
3928 3191 4269 3261 voluntate

2316 3279 2633 3365 pendere:
2696 3290 2765 3345 et
2828 3280 2923 3346 sic
2989 3278 3160 3345 affici
3227 3286 3300 3344 ιιι
3364 3278 3436 3342 in
3500 3274 3735 3342 mediis
3801 3275 4267 3347 afflictionibus

2314 3366 2605 3452 gaudere
2672 3386 2810 3432 non
2875 3363 3273 3431 desinamus.
3359 3360 3514 3428 Alia
3570 3369 3912 3445 praeterea
3969 3363 4268 3434 doctrina

2313 3474 2397 3518 ex
2463 3452 2588 3519 hoc
2652 3451 2791 3519 loco
2859 3448 3169 3529 eruenda,
3234 3449 3455 3515 Deum
3520 3447 3977 3531 providentem
4021 3451 4266 3520 nostris

2313 3536 2828 3618 necessitatibus,
2885 3536 3040 3603 licet
3099 3535 3426 3602 rationem
3473 3545 3786 3618 sequatur
3828 3535 4072 3602 nostris
4115 3559 4266 3604 sen-

2309 3625 2490 3691 sibus
2535 3624 2809 3690 minime
2851 3621 3351 3690 convenientem
3370 3670 3388 3698 ,
3433 3620 3600 3686 velle
3637 3629 3860 3685 tamen
3895 3627 3964 3687 et
3997 3642 4265 3705 poscere

2311 3733 2352 3776 a
2393 3710 2582 3779 nobis
2625 3719 2700 3792 ut
2744 3709 2887 3776 eius
2933 3710 3127 3775 unius
3173 3706 3505 3775 voluntati
3538 3707 4044 3790 acquiescamus,
4104 3711 4265 3793 quid

2311 3796 2500 3863 nobis
2535 3795 2864 3881 expediat,
2902 3794 3119 3862 novit:
3157 3813 3233 3859 ac
3265 3791 3537 3876 proinde
3571 3790 3990 3862 cohibeamus
4017 3796 4258 3879 oculos,

2309 3903 2392 3948 ne
2448 3884 2520 3947 in
2566 3903 2644 3948 ea
2686 3902 2852 3967 quae
2896 3901 3030 3947 non
3074 3887 3333 3965 oportet
3370 3878 3785 3959 intueamur,
3845 3879 3961 3946 sed
4004 3882 4260 3964 placide

2308 3988 2430 4036 nos
2471 3968 2618 4035 Deo
2661 3966 2983 4054 regendos
3028 3967 3503 4050 permittamus.
3591 3964 4046 4033 Confirmatur
4098 3969 4259 4037 haec

2310 4053 2611 4122 doctrina
2652 4053 2934 4122 Davidis
2979 4052 3299 4135 exemplo,
3359 4051 3548 4118 cuius
3592 4050 3965 4118 obedientia
4007 4069 4108 4120 est
4150 4056 4254 4120 in-

2308 4141 2532 4224 signis.
2624 4139 2797 4206 Nam
2840 4139 3078 4223 alioqui
3123 4136 3522 4220 blasphemis
3568 4138 3831 4206 vocibus
3876 4137 4094 4204 Deum
4161 4141 4256 4206 of·

2307 4225 2639 4311 fendisset,
2683 4227 2741 4290 si
2786 4225 3099 4291 adversus
3144 4223 3535 4308 prophetam
3580 4224 3842 4308 obloqui
3881 4231 3951 4289 et
3982 4237 4252 4293 conten·

2310 4311 2463 4377 dere
2508 4313 2846 4396 voluisset,
2896 4310 3066 4394 quod
3107 4310 3206 4374 illi
3252 4323 3469 4374 tamen
3517 4330 3749 4375 sensus
3794 4308 3958 4375 ratio
4003 4309 4251 4379 dictare

2309 4405 2582 4481 poterat.
2646 4397 2821 4463 Nam
2850 4397 3248 4479 excepisset:
3296 4393 3646 4477 Quomodo
3690 4415 3796 4459 me
3840 4393 4023 4463 Deus
4069 4398 4253 4466 iubet

2306 4483 2689 4566 speluncam
2734 4484 2928 4549 istam
2975 4482 3218 4566 egredi,
3265 4482 3334 4546 in
3379 4502 3507 4564 quo
3551 4481 3702 4546 licet
3745 4481 4032 4551 occultus
4068 4495 4134 4548 et
4168 4484 4248 4551 ab

2307 4569 2648 4635 hominum
2728 4568 3056 4635 consortio
3138 4568 3341 4635 veluti
3422 4566 3722 4633 revulsus
3786 4588 3919 4631 non
3986 4590 4247 4650 possum

2305 4665 2522 4720 tamen
2570 4654 2792 4721 Saulis
2836 4676 2993 4740 erga
3036 4675 3142 4720 me
3187 4654 3473 4719 furorem
3519 4661 3585 4717 et
3623 4650 4072 4718 crudelitatem
4112 4655 4246 4739 pla-

2303 4741 2496 4807 care?
2588 4739 2765 4823 Quid
2829 4762 2986 4827 ergo
3050 4761 3155 4806 me
3222 4739 3459 4805 misero
3514 4738 3805 4803 futurum
3866 4740 3920 4804 si
3978 4739 4130 4806 hinc
4172 4741 4246 4807 in

2303 4827 2611 4893 Iudaeam
2668 4827 3043 4910 proficiscar
3103 4827 3227 4891 nisi
3285 4822 3459 4906 quod
3516 4823 3724 4906 magis
3769 4845 3845 4889 ac
3888 4825 4097 4908 magis
4141 4827 4245 4892 fu-

2302 4934 2518 4979 rorem
2578 4913 2785 4997 ipsius
2827 4920 3055 4979 contra
3097 4932 3204 4975 me
3247 4908 3682 4987 inflammabO,
3741 4910 3924 4975 cuius
3967 4932 4246 4995 regnum

2302 4998 2618 5065 invadere
2700 4999 2866 5065 velle
2934 4995 3248 5063 videbor?
3339 4994 3489 5059 Nou
3554 4993 3732 5060 istud
3796 5016 3915 5080 ego
3944 5016 4243 5095 ‘quaero,

2303 5095 2564 5170 tempus
2621 5084 2945 5168 patienter
3001 5093 3306 5164 exspecto
3363 5101 3488 5162 quo
3548 5101 3654 5145 me
3711 5080 3896 5146 Deus
3938 5103 4009 5147 m
4052 5087 4243 5170 regui

2302 5172 2778 5255 possessionem
2824 5171 3063 5246 mittat,
3109 5168 3239 5232 imo
3284 5176 3548 5250 paratus
3591 5186 3738 5231 sum
3781 5167 3923 5233 iure
3957 5189 4103 5236 meo
4138 5193 4245 5238 ce-

233 5254 308 5318 in
359 5263 674 5338 apertum
719 5255 976 5338 prodire
1021 5257 1252 5324 iubens
1298 5269 1367 5324 nt
1414 5260 1587 5326 vitae
1630 5260 1944 5342 consulat,
2000 5261 2202 5328 furori
2306 5255 2478 5334 dere,
2543 5258 2622 5322 ad
2683 5256 2906 5321 ovium
2962 5275 3203 5339 pascua
3261 5252 3493 5317 redire.
3583 5252 3730 5317 Nou
3791 5252 3994 5321 ducor
4037 5256 4247 5323 hono-

466 5355 692 5414 Calvina·
715 5374 900 5428 opera.
949 5360 1073 5417 Vol.
1097 5360 1293 5422 XXX.

3778 5356 3845 5409 27
