5059 6059
814 323 950 390 559
2462 313 2872 382 HOMILIA
2919 316 3189 383 XXIX.
4664 321 4762 389 560

821 513 1105 578 decimas
1140 508 1515 594 imponendi
1553 517 1618 573 et
1653 506 1976 593 exigendi.
2023 506 2219 590 Quod
2255 507 2410 591 quid
2440 519 2544 574 est
2565 505 2762 585 aliud,
2871 508 3109 572 taverit
3163 508 3426 591 sequuti
3468 507 3804 587 fuerimus,
3872 506 4072 573 nullis
4118 527 4407 591 unquam
4453 509 4767 578 rationibus

819 620 1075 682 quaeso,
1133 617 1327 679 quam
1373 596 1791 661 autoritatem
1836 596 2047 678 ipsam
2092 590 2388 658 divinam
2430 591 2763 670 invadere,
2871 614 2910 658 a
2954 594 3282 677 proposito
3326 592 3797 674 dimoveamur,
3859 613 3936 658 ac
3975 614 4061 659 ne
4119 593 4177 659 si
4217 592 4479 677 quidem
4535 603 4769 663 mortem

820 696 888 749 et
932 682 1304 749 hominibus
1365 681 1532 746 velle
1589 680 1979 764 persuadere
2037 701 2109 745 se
2170 701 2300 745 non
2361 679 2650 762 amplius
2696 681 2763 742 in
2870 688 3022 745 ante
3098 678 3316 746 oculos
3375 678 3760 747 habeamus:
3838 688 4026 744 tanta
4075 688 4177 746 est
4233 678 4506 745 humani
4562 681 4772 765 ingenii

818 769 1160 835 hominum
1206 788 1348 833 esse
1392 786 1662 833 numero
1706 765 2133 850 reponendos,
2192 764 2307 831 sed
2352 765 2541 847 quasi
2585 763 2763 831 coelo
2871 765 3253 848 pervicacia,
3333 774 3409 830 ut
3472 765 3671 832 nullis
3735 764 4096 831 rationibus
4161 764 4368 846 cedat,
4449 764 4562 833 sed
4619 789 4769 834 suam

821 855 1118 940 delapsos
1161 852 1569 920 adorandos?
2871 850 3245 934 opinionem
3303 872 3453 917 cum
3510 872 3767 918 summa
3823 851 4237 918 contumacia
4293 852 4589 918 retineat.
4664 853 4774 920 Ita·

995 941 1297 1025 Denique
1376 938 1648 1005 Samuel
1713 937 2030 1021 praedicit
2094 938 2230 1004 fore
2299 945 2373 1003 ut
2432 936 2577 1021 regi
2642 955 2764 1002 suo
2868 957 2994 1020 que
3051 935 3269 1003 danda
3324 937 3510 1004 nobis
3567 957 3765 1021 opera
3817 948 3940 1021 est,
4018 945 4095 1003 ut
4151 938 4398 1003 iustam
4457 937 4631 1004 illam
4669 939 4772 1006 Dei

820 1029 1136 1095 serviant.
1224 1025 1480 1109 Quibus
1523 1025 1741 1091 verbis
1788 1024 2052 1106 indicat,
2096 1021 2273 1109 quod
2308 1023 2614 1105 superius
2649 1021 2763 1087 do·
2871 1020 3229 1090 vindictam
3266 1024 3789 1107 praeveniamus,
3829 1045 3913 1088 ne
3947 1024 4176 1108 pravis
4210 1025 4456 1089 nostris
4478 1024 4774 1091 affectibus

817 1115 1091 1193 cuimus,
1148 1113 1277 1179 non
1321 1112 1468 1178 ideo
1514 1121 1730 1176 tamen
1774 1121 2072 1194 oportere
2117 1109 2260 1175 illos
2307 1109 2628 1174 adversus
2671 1110 2767 1192 ip·
2869 1110 3145 1174 nimium
3203 1109 3639 1193 indulgentes,
3699 1110 3893 1193 plane
3937 1108 4200 1176 tandem
4247 1129 4676 1190 excaecemur‚
4724 1121 4776 1176 et

818 1221 966 1267 sum
1011 1199 1358 1276 rebellare;
1426 1197 1596 1281 quod
1645 1217 1980 1280 nunquam
2025 1197 2169 1261 iure
2209 1197 2420 1279 possit
2461 1192 2764 1260 subditus
2868 1197 2937 1260 in
3026 1193 3373 1278 reprobum
3462 1216 3728 1262 sensum
3817 1196 4259 1262 coniiciamur.
4350 1197 4452 1261 Ac
4545 1197 4778 1279 proinde

820 1287 1138 1353 adversus
1194 1283 1654 1368 magistratum
1712 1284 2072 1366 insurgere,
2132 1281 2283 1347 licet
2341 1282 2763 1365 magistratus
2870 1282 3168 1365 exemplo
3235 1280 3427 1347 debet
3492 1281 3682 1347 nobis
3744 1302 3889 1348 esse
3955 1281 4124 1365 qnod
4191 1281 4300 1347 hic
4357 1280 4437 1346 de
4497 1281 4778 1349 Israelitis

817 1372 903 1438 ad
951 1370 1359 1454 tyrannidem
1395 1380 1690 1453 spectare
1727 1368 2040 1434 videatur.
2132 1366 2479 1433 Caeterum
2515 1380 2766 1448 quanta
2868 1368 3268 1451 proponitur,
3336 1379 3408 1432 ut
3471 1368 3817 1449 sapiamus,
3885 1387 4096 1451 neque
4153 1367 4333 1432 enim
4392 1388 4619 1433 snmus
4670 1369 4778 1436 illis

818 1461 1129 1525 caecitate
1188 1456 1463 1541 populus
1521 1455 1635 1521 ille
1693 1453 2003 1520 laborarit
2062 1475 2144 1519 ex
2191 1473 2266 1518 eo
2311 1452 2761 1535 perspicimus,
2869 1454 3188 1519 meliores.
3281 1457 3501 1537 Atque
3544 1453 3652 1518 hic
3692 1463 3792 1518 cst
3833 1456 4126 1518 omnium
4173 1454 4610 1519 humanorum
4652 1475 4779 1521 con·

820 1544 989 1628 quod
1035 1555 1168 1608 tam
1212 1544 1398 1608 seriis
1442 1540 1997 1606 admonitionibus
2035 1539 2287 1605 nullum
2325 1540 2477 1603 fecit
2513 1538 2759 1603 locum:
2869 1540 3162 1605 siliorum
3221 1560 3388 1622 quae
3434 1560 3560 1605 non
3607 1541 3878 1620 ratione,
3934 1538 4048 1604 sed
4091 1539 4229 1605 solo
4273 1540 4523 1623 impetu
4564 1551 4631 1605 et
4668 1542 4782 1605 vio-

816 1630 931 1697 sed
1011 1628 1212 1695 semel
1288 1628 1611 1694 imbutam
1675 1627 2065 1710 opinionem,
2146 1645 2367 1709 regem
2435 1646 2519 1690 ex
2585 1644 2766 1688 more
2870 1626 3064 1691 lentis
3117 1626 3459 1691 affectibus
3516 1626 3836 1704 nituntur,
3912 1626 4151 1703 exitus,
4224 1626 4541 1691 nimirum
4597 1626 4783 1691 infeli·

822 1717 1119 1803 gentium
1175 1713 1480 1790 habendi,
1542 1714 1961 1794 pertinaciter
2016 1710 2310 1778 retinuit.
2402 1708 2765 1789 Attendite,
2870 1710 3187 1776 cissimus.
3277 1710 3601 1793 Equidem
3664 1711 3872 1777 fateor
3930 1730 4125 1794 saepe
4165 1710 4337 1776 bono
4382 1710 4784 1778 fundamento

824 1802 1109 1885 obsecr0,
1166 1798 1488 1883 quomodo
1535 1799 1833 1864 homines
1877 1817 2042 1880 quos
2092 1798 2274 1862 Deus
2320 1794 2443 1861 sibi
2486 1796 2651 1878 ipsis
2698 1807 2766 1859 et
2871 1796 3013 1876 niti,
3058 1796 3171 1879 qui
3215 1796 3563 1862 seditiones
3606 1808 3672 1862 et
3708 1797 3935 1864 turbas
3970 1798 4277 1874 excitant,
4322 1797 4379 1862 si
4416 1797 4783 1880 principium

822 1890 960 1955 suis
1002 1886 1306 1953 sordibus
1349 1884 1688 1968 permittit,
1734 1884 1804 1948 in
1850 1881 2201 1964 reprobum
2246 1902 2516 1948 sensum
2560 1879 2759 1948 conii·
2870 1891 2938 1947 et
2979 1881 3475 1947 fundamentum
3521 1883 3924 1966 inspiciatur.
4017 1880 4131 1949 Sic
4173 1883 4294 1947 filii
4338 1882 4668 1949 Samuelis
4705 1883 4780 1948 di·

819 1977 1097 2050 ciantur,
1153 1987 1222 2037 et
1276 1970 1358 2037 ab
1417 1970 1756 2036 affectibus
1810 1970 1947 2034 suis
1993 1969 2356 2034 transversi
2398 1967 2761 2051 rapiantur.
2868 1980 3106 2036 cuntur
3168 1969 3446 2033 avaritia
3506 1979 3574 2033 et
3618 1968 3968 2035 ambitione
4012 1989 4132 2034 sua
4175 1970 4578 2036 occasionem
4619 1989 4784 2052 prae-

822 2061 1050 2144 Neque
1105 2061 1281 2124 enim
1338 2057 1542 2122 oratio
1600 2054 1933 2122 Samuelis
1990 2074 2066 2120 eo
2123 2052 2460 2138 spectabat
2505 2063 2762 2118 tantum
2869 2053 3085 2119 buisse
3148 2053 3511 2120 senioribus
3576 2054 3798 2138 populi
3865 2053 3945 2119 de
4001 2054 4165 2137 ipsis
4229 2054 4685 2138 conquerendi,
4735 2065 4786 2120 et

822 2155 902 2212 ut
944 2144 1258 2231 populum
1302 2141 1778 2217 condemnaret,
1823 2160 1898 2206 ac
1943 2140 2215 2224 dignum
2262 2161 2401 2206 esse
2438 2138 2555 2205 tali
2593 2159 2764 2205 mer·
2866 2139 3013 2205 illos
3072 2139 3216 2204 ideo
3273 2139 3763 2217 exauctorandi,
3824 2154 3894 2206 et
3937 2159 4055 2205 suo
4099 2140 4329 2207 ordine
4373 2161 4451 2207 ac
4494 2140 4786 2226 dignitate

815 2232 973 2300 cede
1018 2231 1281 2308 diceret,
1343 2229 1456 2312 qui
1503 2227 1626 2292 sibi
1673 2234 1935 2292 tantum
1979 2226 2230 2291 malum
2277 2224 2762 2292 accersivisset:

812 2317 928 2385 sed
971 2328 1048 2383 ut
1091 2325 1438 2399 antequam
1484 2312 1826 2379 accidisset
1867 2312 2259 2397 praemoniti
2302 2323 2632 2392 caverent,
2681 2332 2763 2376 ne

812 2404 938 2472 sibi
994 2402 1304 2486 laqueum
1362 2397 1764 2477 inducerent,
1834 2418 1959 2481 quo
2018 2418 2087 2464 se
2145 2397 2474 2483 explicare
2528 2398 2761 2479 nequi-

815 2497 985 2570 rent,
1023 2489 1208 2570 quasi
1244 2486 1348 2551 his
1380 2484 1596 2550 verbis
1619 2505 1731 2549 eos
1751 2484 2209 2568 compellaret:
2252 2483 2395 2549 Viri
2418 2481 2760 2548 Israelitae

819 2573 1344 2649 animadvertite,
1433 2579 1496 2635 et
1584 2572 1784 2635 finem
1873 2570 2296 2636 consiliorum
2384 2579 2758 2635 vestrorum

817 2667 1140 2745 spectate:
1198 2678 1349 2724 nam
1408 2657 1465 2723 si
1524 2677 1744 2740 regem
1790 2677 1872 2722 ex
1918 2677 2100 2722 more
2144 2665 2210 2720 et
2250 2656 2552 2721 instituto
2597 2676 2757 2739 gen-

815 2748 987 2812 tium
1065 2744 1448 2824 habueritis,
1529 2744 1717 2808 bonis
1783 2743 2020 2808 vestris
2086 2741 2545 2824 spoliabimini,
2625 2760 2756 2807 non

816 2833 1019 2907 vobis.
1076 2852 1212 2896 non
1266 2829 1506 2907 liberis,
1568 2851 1700 2894 non
1754 2826 2146 2913 peccoribus,
2206 2849 2344 2892 non
2399 2827 2757 2893 seminibus

814 2918 1051 2987 vestris
1115 2925 1433 3000 parcetur.
1524 2915 1748 2980 Vosne
1804 2934 1962 2998 ergo
2028 2923 2257 2997 sponte
2326 2914 2495 2979 hanc
2549 2914 2753 2979 servi-

816 3017 1022 3071 tutem
1068 3004 1138 3068 in
1184 3012 1469 3068 vestram
1514 3000 1869 3085 perniciem
1913 2999 2239 3083 optabitis,
2285 3008 2353 3064 et
2395 3000 2561 3065 colla
2604 3000 2755 3084 iugo

814 3092 926 3157 tali
971 3092 1259 3156 volentes
1296 3086 1739 3155 submittetis?
1780 3087 1889 3150 Ex
1923 3087 2158 3168 quibus
2193 3099 2467 3169 apparet
2512 3099 2755 3168 quanto

810 3176 1027 3245 studio
1069 3176 1350 3241 salutem
1395 3173 1596 3238 huius
1641 3171 1861 3255 populi
1906 3171 2177 3238 Samuel
2223 3172 2636 3254 quaesiverit,
2683 3181 2756 3237 ut

812 3286 853 3330 a
930 3261 1263 3346 proposito
1338 3258 1714 3340 deterreret,
1790 3269 1857 3323 et
1916 3258 1998 3321 ad
2064 3257 2402 3323 meliorem
2468 3268 2755 3322 mentem

813 3349 1143 3434 proposito
1184 3346 1519 3430 praesenti
1562 3344 1762 3410 exitio
1799 3343 2152 3410 reduceret.
2244 3342 2378 3409 Sed
2417 3343 2572 3427 quid
2610 3364 2751 3426 pro·

811 3435 1094 3501 moverit
1137 3433 1353 3498 exitus
1397 3431 1551 3497 facit
1593 3429 1812 3508 fidem,
1864 3450 2069 3512 quum
2115 3438 2298 3495 tanto
2336 3430 2756 3512 arrogantius

810 3531 877 3587 et
933 3519 1323 3587 insolentius
1367 3516 1681 3583 adversus
1725 3515 2098 3581 Samuelem
2145 3515 2649 3591 insurrexerint,
2691 3525 2758 3580 et

811 3608 1233 3690 pertinaciter
1303 3604 1375 3669 in
1429 3601 1757 3669 sententia
1813 3602 1990 3685 regis
2050 3600 2388 3667 obtinendi
2452 3622 2756 3685 perman-

814 3693 1037 3758 serint.
1126 3690 1299 3755 Nam
1344 3691 1524 3773 prius
1568 3687 1946 3755 Samuelem
1991 3698 2408 3771 rogaverant,
2453 3700 2528 3752 ut
2571 3707 2757 3771 prac-

812 3786 1087 3863 poneret
1127 3776 1251 3841 sibi
1294 3796 1534 3860 regem,
1595 3774 1704 3858 qui
1750 3773 2200 3840 dominaretur
2243 3773 2393 3851 illis,
2449 3794 2529 3838 ex
2575 3794 2757 3840 more

813 3871 881 3931 et
935 3863 1240 3927 instituto
1298 3861 1576 3927 aliarum
1635 3861 1966 3945 gentium:
2034 3859 2168 3924 iam
2230 3880 2383 3925 vero
2440 3858 2598 3925 licet
2641 3879 2755 3924 au-

811 3950 998 4015 diant
1056 3949 1275 4014 Deum
1334 3955 1470 4011 tam
1528 3945 1923 4011 horrendam
1982 3946 2374 4011 sententiam
2437 3944 2755 4012 adversus

808 4056 997 4102 suam
1088 4031 1505 4100 rebellionem
1596 4032 2072 4116 pronuntiasse,
2163 4035 2382 4096 tamen
2464 4043 2757 4096 renuunt

813 4120 1183 4187 auscultare
1221 4118 1364 4184 voci
1400 4116 1746 4197 Samuelis,
1784 4128 1849 4182 et
1884 4118 2361 4185 contumaciter
2382 4118 2754 4201 excipiunt:
2805 4097 2812 4248 ι

820 4208 1253 4289 Nequaquam,
1296 4204 1407 4269 sed
1447 4224 1560 4270 rex
1592 4205 1875 4286 praeerit
1909 4203 2104 4270 nobis.
2162 4203 2451 4284 Quanta,
2496 4225 2753 4287 quaeso,
2861 4204 3141 4270 exitium
3181 4203 3573 4285 praecipites
3616 4203 3922 4267 feramur.

818 4294 976 4359 haec
1041 4291 1418 4376 arrogantia
1484 4300 1600 4369 est,
1663 4301 1801 4355 tam
1866 4289 2223 4355 insolenter
2279 4290 2406 4356 Dei
2460 4290 2754 4354 admoni-
3035 4288 3411 4372 Supersunt
3454 4288 3637 4354 nobis
3680 4286 4107 4370 expendenda
4149 4289 4353 4354 verba
4385 4288 4520 4367 illa,
4567 4291 4794 4373 quibus

815 4380 1025 4445 tiones
1070 4379 1357 4456 reiicere,
1418 4389 1481 4440 et
1525 4376 1869 4440 consilium
1912 4375 2122 4459 ipsius
2167 4376 2518 4460 despicere,
2565 4386 2758 4459 atque
2808 4437 2812 4450 ,
2861 4397 3082 4459 regem
3139 4374 3265 4440 sibi
3310 4373 3451 4438 dari
3496 4373 3850 4457 postulant,
3905 4380 3976 4438 ut
4016 4374 4145 4439 sint
4186 4394 4424 4458 quoque
4465 4376 4607 4456 ipsi
4649 4377 4795 4443 siaa

815 4465 1232 4531 autoritatem
1305 4471 1441 4526 tam
1498 4462 1688 4543 parvi
1744 4463 1973 4538 facere,
2039 4482 2240 4544 quum
2302 4460 2596 4529 Samueli
2653 4484 2757 4528 re·
2805 4461 2812 4490 ¹
2860 4481 3070 4528 omnes
3111 4462 3270 4526 istae
3308 4466 3516 4544 yentes
3604 4462 3801 4543 Atqui
3851 4462 4032 4526 Deus
4075 4459 4412 4527 Israelitas
4456 4480 4496 4525 a
4543 4461 4798 4546 reliquis

814 4551 1171 4635 spondent:
1234 4547 1671 4630 Nequaquam,
1727 4548 1835 4613 sed
1890 4568 2004 4612 rex
2042 4550 2326 4629 praeerit
2367 4547 2590 4614 nobis?
2650 4550 2758 4614 Ex
2863 4544 3166 4632 gentibus
3226 4546 3647 4612 distinxerat:
3706 4557 3900 4627 atque
3960 4545 4258 4612 ordinem
4317 4548 4387 4611 in
4445 4548 4582 4615 illis
4627 4549 4800 4614 insti-

814 4637 1051 4720 quibus
1095 4635 1404 4701 docemur
1450 4634 1668 4699 Deum
1707 4635 1881 4699 iusto
1926 4654 2043 4698 suo
2090 4632 2329 4700 iudicio
2374 4655 2492 4699 nos
2528 4655 2759 4701 excae-
2864 4645 3100 4711 tuerat,
3161 4634 3229 4697 in
3275 4653 3401 4714 quo
3446 4633 3749 4716 specialis
3789 4631 3916 4697 Dei
3960 4631 4149 4698 favor
4193 4643 4260 4698 et
4303 4634 4512 4700 tutela
4558 4655 4637 4702 ac
4671 4655 4806 4720 pro·

813 4744 983 4802 care,
1050 4731 1117 4788 et
1172 4721 1559 4803 praecipites
1612 4719 1784 4796 dare,
1852 4740 2052 4803 quum
2113 4720 2354 4786 nostris
2413 4722 2636 4804 pravis
2695 4731 2762 4787 et
2810 4687 2815 4784 Ι
2867 4720 3059 4786 tectio
3140 4719 3454 4785 elucebat.
3545 4719 3796 4784 Verum
3879 4718 4123 4785 similes
4189 4721 4329 4785 fieri
4396 4721 4682 4805 cupiunt
4739 4722 4806 4785 iis

814 4809 1036 4875 stultis
1107 4806 1448 4874 affectibus
1513 4806 1665 4890 plus
1734 4826 1941 4888 aequo
2012 4805 2443 4890 indulgemus.
2537 4805 2761 4888 Quare
2810 4841 2817 4922 Ι
2868 4805 3124 4888 populis
3180 4825 3339 4886 quos
3397 4805 3580 4870 Deus
3639 4805 3971 4884 reiecerat,
4033 4815 4099 4869 et
4151 4824 4312 4888 quos
4367 4807 4441 4871 in
4484 4807 4800 4889 peculium

816 4895 1028 4960 alieno
1085 4893 1469 4976 sapiendum
1532 4891 1851 4975 exemplo,
1918 4912 2001 4956 ne
2061 4892 2118 4955 si
2174 4892 2245 4957 in
2292 4893 2542 4975 aliquas
2586 4892 2760 4958 diffi-
2810 4927 2816 4966 ι
2868 4913 3058 4957 suum
3098 4891 3391 4975 accipere
3429 4891 3746 4956 noluerat.
3836 4892 4101 4966 Annon,
4139 4891 4425 4972 obsecro,
4460 4892 4646 4959 istud
4682 4907 4804 4959 erat

815 4981 1089 5046 cultates
1122 4978 1563 5058 inciderimus,
1609 4987 1857 5043 temere
1893 4978 2136 5044 nostris
2159 4978 2445 5044 consiliis
2471 4978 2761 5045 habenas
2812 4983 2816 4996 '
2869 4977 2997 5044 Dei
3038 4978 3366 5051 beneficia,
3413 4975 3646 5059 quibus
3689 4976 4006 5043 hactenus
4048 4998 4088 5042 a
4132 4976 4277 5042 Deo
4320 4978 4638 5045 cumulati
4681 4980 4805 5044 fue-

2866 2224 3263 2292 removendi.
3357 2224 3488 2291 Sed
3548 2226 3812 2291 interim
3857 2225 4121 2291 modum
4167 2248 4298 2292 non
4343 2240 4625 2304 servant,
4695 2225 4786 2293 sed

2865 2313 3000 2377 suis
3046 2311 3385 2377 affectibus
3452 2311 3708 2396 abrepti
3765 2312 3993 2395 pravis
4035 2312 4326 2378 consiliis
4370 2313 4585 2377 locum
4631 2312 4784 2390 dant,

2865 2408 2933 2462 et
2978 2416 3096 2481 pro
3140 2397 3414 2463 salutari
3457 2397 3742 2462 remedio
3787 2418 3930 2463 sese
3971 2398 4040 2462 in
4076 2399 4359 2464 maiores
4394 2398 4788 2464 difficultates

2864 2484 3236 2563 coniiciunt,
3281 2493 3347 2547 et
3391 2483 3578 2548 velut
3622 2483 3693 2548 in
3739 2483 4005 2567 laqueos
4046 2484 4368 2549 inserunt.
4460 2488 4681 2568 Atque
4719 2485 4788 2549 ita

2863 2571 3000 2634 fere
3044 2570 3189 2634 fieri
3235 2569 3554 2635 videmus.
3647 2570 3876 2651 Itaque
3918 2569 4036 2636 hoc
4080 2570 4459 2653 exemplum
4503 2573 4576 2635 in
4619 2591 4788 2636 usum

2865 2667 3160 2721 nostrum
3234 2654 3478 2720 cedito:
3551 2654 3932 2721 modestiam
4002 2665 4071 2721 et
4126 2655 4540 2721 sobrietatem
4600 2655 4790 2722 colere

2864 2742 3205 2818 discamus,
3252 2752 3316 2805 et
3361 2740 3527 2806 nihil
3575 2741 3722 2824 plus
3766 2760 3961 2825 quam
4007 2742 4159 2807 licet
4192 2741 4404 2807 moliri
4441 2752 4507 2807 et
4542 2763 4789 2820 novare,

2865 2830 3212 2910 Deumque
3265 2847 3606 2910 precemur
3663 2837 3738 2892 ut
3797 2828 3937 2910 ipse
3995 2846 4115 2892 nos
4161 2848 4279 2893 suo
4324 2828 4560 2912 spiritu
4607 2839 4788 2913 regat,

2864 2933 3071 2996 neque
3114 2934 3231 2978 nos
3277 2912 3462 2977 nobis
3505 2912 3666 2995 ipsis
3711 2915 4065 2996 permittat,
4112 2923 4178 2978 et
4223 2933 4307 2978 ne
4351 2915 4645 2996 patiatur
4688 2933 4790 2978 nos

2862 3000 2942 3065 ab
2986 2999 3194 3083 ipsius
3238 2997 3438 3064 verbo
3483 2998 3816 3064 tantillum
3852 2998 4172 3079 recedere,
4214 2998 4329 3065 sed
4365 3000 4584 3083 potius
4619 3000 4792 3066 faciat

2862 3087 2930 3150 in
2997 3082 3184 3149 nobis
3243 3095 3321 3149 ut
3363 3082 3527 3149 illud
3572 3105 3759 3150 suam
3804 3084 3977 3167 apud
4023 3104 4144 3150 nos
4187 3086 4611 3152 autoritatem
4655 3086 4792 3152 reti·

2861 3181 3034 3249 neat,
3117 3181 3183 3235 et
3248 3191 3365 3235 nos
3429 3170 3541 3235 illo
3609 3170 3771 3237 duce
3836 3169 4259 3255 gaudeamus.
4349 3170 4518 3254 Quis
4589 3173 4788 3255 igitur,

2860 3277 3059 3340 quum
3122 3257 3230 3321 hic
3285 3256 3590 3322 dicuntur
3646 3256 3989 3322 Israelitae
4045 3257 4173 3322 Dei
4232 3257 4584 3323 consilium
4645 3260 4790 3323 reie-

2859 3346 3044 3422 cisse,
3107 3363 3237 3407 non
3297 3342 3766 3410 animadvertit
3822 3343 4097 3407 nimium
4151 3343 4549 3409 insolentem
4611 3344 4794 3411 rebel·

2857 3427 3149 3494 lionem?
3206 3430 3351 3510 quis
3412 3450 3542 3493 non
3601 3440 3778 3494 totus
3835 3428 4279 3494 cohorrescit?
4371 3429 4546 3495 Nam
4609 3452 4790 3515 quum

2859 3513 3237 3581 Samuelem
3297 3534 3415 3597 pro
3473 3515 3716 3599 insigni
3776 3512 3904 3579 Dei
3961 3516 4281 3598 propheta
4334 3515 4680 3596 haberent,
4739 3525 4794 3580 ct

2858 3621 2977 3685 pro
3036 3601 3399 3684 interprete
3457 3602 3725 3683 spiritus
3784 3600 3991 3684 ipsius
4049 3611 4515 3685 agnoscerent,
4585 3613 4656 3669 et
4695 3623 4794 3687 po·

2858 3687 3011 3771 pulo
3080 3686 3204 3752 Dei
3261 3687 3570 3752 mandata
3627 3688 3921 3763 referret,
3994 3690 4139 3768 quis
4197 3688 4321 3752 iste
4370 3688 4581 3768 furor,
4649 3708 4794 3773 quae

2859 3774 3147 3838 amentia
3205 3773 3329 3837 fuit
3391 3783 3524 3837 tam
3583 3771 4048 3838 contumeliose
4106 3772 4232 3838 Dei
4290 3773 4607 3840 mandata
4660 3775 4796 3840 reii-

2859 3880 3023 3941 cere,
3086 3870 3152 3924 et
3210 3857 3504 3925 Samueli
3565 3878 3975 3943 responsare:
4043 3858 4462 3941 Nequaquam
4503 3862 4606 3926 ita
4647 3860 4796 3926 erit?

2859 3947 3072 4011 'Panto
3130 3946 3349 4027 itaque
3411 3944 3789 4027 diligentius
3844 3943 4228 4022 cavendum,
4287 3955 4362 4010 ut
4419 3943 4584 4025 dixi,
4646 3968 4728 4014 ne
4764 3969 4792 4010 a

2861 4031 3101 4098 nostris
3147 4030 3485 4096 affectibus
3532 4030 3954 4114 abripiamur,
4001 4051 4085 4094 ne
4131 4030 4394 4096 tandem
4438 4051 4478 4096 a
4513 4032 4794 4098 Domino

2859 4122 2928 4183 in
3011 4118 3359 4199 reprobum
3427 4137 3694 4182 sensum
3760 4117 4217 4182 coniiciamur:
4299 4127 4367 4182 et
4431 4131 4678 4202 sponte
4737 4119 4793 4183 in

818 5068 1132 5144 laxemus,
1212 5065 1398 5148 quasi
1466 5066 1657 5129 firmo
1724 5063 2153 5129 fundamento
2221 5065 2609 5146 niterentur,
2695 5077 2764 5131 et
2811 5071 2816 5124 ί
2867 5071 3036 5143 rant,
3074 5062 3448 5147 petulanter
3486 5063 3756 5128 reiicere
3792 5070 3860 5128 et
3892 5062 4286 5147 repudiare?
4333 5065 4510 5130 Hinc
4543 5079 4804 5151 apparet
4925 5089 4927 5092 ·

813 5154 986 5217 bona
1043 5160 1278 5218 essent.
1368 5152 1539 5218 Nam
1596 5151 1732 5215 fere
1800 5151 1875 5216 fit
1932 5159 2008 5214 ut
2051 5171 2253 5233 quum
2295 5171 2373 5216 eo
2416 5152 2762 5236 impuden-
2812 5131 2817 5204 1
2869 5150 3168 5215 homines
3225 5147 3338 5213 ubi
3382 5148 3592 5214 semel'
3630 5169 3668 5212 a
3712 5161 3890 5215 recta
3938 5151 4045 5214 via
4088 5150 4493 5230 recesserint,
4551 5151 4800 5218 nullum

812 5240 943 5304 tiae
987 5237 1369 5304 devenimus
1419 5247 1490 5304 ut
1533 5237 1590 5303 si
1637 5258 1799 5321 quae
1845 5234 2031 5304 nobis
2076 5237 2246 5303 ratio
2292 5246 2357 5304 et
2394 5237 2594 5303 libido
2633 5239 2762 5305 dic·
2810 5209 2818 5290 Ι
2869 5236 3180 5321 peccandi
3246 5237 3444 5300 finem
3511 5236 3738 5314 facere,
3822 5249 3888 5300 et
3953 5238 4022 5300 in
4091 5237 4276 5319 peius
4321 5257 4577 5322 semper
4623 5237 4801 5303 ferri:
