5059 6059
313 334 426 401 469

308 535 482 589 tanae
533 519 982 595 instrumenta,
1049 517 1161 601 qui
1219 516 1357 584 suis
1413 516 1799 600 imposturis
1856 525 1922 581 et
1963 515 2216 581 illusio·

308 609 481 675 nibus
548 606 820 670 miseros
880 604 1179 669 homines
1238 614 1305 669 et
1363 603 1732 669 incredulos
1790 602 2098 668 fallerent
2153 610 2220 667 et

308 690 782 759 dementarent?
822 689 1006 755 Deus
1040 692 1265 772 itaque
1298 709 1418 755 suo
1455 689 1581 754 fuit
1612 689 1858 755 honore
1884 688 2216 772 spoliatus.

309 778 727 862 Quamobrem
771 776 894 840 hoc
937 775 1287 860 diligenter
1320 785 1423 841 est
1455 774 1954 853 observandum,
1990 785 2070 840 ut
2102 775 2222 841 sci-

307 886 478 930 amus
521 884 651 928 non
696 862 994 928 sufficere
1038 882 1160 927 nec
1199 882 1342 927 esse
1368 881 1592 926 verum
1619 861 2012 944 principium
2048 860 2219 925 velle

307 950 504 1015 Deum
567 969 898 1034 quaerere,
979 947 1526 1030 quemadmodum
1591 947 1836 1012 ethnici
1900 945 2218 1024 fecerunt,

305 1057 565 1121 quorum
638 1034 918 1117 vestigia
973 1035 1267 1116 papistae
1323 1034 1580 1116 sequuti
1637 1040 1810 1111 sunt,
1881 1053 2082 1115 quum
2140 1032 2221 1097 de

304 1121 762 1187 intentionibus
807 1119 994 1185 bonis
1036 1121 1514 1184 meminerunt:
1560 1118 1675 1184 sed
1719 1120 1812 1183 ita
1846 1138 1988 1184 esse
2024 1138 2219 1201 quae-

303 1208 561 1274 rendum
605 1215 683 1272 ut
716 1216 957 1272 rectam
997 1207 1171 1271 viam
1210 1207 1602 1272 insistamus.
1670 1203 1890 1286 Quum
1929 1206 2221 1288 papistae

303 1295 375 1359 de
432 1293 615 1359 bonis
680 1292 818 1357 suis
881 1292 1012 1357 illis
1069 1291 1541 1356 intentionibus
1594 1290 2057 1371 meminerunt,
2120 1290 2220 1356 vi·

302 1382 524 1445 dentur
590 1378 715 1444 sibi
782 1377 924 1442 Deo
992 1377 1265 1461 pulchre
1329 1377 1739 1457 satisfecisse,
1816 1387 2009 1459 atque
2072 1376 2221 1441 ideo

302 1465 706 1550 pertinaciter
762 1464 943 1529 illam
987 1463 1522 1548 superstitionem
1568 1462 1649 1528 de
1694 1462 1879 1528 bonis
1919 1464 2223 1527 intentio·

302 1552 495 1629 nibus,
539 1552 598 1616 si
631 1549 787 1633 quid
832 1550 953 1616 sibi
998 1550 1238 1615 bonum
1285 1550 1503 1614 visum
1542 1548 1644 1627 sit,
1691 1550 1992 1613 retinent.
2080 1549 2223 1613 Nae

299 1639 349 1704 si
389 1638 541 1704 haec
592 1637 759 1701 ratio
802 1646 973 1701 esset
1019 1634 1233 1700 Deum
1268 1634 1539 1714 colendi,
1585 1635 1858 1700 miseros
1893 1633 2042 1700 illos
2075 1635 2222 1699 eth-

298 1724 464 1790 nicos
519 1730 860 1806 oporteret
913 1721 1172 1787 admitti
1211 1722 1282 1786 in
1325 1722 1629 1785 omnibus
1671 1719 1804 1786 illis
1849 1719 2113 1786 ludicris
2155 1727 2224 1786 et

296 1810 521 1894 ineptis
584 1829 658 1874 ac
718 1807 1093 1873 deridiculis
1149 1806 1452 1885 cultibus,
1518 1805 1752 1891 quibus
1811 1807 2024 1873 Deum
2072 1827 2221 1889 pro-

296 1896 511 1961 mereri
591 1893 1006 1960 studuerunt.
1097 1891 1320 1974 Quare
1388 1893 1514 1957 nisi
1585 1891 1804 1957 Deum
1866 1914 1943 1958 ea
2002 1903 2222 1958 mente

294 2001 691 2065 quaeramus,
751 1989 826 2045 ut
882 1980 964 2044 ab
1020 2000 1098 2043 eo
1156 1998 1479 2062 regamur,
1537 1988 1604 2043 et
1647 1999 1767 2044 nos
1809 1979 1907 2043 illi
1954 1978 2221 2061 permit-

294 2079 510 2146 tamus,
554 2085 843 2149 eumque
885 2085 1245 2149 precemur,
1291 2075 1366 2129 ut
1400 2064 1707 2149 spiritum
1743 2065 2221 2148 intelligentiae

294 2162 356 2220 et
406 2152 794 2235 prudentiae
851 2152 1034 2216 nobis
1091 2151 1428 2233 largiatur,
1484 2172 1611 2233 quo
1668 2150 1828 2216 duce
1873 2151 2075 2216 vitam
2119 2151 2221 2214 in-

294 2239 652 2315 stituamus,
720 2257 840 2302 nos
906 2236 1171 2302 tandem
1239 2236 1320 2302 ab
1386 2236 1667 2303 ethnicis
1731 2236 2087 2301 iudicatum
2153 2242 2222 2301 et

291 2325 785 2391 condemnatum
819 2322 902 2387 iri
937 2335 1192 2388 certum
1230 2333 1347 2401 est,
1391 2323 1503 2405 qui
1543 2323 1693 2387 licet
1726 2345 1808 2387 ex
1843 2343 1964 2388 suo
2000 2342 2219 2401 sensu,

290 2422 489 2476 tamen
548 2409 641 2476 ad
709 2410 920 2474 Deum
980 2409 1242 2473 tandem
1288 2409 1355 2473 in
1402 2410 1720 2492 angustiis
1763 2409 1953 2491 positi
1998 2408 2221 2473 confu-

292 2503 533 2580 gerunt.
628 2495 766 2561 Nos
823 2515 976 2561 vero
1035 2513 1117 2559 ne
1161 2495 1308 2559 illos
1351 2494 1476 2559 hac
1519 2496 1585 2557 in
1635 2505 1821 2577 parte
1868 2495 2219 2573 imitemur,

290 2604 442 2650 neve
499 2581 757 2647 tamdiu
814 2591 1274 2664 exspectemus
1335 2580 1492 2644 dum
1540 2580 1664 2644 Dei
1723 2588 2218 2663 contemptores,

291 2681 347 2732 et
384 2668 490 2751 qui
538 2686 883 2750 nunquam
926 2688 1076 2732 eum
1121 2676 1593 2750 cognoverunt,
1637 2664 1719 2730 ad
1765 2666 1972 2748 ipsius
2015 2664 2221 2730 eccle-

289 2755 435 2819 siam
501 2753 953 2836 dissipandam
1010 2753 1377 2834 insurgant,
1445 2759 1515 2815 et
1571 2753 1923 2817 necessitas
1964 2761 2217 2834 urgeat.

288 2840 483 2906 Deum
525 2841 737 2922 igitur
779 2839 959 2902 omni
1004 2849 1291 2921 tempore
1335 2858 1741 2920 quaeramus,
1799 2858 1874 2903 ac
1917 2836 2069 2902 licet
2113 2858 2208 2902 re-

289 2923 394 2993 bus
450 2924 764 2992 secundis
823 2930 1108 2999 utamur,
1166 2944 1241 2989 ac
1300 2922 1571 3006 proinde
1630 2944 1759 2988 non
1814 2943 2207 3007 magnopere

286 3034 392 3078 nos
461 3013 608 3077 eius
680 3010 922 3076 auxilio
986 3009 1281 3093 indigere
1343 3011 1759 3093 arbitremur,
1842 3031 1923 3074 ne
1988 3020 2209 3074 tamen

285 3107 615 3181 propterea
672 3097 1042 3161 desinamus
1100 3097 1180 3160 ad
1217 3116 1364 3160 eum
1412 3116 1671 3178 semper
1713 3096 2081 3178 confugere,
2136 3115 2212 3161 ac

286 3184 572 3266 precibus
634 3181 988 3248 sollicitare
1042 3203 1128 3246 ne
1172 3202 1288 3246 nos
1332 3183 1508 3245 sinat
1550 3185 1616 3244 in
1662 3181 1833 3246 hano
1875 3182 1979 3248 vel
2027 3180 2209 3244 illam

286 3283 522 3352 partem
579 3268 927 3347 inclinare,
998 3289 1084 3332 ne
1145 3266 1410 3332 tandem
1466 3267 1655 3332 illum
1700 3269 1901 3331 etiam
1944 3266 2223 3332 iudicem

287 3358 715 3439 experiamur.
803 3353 1111 3435 Denique
1176 3354 1312 3417 Deo
1370 3353 1549 3420 hunc
1610 3352 1927 3417 bonorem
1987 3353 2225 3417 habea·

287 3462 438 3519 mus,
512 3454 592 3507 ut
669 3440 956 3522 ingenue
1015 3441 1335 3503 fateamur
1389 3460 1508 3504 nos
1566 3439 1778 3503 instar
1838 3439 2222 3503 miserarum

285 3529 493 3593 ovium
558 3528 875 3592 erraticos
940 3533 1008 3588 et
1075 3545 1273 3608 vagos
1338 3524 1478 3589 fore
1540 3525 1679 3590 sine
1746 3539 2028 3606 pastore,
2097 3524 2221 3588 nisi

286 3625 497 3678 sancto
566 3612 814 3695 spiritu
885 3611 1093 3694 ipsius
1162 3620 1228 3675 et
1280 3611 1486 3677 verbo
1544 3629 1872 3694 regamur.
1966 3608 2222 3675 Deinde

285 3698 354 3762 ad
397 3699 613 3782 ipsum
666 3718 794 3761 non
832 3697 1043 3775 inviti,
1091 3718 1219 3761 non
1256 3697 1343 3774 vi,
1390 3716 1525 3760 non
1562 3697 1947 3760 necessitate
1985 3696 2221 3772 adacti,

286 3783 386 3847 sed
437 3796 679 3868 sponte
722 3780 1128 3848 accedamus.
1216 3780 1316 3847 Ac
1357 3792 1685 3864 postremo
1728 3781 2091 3846 cavendum
2140 3803 2222 3846 nc

286 3869 655 3952 ignorantes
692 3878 756 3933 et
792 3867 1167 3934 incredulos
1201 3868 1555 3944 imitemur,
1594 3868 1705 3950 qui
1730 3867 1946 3931 Deum
1975 3879 2219 3931 temere

284 3958 759 4036 quaesiverunt,
818 3975 1020 4036 quum
1063 3956 1520 4030 incantatores,
1582 3974 1810 4036 magos
1853 3967 1918 4017 et
1964 3952 2218 4017 divinos

280 4040 340 4104 in
382 4043 731 4107 consilium
777 4041 1252 4106 adhibuerunt:
1308 4062 1383 4105 ac
1427 4039 1743 4104 memoria
1786 4039 2215 4121 repetendum

278 4129 434 4207 quod
480 4150 599 4212 per
652 4128 879 4191 Mosen
933 4127 1255 4191 Dominus
1299 4126 1454 4189 olim
1501 4126 1806 4207 loquutus
1848 4136 1983 4189 est:
2046 4124 2218 4189 Nam

275 4219 468 4294 ρωπίας
511 4216 694 4289 istae,
741 4232 1013 4294 quarum
1056 4217 1125 4277 tu
1166 4212 1383 4277 haeres
1419 4211 1684 4292 futurus
1717 4232 1800 4291 es,
1837 4211 2219 4293 planetariis

278 4303 327 4361 et
392 4300 638 4364 divinis
703 4300 1092 4364 auscultant.-
1169 4299 1247 4363 de
1309 4302 1365 4363 te
1429 4304 1636 4362 autem
1700 4317 1827 4360 non
1888 4298 1984 4362 ita
2051 4301 2215 4376 sunt,

278 4404 420 4464 quos
460 4387 572 4449 dat
616 4384 733 4449 tibi
778 4384 1007 4449 Ieltova
1058 4383 1234 4449 Deus
1270 4389 1433 4448 taus.
1521 4381 1905 4465 Prophetam
1947 4403 1980 4446 e
2020 4382 2218 4448 medio

275 4471 363 4534 tui
394 4492 428 4534 e
458 4470 783 4553 fratribus
814 4472 945 4535 tuis
977 4471 1138 4536 sicut
1171 4490 1279 4553 eqo
1314 4490 1453 4536 sum
1482 4469 1803 4535 suscitabit
1835 4469 1951 4533 tibi
1988 4469 2217 4533 Iehova

274 4553 445 4621 Deus
520 4563 704 4621 tuus:
791 4557 851 4621 ei
928 4557 1282 4622 auscultate.
1372 4557 1501 4623 Oui
1581 4556 1942 4620 sententiae
2009 4555 2215 4619 Isaiae

274 4642 461 4707 etiam
527 4642 988 4724 adstipulatur,
1036 4663 1236 4724 quum
1293 4643 1425 4708 ait:
1500 4641 1705 4724 Quum
1766 4642 1931 4704 enim
1972 4641 2219 4704 edicunt

272 4726 449 4798 vobis,
509 4729 815 4794 consulite
858 4728 1155 4810 pythones
1210 4734 1320 4794 aut
1376 4728 1631 4808 ariolos,
1700 4728 1812 4808 qui
1847 4728 2105 4808 pipiavit
2160 4732 2216 4790 et

272 4814 376 4892 qui
430 4816 807 4879 mussitantz
867 4835 1070 4879 nonne
1116 4817 1395 4895 populus
1456 4814 1665 4879 Deum
1719 4833 1907 4877 suum
1961 4813 2210 4877 consul·

271 4902 453 4964 uerus
487 4900 632 4965 est?
690 4900 891 4982 Quasi
939 4901 1132 4978 dicat,
1179 4922 1397 4965 nonne
1442 4900 1747 4964 standum
1794 4912 1893 4963 est
1936 4897 2062 4962 Dei
2111 4920 2212 4962 re·

274 4983 601 5065 velationi,
670 4999 737 5049 et
796 5008 955 5052 suae
1012 4986 1373 5051 voluntatis
1433 4985 1952 5068 interpretationi
2014 5005 2209 5067 quam

272 5067 342 5131 in
388 5070 525 5154 lege
574 5072 899 5155 patefecit,
961 5083 1155 5154 atque
1201 5074 1669 5156 prophetarum
1714 5092 1983 5135 suorum
2032 5071 2211 5135 testi-

271 5154 501 5221 moniis
568 5157 1180 5243 irrefragabilibue?
1249 5159 1387 5225 Nos
1450 5159 1653 5243 igitur
1718 5168 1792 5221 ut
1858 5156 2041 5221 decet
2086 5158 2215 5221 ista

272 5258 686 5326 usurpemus,
772 5266 848 5311 ac
913 5264 999 5310 ne
1064 5265 1181 5328 per
1246 5244 1462 5311 varios
1526 5245 1837 5311 circuitus
1902 5262 2213 5323 erremus,

1620 327 1719 396 IN
1763 327 1818 394 1.
1863 325 2048 394 LIB.
2092 326 2500 395 SAMUEL.
2561 327 2759 395 OAP.
2804 328 2926 393 VI.

4138 335 4269 402 470

2320 515 2494 601 quod
2553 517 2808 583 faciunt
2864 517 2976 601 qui
3030 539 3100 582 se
3157 517 3225 582 in
3274 517 3499 585 schola
3541 517 3832 586 Satanae
3871 521 4018 604 plus
4063 533 4266 606 quam

2321 604 2390 667 in
2446 603 2594 687 lege
2636 614 2703 668 et
2746 604 3085 687 prophetis
3130 605 3476 686 profecisse
3519 607 3918 671 existimant.
4008 605 4139 674 Sed
4185 611 4265 675 iis

2320 689 2613 755 contenti
2649 709 2816 772 quae
2852 689 3038 755 Deus
3073 690 3143 754 in
3182 691 3383 756 verbo
3417 712 3540 758 suo
3576 692 3947 773 declaravit,
3983 693 4266 762 libenter

2319 775 2403 839 iis
2461 776 2979 859 acquiescamus:
3053 783 3119 840 et
3177 778 3482 858 quoniam
3543 796 3770 843 eorum
3827 779 4267 864 intelligentia

2322 860 2404 926 ab
2450 862 2593 944 ipso
2635 861 2776 927 solo
2817 861 3271 945 proficiscitur,
3317 884 3662 946 precemur
3696 884 3844 928 eum
3883 865 4264 933 ardentibus

2323 947 2496 1013 votis
2538 955 2618 1011 ιιι
2661 959 2886 1012 sancto
2929 947 3163 1029 spiritu
3205 948 3369 1014 duce
3412 971 3488 1016 ac
3534 949 3793 1016 doctore
3829 950 3992 1034 legis
4027 973 4267 1019 arcana

2323 1034 2777 1117 percipiamus.
2863 1036 3082 1115 Atque
3131 1032 3295 1100 haec
3338 1045 3492 1099 sunt
3534 1035 3605 1099 in
3651 1035 3849 1100 huius
3895 1038 4015 1102 loci
4060 1039 4265 1104 inter-

2322 1122 2694 1202 pretatione
2737 1127 2966 1183 notatu
3010 1118 3238 1203 digna:
3287 1141 3442 1185 nam
3487 1142 3656 1205 quae
3692 1120 3829 1185 dixi
3867 1124 4026 1187 satis
4062 1125 4265 1206 ipsius

2323 1214 2671 1273 contextus
2713 1203 2933 1270 verbis
2976 1206 3462 1272 confirmantur.
3523 1206 3830 1271 Notanda
3873 1208 4049 1273 enim
4095 1222 4264 1276 tem-

2323 1291 2501 1376 poris
2557 1291 3071 1370 circumstantia,
3130 1291 3391 1373 quando
3436 1292 3743 1358 dicantur
3784 1295 4005 1359 vocati
4048 1316 4263 1361 sacer·

2325 1378 2508 1443 dotes
2563 1388 2629 1442 et
2682 1377 2891 1441 divini
2949 1397 2989 1441 a
3032 1377 3431 1455 Philistaeis,
3489 1400 3620 1443 non
3665 1380 3884 1444 statim
3932 1401 4083 1445 arca
4124 1381 4263 1446 foe-

2326 1464 2501 1529 deris
2553 1471 2776 1546 oapta:
2843 1483 2998 1527 nam
3052 1472 3212 1529 tunc
3270 1464 3349 1527 de
3392 1463 3504 1529 illa
3547 1464 3913 1546 triumphos
3958 1468 4260 1549 agebant,

2323 1548 2681 1616 insolenter
2736 1567 2812 1613 ao
2870 1548 3243 1631 petulanter
3299 1548 3559 1615 divinae
3617 1551 3939 1617 maiestati
3983 1552 4261 1617 insulta·

2327 1635 2503 1713 bant,
2583 1634 2979 1718 blasphemis
3038 1635 3302 1701 vocibus
3356 1657 3501 1701 eam
3556 1635 3919 1712 laedebant,
3979 1636 4263 1722 denique

2325 1720 2667 1788 victoriam
2736 1721 2817 1786 de
2883 1720 3027 1785 Deo
3093 1732 3460 1803 reportasse
3526 1721 3650 1787 sibi
3711 1722 4118 1804 videbantur,
4185 1745 4261 1790 ac

2326 1829 2456 1872 non
2502 1806 2962 1881 sacerdotibus,
3015 1826 3145 1871 non
3191 1807 3451 1885 divinis,
3495 1829 3626 1872 non
3670 1809 3940 1873 consilio
3983 1830 4054 1875 se
4098 1830 4261 1891 opus

2325 1892 2567 1958 habere
2624 1893 3112 1958 existimabant.
3202 1893 3383 1958 Nihil
3428 1893 3551 1959 sibi
3597 1896 3879 1978 amplius
3920 1915 4070 1960 cum
4116 1895 4262 1962 Deo

2326 1978 2573 2062 negotii
2617 2000 2758 2044 esse
2802 1977 3284 2061 praedicabant.
3375 1980 3468 2044 At
3509 2001 3710 2063 quum
3748 1981 3974 2059 poenis
4009 1982 4261 2065 gravis-

2323 2065 2510 2130 simis
2554 2074 2620 2129 et
2664 2064 2987 2129 diuturnis
3029 2065 3433 2148 affliguntur,
3478 2087 3688 2148 neque
3732 2067 3907 2130 enim
3955 2067 4037 2132 ad
4082 2089 4263 2132 men-

2323 2171 2460 2216 sem
2505 2171 2711 2215 unum
2750 2160 2868 2215 aut
2903 2151 3179 2214 alterum
3217 2151 3386 2217 caesi
3422 2163 3598 2230 sunt,
3642 2151 3755 2216 sed
3792 2166 4039 2235 septem
4076 2174 4260 2217 men-

2324 2237 2507 2302 sibus
2574 2240 2728 2300 totis
2785 2236 3016 2320 plagae
3075 2250 3305 2301 auctae
3362 2249 3537 2310 sunt,
3612 2251 3753 2301 tum
3799 2238 3891 2302 de
3950 2239 4262 2305 vocandis

2325 2321 2770 2388 sacerdotibus
2828 2332 2896 2386 et
2939 2321 3251 2403 capiendo
3294 2323 3565 2388 consilio
3609 2324 3916 2405 cogitant.
4006 2324 4091 2389 In
4134 2345 4261 2408 quo

2326 2429 2445 2474 nos
2503 2409 2878 2491 exemplum
2936 2428 3161 2472 eorum
3222 2409 3491 2474 minime
3536 2411 3719 2492 sequi
3765 2409 4091 2490 debemus,
4148 2409 4263 2475 sed

2326 2495 2549 2579 potius
2622 2494 2759 2558 Deo
2830 2494 3110 2558 minanti
3178 2516 3418 2576 poenas
3473 2515 3813 2562 occurrere
3865 2496 4264 2578 supplicibus

2328 2583 2517 2660 votis,
2563 2581 2843 2645 scientes
2889 2589 3145 2661 tempus
3189 2580 3346 2644 illud
3393 2595 3832 2664 opportunum
3871 2602 4013 2647 esse
4049 2582 4266 2647 Deum

2327 2666 2694 2732 accedendi.
2755 2666 3006 2731 Deinde
3054 2685 3252 2747 quum
3300 2667 3407 2732 hic
3442 2669 3694 2733 divinos
3729 2679 3796 2731 et
3828 2668 4266 2733 incantatores

2326 2753 2631 2818 audimus
2714 2751 3061 2832 nominari,
3149 2772 3429 2817 crassam
3529 2752 4010 2817 incredulorum
4078 2753 4266 2837 igno·

2329 2839 2611 2904 rantiam
2662 2836 2979 2914 videmus,
3047 2837 3159 2920 qui
3216 2837 3370 2902 dum
3434 2838 3515 2904 ad
3575 2839 3794 2903 Deum
3848 2838 4153 2904 accedere
4196 2857 4267 2905 se

2329 2933 2583 3007 putant,
2626 2923 2695 2987 in
2740 2923 3188 3010 labyrinthum
3237 2944 3380 2988 sese
3414 2925 3790 2999 coniiciunt,
3833 2924 4008 2988 unde
4046 2924 4266 2990 nullus

2329 3009 2528 3074 datur
2567 3008 2808 3074 exitus.
2898 3010 3004 3074 Ex
3040 3030 3167 3093 quo
3204 3022 3473 3092 apparet
3510 3021 3756 3091 quanta
3790 3008 4265 3090 benevolentia,

2329 3107 2573 3179 quanto
2638 3096 2867 3160 favore
2922 3102 2990 3160 et
3046 3095 3259 3179 gratia
3316 3117 3437 3160 nos
3497 3096 3678 3160 Deus
3736 3095 4115 3177 complexus
4159 3096 4266 3174 sit,

2330 3202 2526 3267 quam
2574 3182 2901 3246 excellens
2939 3182 3347 3263 privilegium
3387 3182 3710 3265 irrogarit,
3748 3201 3950 3264 quum
3992 3182 4266 3246 verbum

2329 3289 2523 3333 suum
2600 3287 2717 3349 per
2788 3266 2996 3331 filium
3067 3269 3473 3350 unigenitum
3551 3268 3905 3331 Dominum
3963 3276 4265 3331 nostrum

2329 3352 2658 3437 patefecit,
2703 3351 3016 3434 nobisque
3062 3352 3205 3417 vult
3239 3352 3402 3418 illud
3442 3353 3820 3437 praedicari.
3909 3353 4078 3416 Nam
4118 3373 4265 3418 ver·

2328 3440 2481 3503 bum
2565 3439 2949 3521 praelucens
3033 3452 3399 3521 sequentes,
3482 3459 3813 3521 nunquam
3883 3437 4265 3516 errabimus,

2327 3547 2448 3590 nec
2491 3524 2560 3589 in
2607 3525 2756 3588 avia
2799 3523 3213 3599 deducemur,
3260 3524 3370 3588 sed
3419 3538 3663 3589 rectam
3713 3526 3881 3588 viam
3923 3544 4264 3606 praemon-

2325 3620 2597 3675 stratam
2659 3630 3024 3692 sequemur,
3092 3623 3163 3674 ut
3207 3610 3426 3674 Moses
3471 3611 3799 3692 proposita
3842 3610 4078 3691 populo
4124 3610 4266 3693 lege

2324 3698 2449 3760 ait:
2510 3695 2947 3778 Propinquum
3000 3702 3092 3760 est
3146 3696 3260 3761 tibi
3302 3696 3555 3759 verbum
3608 3696 3716 3759 hoc
3767 3696 3969 3775 valde,
4029 3697 4101 3760 in
4156 3715 4262 3762 ore

2323 3787 2447 3865 tua,
2493 3787 2552 3846 et
2595 3783 2667 3846 in
2707 3783 2920 3846 animo
2962 3786 3084 3865 tac,
3131 3783 3217 3847 ad
3256 3782 3616 3863 faciendum
3661 3781 3839 3847 illud.

2502 3869 2824 3950 Deinceps
2893 3868 3303 3950 respondisse
3369 3868 3737 3932 sacerdotes
3804 3876 3870 3931 et
3915 3867 4122 3932 divini
4168 3866 4267 3931 di·

2321 3963 2583 4031 cuntur,
2653 3973 2779 4018 non
2841 3974 2974 4019 esse
3036 3954 3469 4018 dimittendam
3531 3973 3748 4018 arcam
3813 3953 3939 4018 Dei
3998 3953 4268 4019 Israelis

2320 4060 2602 4115 vacuam,
2674 4041 2784 4104 sed
2838 4040 3083 4105 omnino
3135 4040 3516 4105 reddendum
3568 4042 3628 4103 ei
3683 4044 3941 4103 reatum.
4031 4040 4266 4120 Itaque

2322 4125 2403 4189 de
2469 4125 2861 4190 remittenda
2918 4145 3069 4188 arca
3111 4126 3240 4189 iam
3302 4147 3495 4207 agere
3538 4126 3858 4207 incipiunt
3904 4123 4263 4202 Philistaei,

2322 4211 2439 4293 qui
2482 4210 2802 4275 hactenus
2848 4232 2964 4293 pro
3013 4211 3259 4275 viribus
3303 4212 3702 4275 restiterant.
3794 4209 3924 4277 Sed
3973 4212 4100 4273 iam
4149 4230 4263 4291 pa-

2321 4299 2464 4362 tefit
2519 4297 2813 4379 ipsorum
2872 4300 3299 4372 contumacia,
3359 4297 3526 4379 quod
3589 4318 3707 4380 per
3748 4298 4031 4378 spatium
4080 4314 4268 4358 men-

2320 4383 2489 4447 sium
2557 4397 2806 4466 septem
2874 4384 3086 4467 plagis
3150 4383 3395 4457 afflicti,
3464 4405 3636 4448 nova
3700 4382 3970 4447 consilia
4026 4380 4262 4461 quibus

2320 4489 2540 4534 arcam
2604 4469 2786 4532 illam
2851 4469 3020 4551 apud
3088 4490 3158 4533 se
3225 4471 3607 4552 retinerent,
3674 4466 4137 4550 quaesiverint,
4195 4473 4264 4530 et

2320 4554 2584 4618 tandem
2645 4554 2873 4618 durius
2929 4556 3170 4629 afflicti,
3228 4555 3667 4619 dimissionem
3728 4554 3902 4616 illius
3961 4558 4260 4633 urgeant.

2319 4639 2489 4704 Nam
2568 4642 2690 4704 etsi
2760 4641 2880 4704 Dei
2949 4663 3217 4704 manum
3286 4651 3633 4705 senserunt
3697 4651 3763 4702 et
3827 4646 4262 4720 agnoverunt,

2320 4746 2655 4809 nunquam
2732 4735 2950 4791 tamen
3026 4748 3176 4791 eum
3232 4729 3323 4792 sic
3382 4735 3793 4802 agnoverunt
3851 4735 3922 4787 ut
3978 4722 4261 4807 gloriam

2316 4813 2438 4894 ipsi
2508 4812 2871 4877 redderent.
2965 4813 3264 4877 Extorsit
3319 4813 3580 4894 quidem
3640 4811 3720 4873 ab
3777 4810 3932 4889 ipsis
3994 4809 4095 4873 vel
4156 4809 4259 4873 in·

2319 4899 2472 4963 vitis
2537 4898 2717 4962 Deus
2763 4898 2933 4964 banc
2977 4900 3477 4973 concessionem,
3536 4918 3606 4960 se
3651 4896 3979 4978 fortiorem
4030 4905 4257 4977 poten-

2316 4985 2683 5065 tioremque
2725 4985 2897 5050 idolo
2940 5005 3060 5048 suo
3103 4984 3396 5067 Dagone,
3443 4983 3554 5046 sed
3605 4993 4146 5060 momentaneam,
4190 4989 4260 5046 et

2315 5092 2481 5153 quae
2527 5070 2689 5133 nihil
2738 5073 2913 5153 ipsos
2956 5071 3145 5135 iuvit.
3236 5069 3463 5149 Neque
3508 5069 3681 5132 enim
3729 5068 4005 5133 amicam
4052 5077 4121 5131 et
4161 5068 4258 5132 fa-

2313 5156 2671 5223 vorabilem
2775 5158 3205 5239 praesentiam
3275 5153 3404 5216 Dei
3474 5154 3873 5217 habuerunt:
3979 5174 4259 5236 namque

2314 5255 2570 5326 patrem
2615 5263 2967 5327 agnoscere
3011 5253 3269 5324 oportet
3310 5239 3528 5304 Deum
3569 5260 3679 5304 eos
3716 5242 3826 5321 qui
3867 5240 3934 5303 in
3973 5240 4256 5305 filiorum

3747 5340 3850 5395 m*
