5059 6059
856 309 942 378 55
2498 309 2909 379 HOMILIA
2948 309 3209 378 XLIX.
4687 315 4745 381 56

860 501 1105 588 quibus
1163 501 1626 569 sacrificiorum
1682 501 1924 568 veritas
1980 510 2048 567 et
2105 500 2488 587 simplicitas
2547 499 2801 566 adulte-

863 599 1164 655 raretur:
1209 588 1486 673 singulis
1531 588 1612 654 ad
1659 608 1859 654 novos
1902 587 2070 654 ritus
2147 608 2265 654 uos
2298 587 2419 653 sibi
2457 587 2802 653 finxissent

871 672 1243 754 deflexuris,
1309 686 1377 740 et
1440 695 1524 741 ex
1589 672 1855 740 arbitrio
1920 694 2037 739 suo

869 758 1084 826 cultus
1147 758 1355 825 divini
1423 780 1628 827 novas
1697 760 1981 825 rationes
2045 758 2464 825 instituturis.
2556 757 2803 839 Quam·

870 844 1094 919 obrem
1159 846 1216 912 si
1278 843 1441 912 Saul
1506 865 1752 912 novum
1820 845 2025 910 altare
2091 844 2543 926 exstruxisset,
2619 841 2801 909 nulla

871 930 1289 997 excusatione
1334 930 1579 997 factum
1624 951 1934 997 excusare
1977 930 2314 1014 potuisset,
2357 929 2530 1014 quod
2574 938 2801 995 contra

869 1015 1266 1101 legislatoris
1331 1015 1574 1082 summi
1645 1017 2046 1083 voluntatem
2122 1015 2325 1081 altare
2384 1013 2801 1094 aedificasset,

867 1102 1313 1187 populumque
1347 1103 1417 1167 in
1454 1122 1741 1168 errorem
1776 1111 1844 1166 et
1867 1101 2391 1184 superstitionem
2416 1100 2797 1166 induxisset.

871 1188 1067 1254 Licet
1124 1188 1344 1271 itaque
1392 1188 1630 1253 bonum
1673 1189 1871 1253 finem
1915 1187 2106 1253 istius
2149 1186 2376 1252 altaris
2418 1183 2798 1252 aedificandi

873 1272 1040 1340 Saul
1096 1272 1223 1340 sibi
1266 1273 1724 1356 proposuisset,
1784 1293 2016 1356 nempe
2059 1273 2396 1338 solennem
2441 1274 2799 1356 gratiarum

762 1397 770 1403 ·
871 1359 1193 1425 actionem
1258 1378 1377 1441 pro
1441 1358 1675 1442 adepta
1740 1358 2024 1435 victoria,
2089 1379 2284 1442 quam
2347 1357 2473 1423 sibi
2530 1357 2799 1423 coelitus

873 1443 1212 1515 advenisse
1267 1446 1641 1526 profitetur:
1711 1456 1925 1509 tamen
1987 1442 2210 1509 debuit
2268 1452 2526 1508 tantum
2586 1443 2799 1508 obiter

874 1530 1157 1614 aggestis
1221 1528 1606 1613 quibusdam
1665 1527 1989 1613 lapidibus
2047 1539 2112 1594 et
2167 1529 2374 1612 glebis
2417 1529 2800 1607 sacrificare,

871 1627 948 1681 ut
1012 1615 1180 1681 facto
1238 1616 1554 1682 sacrificio
1608 1627 1913 1700 congesta
1968 1615 2240 1680 materia
2295 1612 2798 1699 dispergeretur,

873 1722 957 1767 ne
1024 1702 1091 1765 in
1158 1713 1492 1784 posterum
1553 1701 1687 1766 ulla
1743 1709 2156 1767 remanerent
2215 1699 2441 1767 altaris
2500 1700 2797 1784 vestigia.

871 1785 1107 1871 Itaque
1165 1788 1222 1853 si
1267 1787 1399 1853 tale
1441 1787 1646 1853 altare
1690 1786 2052 1852 construxit
2095 1785 2259 1852 Saul
2301 1784 2803 1869 reprehenditur

875 1873 999 1939 hoc
1057 1872 1197 1940 loco
1240 1874 1323 1939 ob
1366 1879 1815 1941 constructum
1858 1872 2087 1955 altare,
2151 1872 2332 1937 cuius
2375 1872 2585 1937 instar
2627 1869 2799 1936 aedi-

873 1958 1007 2023 ficii
1066 1968 1397 2025 structura
1450 1968 1893 2042 permaneret:
1961 1978 2128 2039 quae
2181 1958 2251 2022 in
2297 1957 2573 2023 abusum
2617 1955 2801 2021 dein—

872 2065 1025 2129 ceps
1081 2055 1147 2109 et
1198 2044 1691 2127 superstitiones
1752 2043 2087 2109 transferri
2188 2051 2415 2108 oterat.
2499 2043 2609 2108 Ex
2653 2041 2799 2124 qui·

871 2129 993 2196 bus
1037 2142 1308 2212 apparet
1350 2139 1746 2214 quantopere
1788 2149 2021 2195 cavere
2067 2064 2431 2207 debeamus,
2474 2148 2561 2193 ne
2601 2147 2796 2211 quam

870 2214 1148 2299 posteris
1211 2216 1609 2282 occasionem
1666 2215 2110 2298 relinquamus
2154 2234 2194 2279 a
2236 2223 2415 2279 recta
2457 2214 2569 2278 via
2613 2213 2797 2278 aber-

873 2300 1085 2381 randi,
1129 2308 1195 2367 et
1231 2322 1271 2365 a
1310 2301 1487 2367 verbi
1524 2301 1726 2366 divini
1762 2299 2179 2382 simplicitate
2215 2298 2577 2367 recedendi.
2622 2297 2799 2366 Sunt

873 2385 1050 2451 enim
1118 2385 1417 2452 homines
1458 2396 1695 2452 natura
1736 2385 2009 2451 nimium
2053 2383 2379 2468 proclives
2437 2384 2518 2450 ad
2580 2406 2798 2468 super-

870 2471 1238 2537 stitionem:
1298 2478 1365 2538 et
1408 2472 1690 2556 aliquam
1733 2470 2095 2536 libertatem
2137 2470 2434 2549 assecuti,
2491 2472 2561 2535 in
2606 2489 2800 2536 omne

872 2556 1200 2640 flagitium
1257 2566 1480 2623 ruunt.
1568 2556 2007 2638 Quamobrem
2067 2555 2420 2641 singularis
2460 2555 2569 2623 hic
2611 2555 2795 2621 adhi-

879 2640 1093 2706 benda
1149 2642 1499 2725 prudentia
1542 2655 1610 2708 et
1652 2642 1865 2709 cautio
1909 2650 2024 2720 est,
2086 2663 2166 2706 ne
2211 2642 2325 2724 qui
2367 2642 2532 2708 ritus
2576 2642 2647 2707 in
2694 2662 2797 2706 ec-

877 2725 1142 2794 clesiam
1187 2727 1601 2809 inducantur,
1658 2729 1889 2813 quibus
1935 2726 2062 2793 Dei
2105 2727 2323 2795 cultus
2365 2728 2573 2812 possit
2612 2726 2795 2793 adul-

876 2814 1096 2893 terari,
1155 2822 1222 2878 et
1278 2813 1573 2880 homines
1630 2834 1670 2879 a
1727 2833 1881 2880 vera
1939 2812 2250 2897 religione
2307 2813 2375 2878 in
2431 2834 2639 2880 vanas
2696 2835 2800 2880 su-

872 2898 1291 2982 perstitiones
1348 2898 1599 2978 abduci,
1665 2908 1737 2965 ut
1787 2899 1909 2964 sibi
1968 2919 2203 2964 novam
2261 2899 2638 2983 religionem
2686 2899 2798 2964 ho-

874 2984 1087 3051 mines
1139 2986 1414 3070 fingant,
1474 2996 1538 3050 et
1594 3006 1633 3051 a
1688 2984 2101 3068 simplicitate
2153 2983 2334 3050 verbi
2377 2986 2584 3052 divini
2627 3005 2799 3051 rece-

877 3068 1056 3136 dant.
1143 3071 1232 3136 Et
1276 3070 1357 3136 de
1398 3069 1587 3137 istius
1625 3070 1849 3136 altaris
1890 3070 2330 3136 exstructione
2374 3069 2710 3137 hactenus.

1048 3153 1363 3239 Sequitur
1417 3155 1717 3239 deinceps
1776 3155 2161 3221 deliberasse
2219 3153 2485 3222 Saulem
2530 3154 2611 3220 de
2654 3176 2797 3240 per-

876 3241 1223 3324 sequendis
1266 3241 1559 3307 hostibus
1600 3249 1815 3325 noctu.
1900 3240 2095 3307 Unde
2137 3252 2404 3324 apparet
2435 3242 2640 3326 ipsius
2673 3242 2800 3307 for·

876 3327 1108 3403 titudo,
1175 3336 1248 3393 ut
1313 3348 1446 3393 non
1512 3327 1626 3393 abs
1690 3348 1761 3393 re
1826 3348 1865 3391 a
1921 3326 2207 3392 Domino
2250 3340 2419 3393 esset
2461 3328 2532 3393 in
2578 3348 2800 3412 regem

880 3413 1145 3480 electus.
1233 3412 1402 3478 Nam
1482 3414 1604 3479 etsi
1681 3421 1889 3477 totum
1954 3412 2124 3477 diem
2189 3413 2588 3490 conflixerat,
2676 3412 2800 3478 sibi

882 3506 1101 3564 tamen
1140 3520 1267 3563 non
1300 3498 1527 3581 parcit,
1564 3519 1685 3564 nec
1714 3498 1905 3583 genio
1939 3496 2270 3582 indulget:
2307 3497 2422 3564 sed
2459 3499 2798 3565 victoriam

886 3584 1066 3667 cupit
1107 3584 1426 3666 persequi,
1470 3592 1547 3649 ut
1589 3592 1773 3650 tanta
1815 3593 2033 3668 strage
2077 3583 2463 3650 Philistaeos
2502 3584 2801 3652 conficiat

884 3690 967 3734 ne
1012 3668 1293 3752 amplius
1335 3669 1648 3736 adversus
1691 3669 2026 3736 Israelitas
2072 3669 2312 3735 bellum
2360 3668 2800 3755 redintegrare

886 3754 1153 3837 possint.
1239 3754 1604 3820 Laudanda
1645 3776 1801 3821 sane
1846 3756 1914 3819 in
1959 3774 2028 3819 se
2074 3755 2319 3821 virtus:
2379 3754 2490 3821 sed
2535 3756 2802 3821 interim

885 3839 1307 3922 conspicuum
1365 3839 1434 3904 in
1492 3841 1632 3923 ipso
1686 3841 1763 3905 fit
1819 3860 1986 3924 quae
2044 3842 2129 3906 sit
2184 3840 2522 3906 hominum
2569 3841 2799 3920 virtus,

882 3945 1089 4009 quum
1131 3944 1286 3990 suae
1329 3923 1685 3991 industriae
1723 3934 1837 3991 aut
1872 3925 2253 4009 prudentiae
2288 3936 2353 3991 et
2387 3926 2801 3993 facultatibus

881 4010 1127 4077 fidunt:
1172 4010 1690 4094 quandoquidem
1734 4013 1803 4076 in
1847 4013 1987 4096 ipso
2030 4010 2254 4077 limine
2297 4012 2517 4077 statim
2562 4012 2799 4095 impin-

880 4104 1080 4183 gunt:
1137 4093 1307 4177 quod
1365 4094 1530 4160 nihil
1587 4098 1837 4181 possint
1880 4116 2001 4163 nec
2044 4096 2320 4162 debeant
2363 4098 2631 4182 aggredi
2674 4099 2800 4165 nisi

880 4182 1067 4267 prius
1135 4181 1432 4247 invocato
1491 4181 1620 4248 Dei
1678 4184 1955 4248 nomine.
2040 4183 2207 4248 'l'um
2261 4183 2479 4267 itaque
2539 4182 2800 4249 demum

882 4266 1295 4336 consiliorum
1360 4274 1426 4332 et
1490 4269 1813 4333 rationum
1879 4276 2250 4334 nostrarum
2315 4268 2473 4334 felix
2539 4269 2801 4336 futurus

882 4365 982 4421 est
1017 4354 1232 4419 exitus
1269 4353 1327 4418 si
1359 4353 1540 4418 Deus
1578 4354 1717 4436 ipse
1754 4372 1871 4419 nos
1908 4363 2109 4438 regat,
2146 4364 2210 4418 et
2233 4354 2801 4422 deliberationibus

875 4441 1144 4525 praesit.
1230 4436 1423 4519 Quod
1469 4438 1725 4521 quidem
1774 4459 1962 4503 nemo
2004 4440 2372 4523 impetrarit
2406 4440 2531 4506 nisi
2571 4441 2800 4507 arden-

880 4527 1057 4591 tibus
1093 4525 1171 4589 ad
1212 4525 1427 4589 Deum
1467 4524 1632 4589 votis
1667 4525 2018 4609 confugiat,
2055 4536 2120 4591 et
2154 4526 2558 4592 voluntatem
2593 4527 2800 4610 ipsius

883 4611 1231 4694 diligenter
1317 4610 1696 4692 interroget.
1785 4609 2008 4691 Quare
2087 4610 2191 4677 hic
2261 4611 2515 4696 quidem
2587 4611 2802 4679 Saulis

882 4695 1199 4780 quaedam
1259 4703 1528 4778 apparet
1587 4696 1791 4761 virtus
1832 4706 1898 4761 et
1941 4697 2445 4780 magnanimitas
2482 4718 2601 4763 sua
2644 4719 2802 4765 sane

878 4780 1075 4848 laude
1119 4781 1349 4865 digna:
1394 4780 1507 4846 sed
1552 4784 1856 4865 quoniam
1901 4782 2197 4867 precibus
2233 4782 2445 4848 Deum
2483 4781 2803 4851 advocare

882 4867 1113 4934 ducem
1172 4888 1301 4931 non
1361 4866 1674 4945 meminit,
1732 4866 2048 4933 fortitudo
2092 4868 2203 4933 illa
2246 4889 2363 4952 per
2403 4890 2472 4934 se
2516 4868 2801 4953 alioquin

879 4950 1430 5030 commendabilis,
1488 4973 1618 5018 non
1664 4962 1874 5035 potest
1917 4954 2042 5020 nisi
2088 4954 2461 5039 vituperari,
2505 4964 2570 5019 et
2603 4965 2804 5021 teme-

881 5039 1045 5103 ritas
1099 5038 1316 5120 potius
1359 5057 1554 5120 quam
1600 5036 1940 5106 laudabilis
1984 5037 2253 5106 audacia
2297 5040 2453 5107 dici:
2513 5041 2802 5125 quando—

867 5152 874 5161 ·
931 5121 1143 5189 uidem
1191 5123 1269 5188 de
1314 5124 1441 5188 Dei
1484 5124 1691 5208 gloria
1733 5134 1798 5189 et
1840 5125 2085 5191 honore
2129 5127 2405 5192 multum
2453 5146 2529 5191 ea
2554 5127 2802 5194 ratione

883 5145 1270 5276 detrahitur.
1361 5208 1798 5290 Quamobrem
1858 5212 2024 5276 serio
2085 5210 2163 5276 de
2221 5211 2409 5278 nobis
2465 5211 2571 5279 hic
2629 5214 2799 5296 cogi-

2901 498 3176 566 tandum
3220 509 3339 583 est,
3381 521 3456 568 ac
3499 510 3697 585 prout
3738 500 4013 585 quisque
4054 499 4167 567 vel
4200 499 4482 585 ingenio,
4523 501 4614 565 vel
4644 521 4754 567 con-

2899 585 3045 651 silio
3098 594 3164 651 et
3216 584 3581 671 prudentia,
3640 587 3747 652 vel
3807 587 4073 663 viribus,
4136 586 4238 650 vel
4297 586 4563 651 audacia
4596 588 4757 654 excel·

2169 695 2245 739 eo
2310 673 2669 751 servituris,
2734 679 2803 737 et
2900 671 3118 751 luerit,
3163 672 3549 756 cavendum,
3593 692 3676 737 ne
3718 692 3891 738 vana
3924 682 3992 738 et
4024 671 4203 737 inani
4238 671 4448 756 gloria
4479 672 4756 740 efferatur:

2904 765 2974 823 et
3017 778 3098 822 ue
3141 756 3296 840 quid
3342 766 3586 824 temere
3632 757 3758 823 nisi
3815 757 4000 841 prius
4056 758 4355 824 invocato
4397 756 4518 822 Dei
4558 758 4761 826 nomine

2901 843 3244 926 suscipiat:
3309 863 3385 910 ac
3442 844 3595 909 licet
3640 843 3891 909 viribus
3934 843 4191 926 polleat,
4257 844 4433 908 intra
4475 842 4763 910 modestiae

2900 936 3124 994 tamen
3179 930 3494 994 terminos
3526 948 3620 994 se
3663 929 4012 1008 contineat,
4078 938 4149 994 ut
4190 949 4275 995 ne
4313 929 4515 995 latum
4557 929 4763 1012 quidem

2901 1013 3134 1098 pedem
3178 1014 3385 1093 abeat,
3433 1015 3794 1100 digitumve
3837 1024 4114 1095 moveat,
4179 1015 4305 1080 nisi
4347 1015 4529 1097 prius
4568 1015 4641 1080 de
4676 1016 4765 1081 Dei

2900 1099 3238 1167 voluntate
3294 1099 3534 1166 certior
3591 1101 3818 1177 factus,
3876 1100 4066 1167 cuius
4124 1100 4321 1166 unius
4382 1101 4661 1185 auspiciis
4695 1122 4766 1166 re-

2902 1195 3118 1271 gatur.
3204 1185 3504 1269 Denique
3556 1186 3858 1253 discunto
3899 1207 4124 1251 omnes
4166 1207 4309 1251 sese
4353 1186 4448 1252 ita
4489 1188 4769 1253 continere

2900 1271 2974 1335 in
3029 1271 3240 1338 officio
3284 1282 3361 1337 ut
3406 1271 3571 1337 nihil
3615 1272 3851 1357 ausint,
3908 1271 4073 1336 nihil
4116 1271 4592 1356 aggrediantur,
4640 1273 4769 1356 quod

2901 1377 3032 1422 non
3099 1358 3237 1440 ipse
3301 1357 3483 1441 prius
3548 1358 3830 1424 iusserit.
3918 1358 4241 1442 Exemplo
4305 1367 4444 1425 esto
4508 1356 4657 1425 Saul
4692 1359 4771 1426 hio

2901 1441 3267 1509 deliberans
3311 1441 3392 1508 de
3435 1464 3514 1527 pe
3665 1443 3895 1509 uendis
3931 1443 4242 1525 hostibus,
4284 1443 4522 1528 populo
4553 1466 4769 1510 consen·

2901 1528 3120 1606 tiente,
3203 1537 3268 1594 et
3339 1549 3410 1595 se
3486 1529 3567 1593 ad
3681 1538 3854 1595 ostes
3915 1529 4347 1612 insequendos
4389 1544 4771 1614 comparante.

2902 1611 3035 1682 Sed
3094 1634 3285 1697 quem
3345 1613 3641 1681 sacerdos
3693 1614 3984 1681 cohibuit
4040 1625 4106 1678 et
4148 1616 4513 1692 revocavit,
4568 1617 4773 1700 Deique

2904 1699 3307 1765 voluntatem
3362 1700 3767 1784 interrogare
3810 1708 3874 1765 et
3917 1701 4257 1783 explorare
4298 1701 4510 1769 iussit.
4594 1701 4775 1780 Porro,

2902 1795 2974 1851 ut
3031 1795 3181 1851 ante
3224 1784 3528 1864 diximus,
3587 1785 3865 1869 speciale
3907 1787 4031 1851 fuit
4073 1787 4204 1851 illis
4248 1787 4643 1870 temporibus
4677 1790 4775 1871 pri·

2902 1870 3211 1955 vilegium
3268 1871 3506 1954 populo
3548 1891 3949 1950 concessum,
4005 1880 4082 1937 ut
4123 1872 4319 1937 rebus
4364 1871 4578 1937 dubiis
4616 1884 4675 1937 et
4706 1874 4776 1936 in·

2902 1958 3097 2022 certis
3140 1957 3268 2021 Dei
3313 1955 3620 2023 voluntas
3662 1977 3778 2040 per
3820 1955 4029 2041 ephod
4070 1958 4547 2042 exploraretur,
4588 1970 4651 2024 et
4678 1958 4778 2023 Do-

2900 2042 3116 2108 minus
3160 2041 3313 2125 quid
3362 2041 3605 2107 factum
3648 2041 3846 2108 vellet
3878 2044 4415 2128 interrogaretur.
4507 2043 4778 2111 Sacerdos

2901 2128 3074 2193 enim
3134 2146 3381 2192 sacram
3444 2126 3621 2191 illam
3679 2129 3981 2203 tunicam,
4041 2150 4205 2212 quae
4249 2128 4465 2213 ephod
4511 2129 4676 2196 dicta
4709 2138 4783 2196 est

2899 2212 3289 2278 induebatur
3339 2210 3418 2277 ad
3477 2212 3694 2278 Deum
3755 2233 4155 2280 accessurus:
4212 2230 4277 2280 et
4333 2236 4405 2281 se
4466 2218 4547 2280 ad
4607 2237 4779 2281 arcam

2901 2299 3185 2372 sistebat,
3244 2297 3418 2363 unde
3465 2299 3646 2364 Deus
3689 2319 4070 2383 responsum
4115 2299 4330 2379 dabat,
4392 2310 4461 2366 et
4503 2300 4652 2385 quid
4688 2301 4782 2367 fac-

2901 2395 3042 2450 tum
3085 2383 3281 2448 vellet
3326 2383 3756 2468 significabat.
3844 2386 3949 2450 Ex
3994 2386 4126 2463 illo,
4186 2386 4483 2469 inquam,
4542 2408 4706 2453 more
4736 2398 4781 2451 et

2899 2471 3029 2535 ritu
3065 2468 3363 2536 sacerdos
3400 2468 3663 2536 Saulem
3701 2470 3782 2535 ab
3829 2471 4127 2536 instituto
4172 2484 4432 2538 revocat
4485 2473 4782 2557 Deumque

2900 2556 3302 2640 interrogare
3358 2554 3569 2620 iubet:
3635 2563 3712 2620 ut
3755 2556 3808 2621 si
3855 2557 4037 2622 Deus
4079 2558 4568 2641 persequendos
4610 2559 4784 2625 hostes

2901 2640 3259 2720 declararit,
3316 2641 3435 2706 toti
3492 2641 3560 2705 in
3606 2639 3791 2706 illum
3835 2641 4216 2708 recumbant
4234 2693 4250 2723 ‚
4311 2642 4658 2729 Deumque
4693 2643 4785 2709 sibi

2900 2726 3335 2811 persuadeant
3376 2747 3753 2810 prosperum
3798 2729 4047 2794 exitum
4082 2727 4406 2806 daturum,
4455 2731 4624 2813 quod
4658 2730 4784 2794 nihil

2900 2812 3028 2878 nisi
3093 2812 3294 2895 ipsius
3351 2810 3548 2877 ductu
3607 2813 4026 2896 susceperint,
4096 2815 4361 2898 eiusque
4424 2816 4782 2881 voluntatem

2901 2898 3376 2980 inquisiverint.
3469 2895 3641 2964 Sane
3715 2897 3923 2963 fateor
4000 2911 4293 2965 nostram
4379 2901 4581 2967 hodie
4641 2902 4785 2967 dissi·

2901 2985 3117 3048 milem
3166 3003 3305 3048 esse
3349 2982 3817 3049 conditionem:
3861 3005 4073 3068 neque
4117 2985 4293 3049 enim
4340 2987 4697 3071 peculiares
4728 2986 4784 3049 ds

2901 3067 3094 3135 rebus
3152 3067 3429 3152 singulis
3482 3068 3913 3135 revelationes
3971 3070 4157 3136 nobis
4215 3070 4403 3138 Deus
4450 3071 4599 3138 dat:
4658 3071 4785 3157 quod

2901 3163 3121 3219 tamen
3182 3154 3529 3220 molestum
3587 3153 3775 3219 nobis
3819 3175 3960 3221 esse
4003 3177 4134 3221 non
4181 3156 4448 3224 debeat:
4512 3159 4784 3242 siquidem

2903 3240 3009 3306 vel
3054 3239 3315 3304 unicum
3359 3239 3631 3304 verbum
3675 3239 3973 3306 sufficere
4017 3241 4209 3307 debet
4250 3263 4382 3326 quo
4429 3245 4562 3310 Dei
4604 3245 4786 3310 volun-

2901 3334 3103 3391 tatem
3148 3323 3453 3392 docemur
3494 3325 3564 3390 in
3604 3345 3769 3392 evan
3854 3326 3941 3390 lio
3984 3326 4103 3392 filii
4137 3328 4259 3409 sui,
4302 3328 4785 3414 quandoquidem

2900 3412 3090 3496 longe
3146 3411 3587 3494 praestantius
3645 3410 3761 3475 illu
3866 3422 3962 3478 est
4019 3433 4210 3495 quam
4268 3414 4571 3498 reliquae
4612 3434 4785 3481 omnes

2906 3495 3334 3563 revelationes
3377 3516 3789 3581 quascunque
3825 3496 4090 3564 tandem
4127 3501 4618 3583 expetierimus.
4660 3502 4785 3566 Nam

2902 3584 3024 3649 etsi
3083 3582 3456 3666 prophetias
3514 3603 3648 3647 non
3704 3580 4056 3649 habeamus
4110 3583 4336 3667 quales
4395 3587 4658 3653 fuerunt
4700 3584 4785 3651 sub

2901 3669 3063 3754 lege,
3149 3677 3368 3733 tamen
3449 3667 3690 3750 aliquid
3758 3668 4037 3751 amplius
4100 3669 4437 3751 habemus,
4530 3673 4788 3738 nimirum

2901 3753 3362 3839 perfectionem
3406 3752 3584 3817 illam
3629 3752 3958 3820 doctrinae
3998 3756 4065 3820 in
4110 3776 4239 3839 qua
4282 3756 4785 3841 acquiescendum

2904 3840 3087 3906 nobis
3131 3850 3248 3905 est.
3335 3838 3481 3904 Etsi
3537 3838 3712 3904 enim
3772 3860 3900 3904 non
3954 3842 4270 3926 contingit
4330 3844 4467 3908 iam
4529 3845 4595 3909 in
4639 3842 4787 3908 rebm

2904 3926 3142 3991 nostris
3186 3923 3478 4009 angustis
3521 3922 3584 3988 id
3630 3926 3881 4007 assequi
3917 3926 4086 4010 quod
4123 3928 4406 4010 populus
4444 3929 4785 3996 israeliticus

2902 4012 3284 4088 obtinuerat,
3341 4019 3418 4075 ut
3475 4009 3742 4074 Domini
3787 4009 4186 4077 voluntatem
4247 4014 4696 4101 interrogaret,
4738 4020 4785 4075 st

2902 4096 3086 4162 Deus
3139 4093 3293 4178 quid
3347 4097 3515 4160 facto
3559 4104 3729 4161 esset
3771 4116 3932 4179 opus
3977 4098 4334 4164 revelaret:
4393 4110 4616 4167 tamen
4654 4094 4783 4185 quod

2902 4184 3096 4266 longe
3138 4189 3239 4246 est
3281 4181 3627 4265 pretiosius
3671 4181 4056 4263 obtinemus,
4099 4205 4330 4268 nempe
4371 4187 4609 4253 factam
4642 4182 4782 4251 nobis

2903 4265 3408 4352 promissionem,
3453 4266 3670 4331 Deum
3715 4287 3786 4333 se
3828 4268 3897 4331 in
3938 4269 4314 4354 integritate
4346 4280 4420 4335 et
4456 4271 4782 4338 sinceritate

2903 4352 3365 4438 quaerentibus
3409 4353 3746 4418 consilium
3793 4352 4115 4435 daturum,
4156 4365 4223 4421 et
4254 4356 4328 4420 in
4364 4358 4666 4423 omnibus
4692 4353 4781 4419 viis

2904 4441 3332 4505 directurum:
3385 4437 3574 4503 modo
3618 4437 3702 4504 ad
3744 4439 3954 4523 ipsum
4001 4461 4085 4505 ex
4128 4442 4330 4524 ipsius
4375 4444 4569 4510 verbi
4612 4459 4781 4528 praes-

2903 4526 3111 4610 cripto
3186 4523 3583 4608 confugiant.
3668 4521 4175 4592 Observandum
4239 4529 4418 4593 enim
4498 4528 4780 4596 Israelita

2903 4632 3033 4675 non
3093 4607 3397 4674 habuisse
3443 4620 3577 4674 tam
3622 4612 4047 4694 perspicuam,
4105 4633 4316 4696 neque
4363 4624 4505 4680 tam
4551 4612 4779 4696 amplm

2903 4704 2968 4762 et
3033 4694 3380 4779 perfectam
3447 4696 3941 4762 instructionem
4005 4718 4198 4781 quam
4255 4698 4577 4766 habemus
4616 4696 4777 4764 hodie.

2903 4782 3072 4847 Nam
3110 4780 3436 4846 Samuelis
3470 4790 3757 4867 tempore
3792 4782 3956 4847 nihil
3994 4783 4119 4849 nisi
4145 4784 4249 4849 lex
4273 4784 4553 4852 Domini
4572 4781 4778 4867 scrip&

2904 4876 3043 4934 erat
3083 4864 3415 4931 traditum.
3485 4866 3620 4932 Nos
3659 4888 3812 4932 vero
3848 4868 4049 4935 libros
4084 4870 4570 4953 prophetarum.
4604 4871 4778 4936 libros·

2905 4975 3028 5038 que
3068 4951 3426 5033 historicos,
3472 4953 3704 5037 quibus
3738 4954 3972 5036 prioris
4006 4955 4181 5021 illius
4204 4956 4515 5023 ecclesiae
4537 4958 4777 5042 regimen

2904 5048 2969 5106 et
3011 5036 3332 5105 institutio
3377 5038 3659 5120 docetur,
3712 5039 4105 5122 tandemque
4148 5044 4391 5125 scripta
4436 5042 4773 5127 evangelia,

2904 5125 3136 5221 quibus
3181 5122 3550 5189 divinarum
3595 5127 4094 5209 promissionum
4132 5128 4422 5212 impletio
4458 5130 4775 5195 continetur

2903 5211 3239 5276 habemus.
3327 5209 3545 5291 Quare
3589 5210 3773 5277 nobis
3809 5211 3934 5277 ista
3970 5212 4342 5280 satisfacere
4376 5216 4538 5281 satis
4569 5213 4773 5297 copioso
