5059 6059
271 269 369 337 701
1524 263 1621 329 IN
1666 264 1723 330 I.
1767 260 1951 328 LIB.
1994 260 2396 330 SAMUEL.
2443 262 2645 331 OAP.
2691 265 2853 331 XII.
4049 268 4177 334 702

262 474 307 535 et
339 456 655 533 servieritis
686 456 765 535 ei,
799 459 854 520 et
885 453 1217 520 audieritis
1255 472 1457 520 vocem
1492 453 1648 533 eius,
1693 458 1748 518 et
1788 472 1913 516 non
1957 471 2138 516 exas-
2240 470 2360 518 vos
2404 462 2616 521 sartos
2660 464 2861 521 tectos
2895 456 2964 520 in
3009 454 3194 521 bellis
3236 455 3535 521 omnibus
3580 456 3987 523 conservavi.
4031 457 4172 523 Iam

253 545 579 645 putaveritis
616 562 685 610 os
726 539 1010 691 Dmi'}
1051 540 1233 639 eritis
1287 544 1524 690 etDvOS,
1570 544 1625 605 et
1656 559 1770 689 νῗω
1807 538 2141 689 ᾳαίΙιέηΡὲἐ
2240 557 2447 687 :fea-o,-
2475 540 2687 622 inquit
2720 540 3015 641 Samuel,
3073 541 3256 607 Deus
3273 562 3556 693 bpoenas
3568 550 3856 691 dvestrae
3896 542 4172 627 ingrati-

258 632 937 791 fflan⁸⁰4⁶“ua⁶'²e‘⁶m‘⁹·
936 719 997 778 ω
1011 644 2138 808 Ἥωυοῖεΐεῖῗεῗᾬωρὲω.
2238 635 2788 809 ὣὲῖᾆίξίξίἓζξ
2828 635 4174 797 ἓῗῗὲῗιζοοὲἰξζὲοιέῒὶῗιὲΐῖἰῖ

256 808 435 876 ver-itis
483 818 789 869 sermones
827 800 984 876 eius,
1041 798 1159 863 erit
1202 816 1431 863 manus
1473 795 1738 861 Domum
1778 815 1967 876 super
2007 813 2137 872 voe,
2238 814 2373 859 non
2425 807 2636 863 instar
2690 798 2997 864 effraenis
3053 799 3205 881 equi
3248 799 3603 865 calcitrare.
3692 797 3952 867 Scimus
3993 800 4171 867 enim

256 902 301 963 et
339 910 509 975 super
546 891 765 970 patres
818 889 1067 951 vestros.
1160 882 1262 948 16.
1325 881 1448 947 Sed
1510 886 1566 947 et
1629 900 1795 947 nunc
1846 885 2018 957 state,
2081 886 2140 944 et
2237 877 2539 948 homines
2600 883 2971 967 tranquillis
3033 884 3227 951 rebus
3293 885 3502 950 multa
3565 884 3691 951 sibi
3755 886 4169 969 permittere:

251 981 419 1048 videte
453 994 576 1040 rem
619 973 812 1038 istam
848 970 1168 1053 qrandem,
1224 988 1413 1050 quam
1453 967 1740 1050 facturus
1783 970 1872 1032 est
1911 964 2135 1064 Domi·
2238 964 2353 1032 sed
2410 964 2696 1034 subortis
2739 968 3233 1052 tempestatibus
3275 978 3343 1035 et
3383 969 3700 1054 procellis,
3759 971 4047 1051 retineri,
4106 982 4174 1039 et

250 1087 353 1133 m
396 1064 462 1127 in
510 1062 825 1138 conspectu
878 1061 1099 1121 vestro·
1186 1055 1284 1119 17.
1349 1052 1681 1135 Numquid
1735 1072 1860 1118 non
1916 1071 2139 1117 messus
2238 1053 2620 1135 perterritos
2687 1054 2769 1120 ad
2834 1055 3052 1121 Deum
3115 1056 3481 1141 confugere.
3589 1056 3843 1124 Verum
3913 1057 4036 1126 hac
4100 1058 4170 1125 in

247 1150 415 1217 tritici
449 1150 534 1213 est
571 1142 803 1209 hodie?
881 1139 1187 1207 Invocabo
1226 1138 1595 1216 Dominum,
1640 1142 1696 1202 et
1734 1138 1911 1204 dabit
1949 1155 2135 1214 voces,
2236 1148 2421 1219 parte
2476 1160 2666 1203 suam
2722 1141 3043 1206 insaniam
3111 1141 3388 1225 populus
3441 1141 3750 1226 prodidit,
3815 1163 4019 1226 quum
4085 1165 4171 1211 ne

247 1243 292 1305 a
316 1233 573 1318 pluvias,
631 1233 686 1295 a
725 1219 971 1307 scietis:
998 1231 1053 1291 et
1097 1226 1383 1292 videbitis
1425 1224 1580 1306 quia
1615 1223 1856 1307 yrande
1898 1221 2136 1288 malum
2236 1221 2621 1290 imminente
2663 1225 2922 1309 quidem
2965 1227 3037 1292 in
3081 1248 3277 1293 suum
3322 1236 3516 1311 caput
3558 1228 3688 1294 Dei
3732 1228 4042 1308 vindicta,
4086 1229 4172 1296 ad

242 1319 482 1407 feceritis
541 1313 718 1381 vobis
782 1314 854 1379 in
909 1316 1240 1410 conspectu·
1287 1309 1570 1391 Domini,
1625 1314 1896 1392 petentes
1945 1328 2136 1408 super
2239 1308 2957 1411 remediumponfugit,
3017 1312 3143 1412 Dei
3188 1334 3422 1396 nempe
3466 1313 4011 1380 misericordiam:
4053 1314 4169 1383 sed

242 1428 331 1475 vos
357 1423 638 1554 reqemDo
673 1400 773 1500 Ιβ.
831 1398 922 1465 Et
973 1398 1265 1548 clamavit
1308 1394 1608 1547 lSaqnuel·
1632 1393 2137 1547 oddag-munet}
2238 1415 2439 1545 (giam
2497 1407 2716 1480 potius
2773 1419 2842 1497 :u
2899 1396 3279 1551 mailitiamqt
3326 1397 3743 1502 improbitate
3800 1400 4038 1501 pergit,
4075 1412 4174 1551 bet

240 1491 1200 1656 gmudietd‘dmnismffiluzoeg-imis
1240 1501 1683 1635 ὗοῖηυὲιῖἴιηιπὲἰ
1726 1501 2088 1632 Βαωαῗῖἑηι.
2238 1500 2617 1717 ζθῗιιςιίβρεῖιῖε
2638 1502 2863 1670 {aegeae
2903 1496 3827 1671 ceinturssnaciatgmdicimssrtetgt.
3841 1506 4173 1673 mandisti

382 1744 606 1829 Pergit
649 1742 721 1811 in
764 1741 1063 1808 instituto
1106 1759 1403 1805 sermone
1447 1735 1735 1837 Samuel,
1789 1737 2135 1821 populum·
2241 1660 2513 1805 btggdssis
2544 1654 3041 1823 οὲἓοίίῗέιῗωὲξ
3072 1657 4167 1823 iffisotegligzxsingtrlgffiefflgmfigg

238 1855 343 1919 que
393 1831 470 1898 de
523 1829 782 1915 ingenti
838 1824 1309 1912 ingratitudine
1353 1833 1664 1908 coarguit,
1717 1822 1891 1906 quod
1933 1843 2133 1906 quum
2239 1835 2307 1889 et
2361 1843 2511 1906 spes
2567 1846 2761 1907 quam
2831 1825 2911 1892 de
2972 1826 3177 1910 ipsius
3234 1828 3565 1912 promissis
3631 1830 4045 1913 concepimus
4097 1831 4169 1896 in

235 1941 346 1986 non
399 1915 610 1983 dubiis
670 1914 875 1999 signis
918 1911 1333 1996 cognovisset
1374 1910 1594 1975 Deum
1636 1910 1758 1976 sibi
1801 1929 1944 1975 esse
1988 1930 2133 1991 pro·
2237 1909 2425 1975 nobis
2469 1912 2766 1978 foveatur
2808 1923 2876 1977 et
2918 1912 3273 1981 nutriatur:
3320 1926 3389 1980 et
3430 1916 3494 1980 in
3543 1915 3675 1981 illis
3718 1916 3788 1980 in
3834 1915 3972 1982 dies
4013 1937 4165 1981 oon-

234 2007 458 2071 ximum
498 2001 581 2069 ad
629 2021 819 2084 opem
861 2000 932 2064 in
977 1998 1173 2065 rebus
1211 1997 1507 2081 angustis
1542 1994 1894 2073 ferendam,
1933 1994 2137 2078 ipsius
2236 1994 2598 2073 firmemur,
2656 2009 2728 2061 ut
2769 1995 2840 2061 in
2884 1998 3178 2065 adversis
3220 1999 3303 2066 ad
3345 2001 3557 2084 ipsum
3604 2001 4056 2085 confugiamus
4097 2014 4169 2066 et

233 2111 335 2175 ope
372 2087 659 2157 contenti
700 2106 834 2152 non
876 2084 1140 2163 fuerint,
1193 2082 1312 2148 sed
1356 2101 1563 2146 novas
1608 2081 1897 2146 rationes
1937 2100 2136 2163 quae·
2237 2081 2641 2147 confidenter
2683 2085 3078 2159 invocemus,
3124 2086 3393 2152 minime
3430 2086 3802 2152 dubitantes
3835 2086 3988 2169 quin
4026 2086 4167 2152 eius

233 2176 476 2243 siverint
528 2171 784 2239 salutis.
869 2168 1075 2254 Atqui
1138 2165 1541 2251 experientia
1605 2164 1843 2232 dicitur
1897 2167 2133 2232 stulto-

233 2282 361 2327 rum
408 2280 550 2326 esse
615 2257 967 2406 mffi⁸⁸r⁸³
1032 2274 1187 2319 nam
1243 2255 1368 2320 etsi
1433 2251 1698 2337 quidam
1764 2252 1953 2318 initio
2016 2273 2134 2336 per

226 2343 706 2429 imprudentiam
766 2342 1067 2419 abuntur,
1112 2349 1334 2405 tamen
1369 2359 1569 2422 quum
1606 2337 1843 2404 deinde
1877 2358 1950 2403 re
1991 2340 2134 2421 ipsa

225 2432 437 2516 aliquid
493 2436 962 2514 cognoverunt,
1026 2446 1247 2492 nonne
1311 2425 1631 2492 cautiores
1688 2423 1924 2490 deinde
1989 2426 2132 2491 fieri

225 2517 352 2585 illos
391 2517 587 2583 etiam
649 2513 895 2580 invitos
937 2522 1207 2595 oportet,
1266 2518 1334 2576 et
1377 2509 1551 2593 quod
1597 2518 1698 2575 est
1741 2511 2131 2577 manifestis·

225 2604 458 2755 Zffimm’
502 2601 697 2752 &3⁶³³
713 2598 745 2664 ²
790 2598 1086 2748 ¹²⁰³i³²¹35
1131 2595 1457 2766 3⁰:23:ss
1500 2595 1891 2747 whffl
1931 2596 2133 2749 3¹:321

314 2710 490 2756 osum
620 2708 685 2752 ei
751 2706 910 2751 aux1
940 2706 1006 2749 :u
1171 2706 1213 2748 x
1650 2730 1664 2759 ,

223 2785 324 2841 aut
371 2776 632 2853 iterum,
691 2771 807 2838 sed
863 2769 1113 2854 quoties
1170 2780 1431 2853 propter
1495 2775 1758 2851 peccata
1815 2768 1887 2833 in
1947 2768 2137 2836 varia

222 2860 488 2943 pericula
553 2870 621 2924 et
688 2856 1150 2940 castigationes
1214 2852 1471 2921 divinas
1536 2852 1877 2932 inciderat,
1943 2855 2135 2919 toties
2239 2874 2355 2918 nos
2396 2857 2778 2938 castigante.
2823 2854 3189 2922 cavendum
3233 2876 3646 2939 summopere
3684 2878 3765 2921 ne
3801 2857 4165 2924 recalcitre-

2236 2165 2558 2232 auxilium
2614 2168 2784 2252 quod
2830 2182 2982 2235 ante
3026 2190 3252 2237 sumus
3296 2172 3548 2323 experti
3604 2172 3674 2236 in
3719 2174 3915 2237 finem
3960 2191 4166 2254 usque

223 2966 558 3012 conversus
615 2940 1128 3011 misericordiam
1184 2939 1391 3023 ipsius
1433 2948 1746 3019 senserat,
1789 2948 1856 3005 et
1899 2938 2131 3005 libera-
2237 2958 2401 3013 mus.
2460 2939 2574 3004 sed
2632 2939 2851 3023 potius
2908 2960 3111 3024 aequo
3168 2953 3238 3006 et
3283 2943 3560 3023 patienti
3603 2942 3820 3008 animo
3861 2949 4167 3026 paternas

2235 2255 2669 2337 experiamur.
2735 2253 3082 2322 Caeterum
3125 2267 3194 2324 et
3234 2258 3367 2324 istu
3454 2258 3890 2335 observemus,
3950 2257 4168 2325 Deum

2234 2338 2741 2405 comminantem
2786 2341 3101 2425 signaque
3139 2343 3243 2410 sui
3287 2344 3526 2410 furoris
3559 2343 4005 2410 ostendentem
4044 2363 4165 2408 nos

2236 2424 2318 2490 ad
2362 2445 2432 2490 se
2488 2445 2826 2506 revocare:
2885 2428 3055 2511 quod
3096 2428 3645 2511 quemadmodum
3689 2428 3886 2496 rebus
3927 2428 4167 2530 quietis

2237 2520 2303 2576 et
2363 2510 2734 2594 tranquillis
2794 2513 3100 2592 fruentes,
3160 2514 3402 2579 nostris
3462 2516 4007 2599 concupiscentiis
4065 2514 4167 2580 in·

2237 2596 2597 2682 dulgemus,
2655 2608 2721 2662 et
2762 2597 3274 2682 intemperanter
3317 2621 3436 2666 nos
3478 2602 3785 2685 gerimus,
3827 2609 3896 2667 et
3935 2600 4170 2667 adver-

2237 2704 2347 2748 sus
2402 2682 2618 2767 ipsum
2680 2683 2892 2747 Deum
2948 2704 3174 2750 sumus
3215 2695 3662 2770 contumaces,
3721 2686 3814 2751 ita
3856 2696 3922 2752 et
3960 2685 4170 2770 ipsius

2241 2767 2442 2851 virgis
2505 2767 2689 2834 caedi
2753 2778 2821 2833 et
2885 2767 3131 2834 domari
3194 2790 3457 2838 necesse
3519 2772 3627 2837 sit.
3713 2772 3965 2837 Verum
4024 2769 4169 2837 Deo

223 3042 377 3098 tores
452 3042 647 3097 extra
725 3026 1024 3095 ordinem
1105 3026 1467 3101 suscitarat,
1554 3023 1779 3107 quales
1862 3024 2135 3091 fuerunt
2235 3024 2668 3091 correctiones
2722 3025 3030 3093 feramus.
3117 3028 3219 3095 Ac
3273 3029 3329 3093 si
3382 3026 3467 3093 ad
3510 3037 3768 3110 tempus
3825 3048 3902 3093 eo
3944 3040 4166 3093 amen-³

219 3116 494 3200 Iephthe,
552 3114 847 3185 Simeon.
905 3111 1196 3189 Gedeon,
1252 3121 1320 3177 et
1380 3110 1494 3176 alii
1547 3110 1679 3177 illis
1732 3110 1996 3191 similes,
2053 3110 2133 3175 de
2235 3111 2364 3174 tiae
2399 3110 2802 3188 devenimus,
2848 3121 2922 3176 ut
2953 3112 3095 3179 eius
3124 3113 3450 3179 voluntati
3484 3132 3715 3197 parere
3756 3122 3825 3179 et
3867 3112 4157 3197 aequies-

222 3203 430 3284 quibus
472 3201 781 3287 superius
824 3210 1044 3266 actum
1086 3210 1206 3264 est.
1269 3196 1403 3264 Sed
1447 3196 1714 3262 tandem
1758 3195 2132 3264 Samuelem
2233 3215 2381 3263 cere
2425 3195 2845 3278 noluerimus,
2888 3195 2972 3261 ad
3022 3198 3355 3266 meliorem
3411 3208 3694 3265 mentem
3738 3206 4167 3278 revertamur,

218 3310 250 3352 a
300 3289 575 3355 Domino
637 3295 1037 3370 acceperant.
1125 3283 1331 3349 Porro
1375 3285 1560 3348 Deus
1613 3282 1759 3349 istis
1813 3281 2134 3349 iudicibus
2235 3299 2484 3364 nosque
2527 3281 2747 3349 faciles
2788 3302 2865 3348 ac
2907 3281 3143 3351 dociles
3185 3285 3283 3349 illi
3326 3284 3765 3363 exhibeamus,
3807 3294 3884 3349 ut
3929 3303 4163 3349 vocan-

221 3376 298 3439 sic
336 3396 491 3442 usus
533 3384 658 3454 est,
700 3381 776 3439 ut
818 3380 1038 3437 essent
1081 3366 1277 3437 duces
1309 3369 1551 3453 populi,
1594 3368 1825 3450 quibus
1866 3388 2131 3452 prospe·
2236 3378 2390 3447 tem,
2434 3387 2823 3452 quacunque
2866 3390 2988 3436 nos
3033 3370 3312 3447 duxerit,
3357 3390 3727 3452 sequamur.

219 3481 307 3526 ros
346 3480 691 3528 successus
723 3456 922 3538 dedit,
966 3466 1042 3521 ut
1083 3456 1154 3521 in
1189 3455 1325 3520 illis
1356 3476 1477 3521 sua
1509 3454 1722 3520 virtus
1757 3464 2131 3536 appareret:

216 3556 384 3629 atque
424 3546 497 3611 in
531 3552 893 3628 conspectu
936 3540 1161 3626 populi
1203 3547 1392 3626 gesta
1422 3539 1539 3605 illa
1572 3548 1781 3623 erant,
1824 3550 1893 3606 et
1930 3541 2136 3607 omni·

215 3630 318 3698 bus
392 3631 760 3707 notissima,
839 3639 915 3695 ut
982 3627 1228 3694 nullam
1304 3624 1789 3692 excusationem
1854 3627 2135 3709 populus

214 3738 350 3783 suae
403 3716 862 3783 contumaciae
903 3724 1285 3798 praetexere
1328 3711 1634 3794 potuerit,
1687 3731 1884 3794 quum
1976 3713 2134 3778 erti-

215 3804 441 3869 naoiter
499 3822 731 3887 regem
793 3799 1223 3883 postularunt.
1311 3798 1480 3863 Nam
1548 3796 1858 3863 videntur
1981 3818 2135 3864 eum

215 3907 496 3955 accusare
556 3886 754 3971 quasi
809 3885 1207 3952 destituisset
1264 3882 1412 3949 illos
1454 3882 1718 3959 auxilio,
1762 3891 1828 3949 et
1862 3881 2136 3949 infortu-

216 3975 380 4039 nium
434 3974 623 4058 pmsi
667 3981 904 4048 essent,
959 3981 1075 4036 aut
1114 3968 1403 4036 iudicum
1449 3989 1581 4033 non
1625 3989 1704 4035 ea
1745 3969 1977 4035 fuisset
2019 3968 2134 4035 do-

215 4061 463 4126 minatio
526 4058 796 4143 qualem
877 4077 1018 4122 esse
1092 4063 1503 4139 oportuerat:
1583 4054 1755 4138 quod
1819 4055 1877 4121 si
1941 4072 2131 4133 esset,

217 4146 581 4212 mutationis
663 4141 1071 4227 expetendae
1140 4161 1402 4208 causam
1482 4139 1767 4223 aliquam
1831 4140 2133 4209 habuisse

217 4229 598 4298 viderentur.
694 4228 829 4297 Sed
887 4226 1079 4308 unde,
1132 4246 1392 4310 quaeso,
1450 4225 1572 4291 iste
1628 4226 1960 4310 appetitus
2002 4248 2132 4293 non

215 4336 386 4398 poue
425 4318 606 4384 ferre
650 4336 726 4382 se
765 4334 806 4380 a
846 4311 992 4379 Deo
1035 4313 1174 4397 regi
1217 4320 1285 4377 et
1318 4310 1684 4397 gubernari,
1728 4312 1913 4380 ouius
1946 4324 2135 4379 erant

215 4402 274 4467 in
346 4404 519 4487 ipsos
601 4411 744 4466 tam
808 4398 1017 4465 multa
1077 4396 1538 4464 benedictionis
1601 4407 1670 4462 et
1736 4399 1976 4465 favoris
2041 4408 2136 4465 tot

216 4490 530 4574 prosperis
574 4486 988 4554 successibus
1044 4480 1462 4549 testimonia?
1552 4482 2132 4550 circumstantiam

2404 3451 2732 3538 Deinceps
2775 3454 3000 3521 adiicit
3043 3454 3344 3523 Samuel:
3391 3455 3576 3522 Nunc
3616 3474 3763 3540 erqo
3790 3457 4047 3537 praesto
4078 3459 4169 3521 est

2234 3559 2350 3605 rex
2390 3543 2607 3619 vester,
2650 3561 2830 3624 quem
2869 3540 3138 3624 elegistis
3182 3547 3241 3607 et
3267 3542 3571 3625 petiistis,
3618 3561 3746 3609 ecce
3784 3540 3957 3608 dodi:
3994 3540 4167 3607 vobis

2236 3625 2557 3693 Dominus
2615 3647 2845 3710 reyem,
2926 3648 2986 3710 q.
3055 3627 3116 3692 d.
3181 3627 3329 3693 Etsi
3406 3628 3610 3693 vestri
3679 3636 3976 3711 respectu
4041 3626 4166 3693 fuit

2237 3713 2465 3794 iniqua
2520 3712 2871 3794 postulatio
2925 3722 2993 3777 et
3049 3712 3318 3779 illicitus
3372 3710 3619 3790 modus,
3686 3727 3905 3779 tamen
3971 3731 4165 3795 quem

2239 3797 2519 3881 petiistis
2576 3817 2796 3882 regem
2857 3817 3006 3865 acce
3051 3799 3226 3865 istis:
3285 3798 3646 3882 profectum
3703 3796 3865 3864 illud
3925 3810 4025 3863 est
4082 3796 4166 3862 ab

2238 3882 2532 3965 improba
2574 3884 2942 3967 cupiditate.
3056 3884 3269 3950 ixistis
3311 3883 3524 3949 enim:
3569 3884 3993 3967 Nequaquam
4039 3883 4168 3949 erit

2239 3967 2517 4051 amplius
2576 3978 2652 4032 ut
2712 3971 2805 4035 sic
2857 3991 2898 4035 a
2941 3970 3222 4036 Domino
3266 3970 3725 4055 gubernemur,
3780 3969 3892 4035 sed
3939 3989 4160 4053 regem

2238 4053 2323 4120 ad
2365 4052 2639 4141 aliarum
2780 4055 2988 4121 ntium
3033 4075 3283 4121 morem
3328 4054 3663 4122 volumus:
3720 4055 3902 4139 quasi
3945 4055 4163 4120 Deum

2238 4148 2563 4223 oporteret
2613 4160 2695 4206 vo
2740 4141 2797 4206 is
2838 4142 3010 4225 ipsis,
3038 4142 3504 4227 obtemperare.
3593 4141 3800 4208 Porro
3842 4140 4164 4208 Dominus

2240 4246 2358 4309 pro
2414 4225 2667 4310 ingenti
2721 4226 3162 4293 misericordia
3215 4228 3474 4311 culpam
3532 4226 3725 4293 istam
3772 4227 3965 4293 etiam
4011 4226 4165 4291 hac·

2239 4324 2436 4379 tenus
2499 4310 2916 4388 condonavit,
2980 4322 3050 4378 et
3113 4313 3258 4379 vult
3321 4335 3360 4378 a
3425 4312 3613 4380 vobis
3679 4311 3879 4396 recipi
3941 4330 4166 4396 regem

2239 4405 2549 4481 tanquam
2591 4417 2632 4462 a
2672 4417 2744 4463 se
2788 4397 3080 4479 missum,
3176 4419 3327 4465 uem
3372 4398 3610 4467 idcimo
3660 4399 3861 4466 etiam
3906 4397 4169 4463 virtuti·

2239 4485 2363 4550 bus
2427 4482 2628 4567 regiis
2679 4485 2957 4561 ornavit,
3016 4493 3092 4550 ut
3226 4505 3309 4553 ne
3366 4504 3665 4567 praeesse
3868 4503 3953 4550 ue
3995 4481 4169 4549 tueri

216 4586 416 4641 sutem
459 4575 572 4641 hic
617 4572 894 4640 Samuel
939 4569 1268 4653 quandam
1312 4575 1521 4651 notat,
1561 4567 1646 4633 ad
1688 4590 1797 4635 eos
1841 4567 2135 4636 rebellio·
2238 4579 2305 4635 et
2347 4568 2695 4635 defendere
2738 4571 2962 4653 possit.
3051 4568 3307 4651 Quibus
3355 4570 3575 4637 verbis
3616 4567 3775 4635 Sam
3924 4566 4166 4652 populo

217 4660 306 4725 nis
335 4659 842 4737 convincendos,
876 4666 944 4722 et
977 4653 1452 4721 inexcusabiles
1483 4654 1864 4733 reddendos,
1899 4675 2136 4738 nempe
2238 4676 2420 4740 spem
2462 4655 2636 4734 facit,
2684 4656 3037 4723 Dominum
3080 4676 3121 4721 a
3155 4657 3379 4741 populi
3413 4656 3694 4738 peccatis
3726 4653 3947 4723 oculos
3981 4675 4168 4721 aver-

219 4740 464 4811 Domini
508 4743 1112 4821 comminationem,
1152 4739 1464 4807 suscitato
1497 4738 1660 4822 ipsis
1694 4739 1883 4807 hoste
1920 4740 2135 4806 Naaso
2241 4750 2507 4819 tentem,
2568 4741 2814 4807 malum
2857 4743 2927 4807 in
2971 4744 3210 4807 bonum
3255 4762 3746 4819 conversurum,
3790 4740 3963 4825 quod
4004 4739 4170 4806 nolit

217 4849 354 4913 rege
393 4831 962 4908 Ammonitarum,
1016 4837 1091 4892 ut
1147 4846 1344 4910 supra
1385 4823 1692 4892 vidimus.
1780 4826 2001 4910 Atque
2040 4827 2135 4892 ita
2183 4814 2192 4894 Ι
2238 4827 2338 4892 illi
2380 4836 2717 4910 peccatum
2761 4827 2933 4895 istud
2968 4828 3311 4910 imputare,
3352 4825 3467 4894 sed
3502 4826 3979 4895 misericordiae
4012 4846 4170 4893 suae

221 4916 411 4982 voluit
448 4916 644 4982 Deus
700 4914 1019 4983 stultitiae
1058 4912 1233 4995 ipsos
1288 4932 1584 4995 arguere,
1639 4912 2136 4996 superbiamque
2241 4913 2453 4979 locum
2511 4913 2740 4992 facere,
2809 4925 2883 4980 ut
2940 4912 3111 4997 quod
3166 4915 3326 4996 ipsis
3389 4910 3779 4979 detrimento
3838 4919 3904 4979 et
3966 4910 4169 4978 exitio

216 4997 490 5082 ipsorum
532 4999 968 5077 contundere,
1012 4997 1200 5082 quasi
1244 4996 1515 5064 diceret:
1557 4997 1714 5082 Ipsa
1757 5018 1872 5064 vos
1916 5018 2135 5066 neces-
2241 4999 2534 5065 futurum
2607 5008 2751 5064 erat
2811 4999 2883 5066 in
2946 4997 3349 5065 commodum
3418 5006 3728 5065 vertatur.
3838 4996 4171 5064 conditio-

218 5088 360 5151 sitas
412 5096 604 5173 coget
662 5107 808 5155 esse
864 5086 1135 5170 quietos.
1220 5082 1364 5150 Vos
1418 5095 1614 5151 antea
1670 5083 1827 5149 estis
1886 5084 2137 5168 experti
2243 5105 2393 5151 nem
2446 5104 2609 5151 vero
2665 5084 2987 5168 quandam
3047 5083 3289 5160 adiicit,
3356 5102 3487 5167 qua
3539 5083 3697 5150 boni
3750 5083 3944 5151 istius
4008 5084 4176 5151 fiant

219 5169 369 5238 nihil
409 5194 554 5242 esse
599 5173 842 5241 melius
884 5190 1076 5255 quam
1122 5169 1241 5236 sub
1285 5168 1516 5236 umbra
1558 5190 1705 5237 mea
1746 5170 1973 5254 latere,
2015 5189 2137 5255 ego
2244 5171 2625 5255 participes:
2684 5169 2762 5237 Si
2803 5170 3138 5236 tima-‘tis
3174 5168 3543 5251 Dominum,
3593 5173 3651 5235 et
3705 5170 4051 5237 servieritis
4093 5170 4172 5250 ei,
