5059 6059
269 355 335 420 21
1522 347 1622 414 IN
1665 348 1722 413 Ι.
1765 348 1946 415 LIB.
1994 347 2395 417 SAMUEL.
2440 347 2636 415 OAP.
2683 348 2884 416 XIII.
4119 356 4207 423 22

263 563 394 608 mur
442 558 556 604 nos
614 558 946 622 nunquam
1007 538 1075 603 in
1134 535 1263 602 Dei
1308 536 1689 620 obsequium
1731 537 2162 620 compositum

258 629 344 707 iri,
383 625 529 709 quin
572 624 841 690 affectus
885 631 1140 690 nostros
1184 621 1487 690 cohibere
1531 630 1599 689 et
1640 624 1940 689 fraenare
2000 622 2165 689 didi-

259 713 528 780 cerimus.
618 711 851 794 Itaque
905 710 959 776 si
1017 708 1190 793 quod
1247 708 1608 792 periculum
1652 709 2011 789 immineat,
2070 710 2164 775 sic

260 800 571 865 timeamus
616 816 701 860 ne
746 797 1016 861 horrore
1060 807 1127 861 et
1169 805 1419 860 terrore
1463 793 1878 870 dissiliamus,
1924 794 2037 860 sed
2076 796 2166 861 af-

254 886 439 950 fectus
494 892 743 948 nostros
800 881 1196 960 cohibentes,
1253 882 1323 945 in
1384 881 1600 945 Deum
1645 878 1935 946 modeste
1979 901 2163 964 spem

253 982 517 1036 nostram
585 968 1026 1035 coniiciamus.
1118 964 1192 1032 Si
1264 985 1428 1049 quae
1498 966 1770 1033 tristitia
1825 966 2160 1043 invaserit,

251 1077 324 1120 ne
373 1052 694 1120 vindictae
745 1053 1101 1136 cupiditate
1157 1051 1621 1117 incendamur:
1679 1050 1795 1117 sed
1852 1051 1933 1117 ad
1981 1052 2159 1118 verbi

251 1141 433 1206 divini
489 1138 781 1223 regulam
840 1160 960 1204 nos
1015 1156 1498 1220 componamus.
1590 1136 1663 1204 Si
1720 1158 1885 1222 quae
1930 1148 2162 1203 contra

248 1224 507 1292 laetitiae
565 1224 817 1291 occasio
859 1244 930 1290 se
975 1223 1301 1302 obtulerit,
1360 1244 1444 1287 ne
1487 1222 1846 1289 insolenter
1887 1246 2006 1289 nos
2052 1244 2165 1307 ge-

247 1332 466 1389 ramus,
507 1310 624 1376 sed
669 1330 789 1376 nos
832 1310 1011 1374 intra
1058 1308 1254 1375 verbo
1298 1307 1524 1373 divino
1559 1310 1994 1393 praescriptos
2028 1330 2161 1374 mo-

243 1396 469 1462 destiae
507 1397 820 1461 terminos
855 1395 1324 1462 contineamus.
1397 1392 1570 1459 Deni
1620 1415 1702 1461 ue
1735 1393 1952 1461 Deum
1990 1417 2159 1461 nun·

242 1503 415 1566 quam
482 1493 558 1546 ut
623 1489 882 1565 oportet
942 1481 1245 1557 colemus,
1310 1480 1467 1563 quin
1623 1501 1850 1546 versus
1905 1489 2160 1546 nostros

241 1568 499 1634 affectus
533 1588 624 1651 pu
720 1588 926 1633 emus.
995 1565 1214 1650 Atque
1253 1565 1360 1632 hic
1397 1566 1468 1630 in
1503 1567 1735 1650 primis
1770 1565 2160 1632 metuendae

238 1663 397 1720 artes
441 1652 633 1718 diabo
660 1654 702 1732 i,
745 1673 953 1719 novas
996 1672 1253 1736 semper
1292 1652 1577 1718 rationes
1620 1653 1855 1735 quibus
1899 1652 2161 1719 deiiciat

239 1759 363 1822 nos,
397 1748 464 1805 et
497 1740 552 1804 si
591 1749 813 1823 posset
847 1739 915 1803 in
952 1738 1230 1803 exitium
1268 1737 1513 1819 trahat,
1554 1738 1900 1803 molientis.
1990 1738 2159 1803 Nam

234 1824 413 1890 modo
470 1825 904 1890 immoderata
947 1824 1212 1897 laetitia,
1278 1822 1471 1889 modo
1516 1824 1835 1890 immensa
1875 1823 2160 1903 tristitia,

233 1909 411 1975 modo
475 1921 658 1975 metu
724 1910 995 1994 ingenti,
1060 1908 1253 1975 modo
1317 1908 1463 1975 aliis
1528 1910 1726 1975 variis
1787 1908 1995 1976 modis
2041 1930 2161 1975 nos

230 1996 535 2075 adoritur,
605 1995 766 2062 adeo
825 2005 902 2060 ut
959 1995 1085 2062 nisi
1147 1997 1333 2061 firmo
1378 1996 1671 2061 nitamur
1711 1994 2158 2073 fundamento,

229 2082 402 2147 brevi
446 2083 536 2147 sit
581 2102 954 2148 eversurus.
1042 2080 1263 2165 Atque
1306 2078 1546 2148 idcirco
1589 2101 1854 2148 necesse
1898 2091 1998 2148 est
2040 2101 2162 2146 nos

227 2167 538 2233 adversus
584 2168 790 2251 ipsius
832 2180 1106 2234 conatus
1141 2167 1304 2232 bene
1340 2167 1632 2233 munitos
1666 2187 1828 2248 esse,
1870 2176 1937 2232 et
1971 2167 2163 2232 affec·

228 2253 389 2320 tibus
431 2256 742 2319 omnibus
784 2253 960 2319 ultro
1003 2254 1305 2319 resistere
1350 2263 1630 2333 paratos,
1692 2274 1776 2318 ne
1821 2254 1902 2319 ab
1946 2252 2079 2318 illis
2122 2273 2163 2318 a

223 2337 343 2403 Dei
386 2340 573 2405 cultu
614 2349 1009 2418 avertamur,
1054 2348 1121 2404 et
1153 2338 1235 2404 ab
1270 2337 1480 2404 officio
1517 2347 1738 2405 nostro
1772 2339 2158 2405 resiliamus.

223 2426 311 2490 Et
351 2424 432 2490 de
475 2426 629 2493 istis
673 2425 1009 2490 hactenus.

385 2510 740 2577 Caeterum
788 2532 919 2575 non
960 2518 1062 2576 est
1104 2510 1461 2576 verisimile
1502 2509 1771 2577 Saulem
1818 2531 1900 2574 ex
1935 2519 2157 2575 contu·

217 2597 423 2662 macia
480 2597 690 2662 fuisse
747 2595 1061 2662 adversus
1114 2594 1329 2661 Deum
1374 2596 1700 2674 rebellem,
1766 2602 1835 2658 et
1877 2594 2158 2660 oblatam

218 2682 496 2765 gratiam
560 2683 880 2748 reiecisse.
968 2681 1142 2747 Nam
1197 2682 1587 2750 necessitate
1630 2701 1823 2765 quam
1868 2680 1992 2745 sibi
2034 2681 2160 2746 fin-

215 2767 311 2832 xit
353 2768 437 2834 ad
484 2766 994 2834 sacrificandum
1037 2766 1360 2851 impulsus
1404 2777 1540 2833 est:
1584 2777 1650 2832 et
1694 2767 1854 2832 satis
1898 2767 2162 2850 conspi-

215 2873 404 2919 cuum
463 2865 572 2921 est
629 2854 819 2919 illum
877 2853 959 2919 ab
1011 2854 1192 2919 omni
1235 2853 1585 2919 ambitione
1627 2859 1744 2917 aut
1786 2854 2162 2937 arrogantia

213 2939 408 3005 fuisse
451 2941 527 3004 in
582 2940 708 3006 hoc
749 2939 922 3004 facto
966 2939 1276 3018 alienum,
1321 2949 1388 3005 et
1429 2941 1509 3007 ab
1552 2938 1734 3004 omni
1777 2945 2157 3022 contemptu

214 3025 643 3093 sacerdotalis
716 3025 1075 3110 dignitatis,
1150 3033 1223 3089 ut
1276 3034 1429 3091 ante
1486 3024 1789 3091 diximus.
1878 3024 2159 3089 Verum·

214 3118 430 3176 tamen
497 3133 635 3177 non
695 3109 842 3176 ideo
899 3110 1306 3177 excusationi
1349 3110 1527 3178 locus
1570 3112 1693 3195 ipsi
1739 3108 1911 3175 ullus
1950 3109 2161 3177 factus

214 3206 325 3263 est.
416 3196 870 3279 Quamobrem
929 3195 1257 3262 discamus
1312 3197 1582 3262 inutiles
1636 3206 1700 3261 et
1750 3196 1973 3261 irritas
2025 3196 2160 3261 fore

212 3302 424 3350 coram
476 3282 630 3349 Deo
675 3291 932 3348 nostras
976 3302 1203 3348 omnes
1245 3282 1714 3359 excusationes,
1772 3282 1828 3347 si
1873 3300 2161 3363 quacun·

210 3389 333 3450 que
422 3371 703 3434 tandem
777 3368 1029 3433 ratione
1094 3365 1264 3452 quod
1330 3369 1608 3451 ipsemet
1670 3366 2164 3452 praescripserit

209 3454 824 3538 transgrediamur:
886 3474 963 3519 ac
1022 3453 1205 3518 nullo
1250 3463 1592 3538 praetextu
1641 3473 1826 3536 posse
1871 3462 2163 3518 nostram

204 3538 731 3605 inobedientiam
797 3539 934 3624 tegi
990 3538 1163 3622 apud
1225 3540 1462 3604 Deum.
1552 3540 1745 3604 Tanti
1791 3538 1962 3603 enim
2010 3538 2164 3603 facit

206 3623 680 3710 obedientiam,
723 3634 798 3689 ut
833 3645 1046 3708 neque
1080 3625 1352 3701 coelum,
1399 3646 1610 3708 neque
1648 3636 1841 3703 terra,
1879 3645 2014 3690 non
2050 3622 2162 3689 de·

203 3712 403 3794 nique
477 3721 666 3777 totus
740 3710 1029 3776 mundus
1082 3710 1287 3795 possit
1339 3731 1555 3777 coram
1612 3711 1753 3775 Deo
1809 3711 2163 3776 iustificare

201 3796 729 3862 inobedientiam
788 3805 1154 3880 peccantes,
1211 3816 1663 3879 quemcunque
1719 3795 1984 3860 tandem
2041 3815 2160 3879 pro

198 3903 270 3948 se
313 3895 754 3966 praetextum
799 3880 1119 3947 adferant.
1207 3881 1378 3946 Nam
1424 3901 1590 3965 quae
1626 3882 1836 3965 magis
1870 3881 2162 3964 speciosa

351 3980 427 4034 et
470 3969 726 4034 adferri
766 3968 1101 4034 excusatio
1143 3968 1270 4032 ista
1304 3988 1434 4050 qua
1468 3989 1538 4033 se
1573 3965 1744 4051 apud
1783 3964 2159 4033 Samuelem

249 4054 360 4120 aul
423 4055 776 4120 tuebatur:
839 4054 984 4138 Ego
1044 4065 1110 4118 te
1168 4063 1417 4136 septem
1465 4053 1602 4119 dies
1645 4052 2040 4135 exspectavi,
2094 4064 2159 4116 et

194 4148 419 4206 tamen
471 4160 620 4205 non
669 4138 955 4206 venisti?
1045 4138 1224 4220 Quin
1272 4141 1469 4204 etiam
1515 4158 1635 4222 ego
1672 4149 1737 4203 te
1772 4137 2159 4204 decennium

195 4236 726 4310 exspectassem,
808 4225 921 4291 sed
988 4246 1192 4309 quum
1258 4224 1848 4290 animadverterem
1914 4225 2158 4290 sensim

191 4309 393 4378 dilabi
458 4312 900 4396 perterritum
959 4309 1289 4395 populum,
1350 4311 1417 4375 in
1481 4310 1785 4375 maximis
1842 4310 2158 4389 angustiis

192 4396 306 4462 fui.
399 4398 724 4464 Verbum
772 4395 1125 4462 hebraeum
1172 4396 1517 4480 significat,
1561 4396 1857 4462 continui
1896 4416 2023 4473 me,
2085 4404 2159 4460 ut

189 4483 277 4548 sit
310 4506 592 4567 sensus,
629 4481 820 4548 valde
855 4493 1222 4549 coarctatus
1257 4503 1438 4565 sum:
1481 4482 1666 4565 quasi
1703 4481 1962 4558 diceret,
2000 4501 2158 4546 sane

192 4567 487 4636 libenter
555 4569 917 4636 voluissem
961 4590 1095 4634 non
1139 4569 1523 4647 sacrificare,
1579 4587 1788 4651 neque
1833 4566 1914 4631 ad
1959 4568 2156 4633 sacri-

189 4655 540 4723 ficandum
608 4655 782 4738 cogi:
843 4653 956 4720 sed
1015 4674 1217 4736 quum
1262 4673 1572 4736 praesens
1616 4651 1977 4736 periculum
2017 4653 2157 4718 ani-

188 4741 542 4808 madverti
595 4739 807 4806 veluti
849 4750 1212 4806 coarctatus
1256 4758 1404 4803 sum
1450 4751 1518 4803 ct
1558 4739 1628 4803 in
1673 4737 2011 4822 angustias
2054 4758 2157 4803 re·

188 4825 455 4909 dactus,
506 4835 596 4893 ut
641 4825 744 4891 vel
789 4825 1038 4891 invitus
1082 4825 1447 4892 sacrificare
1491 4825 1616 4889 sim
1660 4833 1939 4889 coactus.
2026 4823 2159 4908 Ap-

186 4923 381 4995 paret
428 4933 612 4997 ergo
657 4909 875 4978 Saulis
919 4912 1280 4978 excusatio:
1324 4910 1471 4993 Ego
1515 4919 1582 4974 te
1623 4909 1852 4993 inquit,
1909 4919 2156 4993 septem

186 4997 331 5064 dies
377 5000 584 5064 intra
630 5018 790 5080 quos
835 5008 900 5062 te
942 4998 1333 5081 promiseras
1378 5006 1729 5061 venturum
1766 4997 2159 5079 exspectavi,

183 5094 254 5149 et
310 5086 596 5151 interea
657 5102 894 5169 magno
952 5102 1226 5147 numero
1279 5092 1536 5148 coactos
1580 5082 1802 5147 hostes
1843 5080 2161 5147 adversus

184 5189 295 5234 me
356 5170 506 5237 vidi
557 5170 778 5235 facere
820 5169 1257 5235 incursionem
1299 5178 1367 5234 et
1409 5167 1727 5250 impetum
1772 5176 2034 5251 paratos
2077 5166 2161 5232 ad

182 5276 295 5324 me
375 5253 940 5341 opprimendum:
1017 5253 1333 5337 populum
1400 5274 1558 5320 vero
1622 5263 1849 5320 contra
1914 5261 2162 5320 terrore

2264 537 2587 621 percitum
2651 537 2810 623 fuga
2871 536 2997 603 sibi
3061 556 3375 621 quaerere
3437 539 3736 619 salutem,
3799 560 4000 624 quare
4086 542 4205 612 uid

2265 644 2386 707 ego
2442 623 2516 689 in
2572 623 2679 688 his
2736 623 3056 708 angustiis
3114 622 3460 690 fecissem?
3552 625 3695 711 Ego
3742 645 3896 692 vero
3936 627 4012 692 in
4043 563 4201 697 «boo

2264 730 2484 774 meum
2529 708 2854 774 auxilium
2895 709 3176 792 positum
3220 709 3542 777 sciebam:
3586 732 3661 779 ac
3710 711 3986 794 proinde
4021 734 4060 778 a
4095 735 4202 782 me

2262 793 2721 874 invocandum,
2783 804 2848 858 et
2891 796 2960 859 in
3003 796 3147 861 istis
3188 796 3512 879 angustiis
3554 796 4023 864 consulendum
4067 822 4200 868 non

2264 881 2667 964 ignorabam.
2757 879 2892 945 Sed
2935 882 3076 946 siue
3120 882 3442 949 sacrificio
3486 902 3615 947 non
3662 892 3976 967 poteram.
4063 885 4201 951 Ita·

2263 987 2388 1048 que
2424 966 2808 1032 necessitate
2842 964 2924 1030 ad
2955 966 3452 1033 sacrificandum
3477 966 3744 1034 adactus
3766 989 3944 1035 sum:
3982 970 4200 1038 Deum

2264 1053 2436 1116 enim
2481 1053 2549 1116 in
2594 1051 2738 1118 istis
2774 1050 3267 1119 difficultatibus
3299 1054 3608 1121 invocare
3643 1054 3856 1120 volui:
3902 1055 4201 1141 nihilque

2265 1151 2507 1203 temere
2565 1139 2837 1222 suscepi.
2923 1137 3151 1222 Neque
3205 1139 3380 1204 enim
3424 1139 3592 1204 mihi
3636 1138 3870 1207 licebat
3911 1141 4060 1207 Deo
4101 1143 4201 1209 in-

2263 1223 2558 1290 consulto
2638 1223 2950 1290 adversus
3004 1222 3230 1289 hostes
3286 1225 3508 1308 copias
3565 1224 3800 1291 ducere
3858 1234 3929 1291 et
3980 1227 4200 1314 irrup-

2265 1308 2512 1374 tionem
2557 1309 2628 1375 in
2667 1309 2815 1375 illos
2854 1308 3066 1375 facere
3112 1310 3256 1375 sine
3298 1308 3608 1376 mandato
3656 1311 3901 1392 divino,
3947 1320 4014 1378 et
4055 1315 4200 1380 sine

2263 1396 2716 1461 testificatione
2755 1394 3114 1461 voluntatis
3154 1395 3178 1458 i
3226 1394 3379 1474 sius,
3426 1416 3622 1479 quam
3665 1398 3986 1464 sciscitari
4019 1399 4200 1467 volui

2263 1482 2507 1546 usitata
2563 1480 2838 1559 ratione,
2897 1500 3133 1563 nempe
3276 1488 3344 1546 to
3389 1482 3725 1549 sacrificio.
3814 1483 3921 1549 Ex
3965 1485 4200 1568 quibus

2262 1576 2536 1717 gppatrljet
2590 1564 2857 1717 Sauvlg‘iln
2899 1566 2971 1631 in
3015 1566 3287 1718 illlittisua
3329 1566 3688 1719 ¹2⁰b⁰ffi⁰¹²g
3723 1567 4013 1720 voilluffi
4052 1571 4203 1720 (1))00-

2307 1673 2415 1717 ien
2469 1673 2646 1717 orem
2827 1672 2920 1717 eri
2975 1673 3043 1716 m
3172 1674 3204 1717 s
3308 1674 3372 1717 ui
3432 1673 3582 1718 cum
3692 1675 3801 1720 um
3852 1675 3875 1718 1
4125 1677 4201 1724 eo

2260 1737 2522 1804 obedire
2564 1758 2637 1802 se
2680 1736 3014 1803 simulant.
3105 1673 3305 1804 Sane:1
3324 1757 3456 1802 non
3500 1747 3762 1822 poterat
3802 1739 4048 1806 maiore
4089 1763 4201 1809 ne-

2262 1845 2386 1907 que
2441 1823 2831 1906 speciosiore
2887 1822 3059 1905 apud
3119 1822 3416 1890 homines
3474 1825 3739 1891 virtutis
3798 1826 3990 1892 titulo
4036 1825 4202 1895 Saul

2261 1907 2708 1976 commendari
2787 1929 2984 1992 quam
3062 1929 3266 1992 quum
3341 1919 3490 1994 post
3556 1918 4007 1994 exspectatum
4073 1913 4200 1980 Sa·

2260 1993 2550 2060 muelem
2629 1993 2943 2061 sacrificio
3025 1995 3198 2062 facto
3275 1994 3493 2063 Deum
3560 1998 3917 2063 invocaret.
4025 1997 4200 2065 Nam

2262 2079 2392 2145 nisi
2464 2080 2907 2161 sacrificasset,
2978 2081 3339 2147 multorum
3394 2082 3800 2149 sermonibus
3860 2092 4201 2152 accusatus

2262 2166 2508 2247 fuisset,
2545 2168 2732 2249 quasi
2768 2187 2950 2250 spem
2985 2167 3052 2231 in
3088 2166 3218 2232 Dei
3252 2167 3570 2234 auxilium
3604 2168 3945 2249 simulans,
3978 2178 4201 2237 tamen

2263 2273 2398 2316 non
2465 2251 3015 2318 animadverteret
3055 2252 3279 2319 hostes
3321 2253 3391 2317 in
3436 2254 3728 2337 singulas
3772 2254 3968 2320 horas
4014 2276 4200 2340 posse

2259 2336 2407 2403 illos
2440 2340 2795 2421 imparatos
2829 2337 3119 2422 aggredi,
3162 2347 3232 2406 et
3267 2339 3656 2423 opprimere.
3742 2339 3914 2405 Nam
3947 2341 4022 2406 in
4059 2340 4201 2408 dies

2260 2423 4004 2594 iffifialiffiussoessffiiaffssffimiqffimfflnssffisst
4029 2424 4202 2579 233·

2264 2595 2408 2660 silio
2452 2595 2837 2661 destitutum
2876 2594 2981 2675 iri,
3025 2594 3196 2677 quod
3232 2594 3446 2660 Deum
3484 2595 3611 2662 rite
3646 2617 3780 2661 non
3815 2597 4201 2665 invocasset.

2264 2679 2489 2761 Quare
2555 2701 2688 2746 non
2743 2680 2950 2765 igitur
3004 2678 3365 2746 Dominum
3424 2680 3549 2747 rite
3605 2682 3954 2762 consuluit,
4020 2691 4088 2749 et
4128 2704 4204 2752 os

2264 2767 2468 2849 ipsius
2540 2764 3014 2851 interrogavit?
3103 2764 3324 2846 Quare
3393 2766 3678 2850 ignavus
3722 2766 4019 2833 desedit?
4090 2768 4203 2836 ubi

2264 2852 2549 2936 pristina
2605 2850 2863 2918 virtus?
2948 2850 3107 2917 Istis
3162 2859 3280 2918 aut
3335 2851 3658 2917 similibus
3721 2854 3983 2920 vocibus
4036 2852 4203 2921 Saul

2266 2947 2523 3020 poterat
2580 2958 2619 3001 a
2675 2936 2903 3002 multis
2964 2936 3207 3022 urgeri,
3265 2937 3321 3002 si
3368 2938 3775 3021 perstitisset,
3824 2936 4202 3006 Samuelem

2264 3036 2337 3087 ut
2418 3023 2943 3108 praescripserat,
3021 3030 3435 3107 exspectare:
3520 3045 3596 3090 ac
3659 3023 3930 3107 proinde
3992 3024 4201 3108 ipsius

2264 3109 2594 3175 festinatio
2651 3119 2719 3175 et
2775 3108 3164 3175 sacrificium
3223 3109 3446 3193 magni
3487 3109 3648 3188 fieri,
3707 3109 3790 3175 ab
3835 3110 3915 3175 iis
3959 3110 4069 3194 qui
4113 3124 4198 3177 ex

2263 3215 2418 3262 suae
2453 3196 2722 3260 rationis
2755 3216 2953 3260 sensu
2987 3192 3068 3259 de
3104 3194 3346 3260 divinis
3378 3194 3573 3261 rebus
3607 3191 3898 3261 iudicare
3933 3194 4196 3264 audent.

2264 3280 2395 3349 Sed
2441 3281 2567 3347 hoc
2609 3281 2925 3346 memoria
2967 3279 3321 3346 tenendum
3367 3287 3490 3363 est,
3532 3280 3766 3346 inanes
3800 3300 4025 3347 omnes
4059 3282 4198 3348 fore

2264 3376 2645 3450 praetextus
2698 3376 2768 3430 et
2822 3366 3289 3442 excusationes,
3363 3366 3493 3432 nisi
3547 3366 3942 3432 sententiam
3998 3387 4197 3451 quam

2261 3454 2402 3535 ipse
2445 3452 2631 3517 Deus
2670 3473 2787 3535 per
2826 3449 3204 3520 Samuelem
3248 3451 3405 3518 tulit
3447 3451 3881 3533 attendamus,
3938 3460 4007 3517 et
4048 3472 4196 3519 reos

2260 3538 2399 3604 fore
2479 3559 2737 3622 semper
2811 3538 3258 3603 contumaciae
3333 3544 3400 3602 et
3462 3536 3853 3605 rebellionis.
3940 3536 4199 3622 Ecquid

2264 3625 2439 3689 enim
2497 3622 2762 3691 Saulem
2810 3624 2934 3688 ista
2977 3622 3253 3689 iuvant?
3343 3621 3615 3707 Septem
3660 3622 3796 3688 dies
3840 3622 4200 3691 adventum

2265 3709 2592 3776 Samuelis
2664 3708 3100 3792 praestolatus
3181 3717 3314 3774 est:
3393 3709 3867 3793 praescriptum
3938 3719 4197 3793 tempus

2260 3796 2558 3879 elapsum
2602 3803 2777 3860 erat:
2831 3813 2958 3878 quo
3004 3794 3222 3878 elapso
3267 3791 3531 3860 solenne
3574 3794 3966 3860 sacrificium
4007 3794 4197 3861 fecit:

2259 3881 2531 3947 minime
2591 3880 2849 3964 quidem
2909 3878 3029 3946 sibi
3075 3880 3359 3945 alienum
3405 3901 3646 3946 munus
3688 3899 4023 3964 arrogans,
4077 3901 4194 3946 ne-

2261 3987 2384 4051 que
2438 3986 2515 4031 eo
2568 3966 2737 4031 facto
2790 3967 3068 4065 gratiam
3113 3973 3180 4031 et
3222 3965 3636 4031 autoritatem
3682 3974 4023 4049 quaerens,
4082 3986 4195 4031 ne-

2261 4073 2385 4135 que
2424 4050 2627 4118 stulta
2670 4051 3048 4117 curiositate
3091 4050 3336 4135 aliquid
3380 4073 3418 4117 a
3463 4072 3533 4117 se
3577 4052 3865 4116 alienum
3902 4059 4195 4118 tentans:

2260 4137 2373 4203 sed
2431 4138 2818 4204 necessitate
2874 4135 3209 4203 adductus.
3298 4136 3468 4202 Nam
3529 4136 3816 4220 undique
3870 4139 4196 4202 constrin-

2260 4225 2454 4309 gitur,
2495 4223 2654 4289 inde
2699 4222 2780 4288 ab
2824 4222 3139 4299 hostibus,
3182 4222 3338 4289 hinc
3382 4242 3422 4287 a
3466 4222 3703 4307 populo
3748 4222 3772 4285 i
3854 4242 3963 4286 um
4009 4219 4192 4286 dese-

2259 4319 2467 4376 rente.
2553 4308 2731 4390 Quid
2774 4309 2978 4393 igitur
3021 4306 3130 4374 hic
3173 4318 3329 4393 agat
3370 4309 3590 4388 miser,
3635 4329 3759 4392 quo
3845 4305 4196 4373 consilium

2259 4397 2329 4460 in
2375 4406 2509 4460 tam
2554 4395 2852 4479 angustis
2896 4394 3091 4460 rebus
3134 4393 3231 4459 illi
3275 4393 3600 4478 reliquum
3647 4403 3767 4472 est,
3822 4391 3947 4457 nisi
3992 4400 4064 4455 ut
4109 4389 4195 4458 ad

2258 4482 2473 4547 Deum
2529 4480 2879 4564 confugiat,
2938 4487 3004 4544 et
3058 4479 3379 4545 auxilium
3435 4478 3516 4545 ab
3574 4479 3685 4545 illo
3893 4474 3969 4541 t‘?
4056 4473 4196 4543 Sed

2259 4566 2574 4650 quomodo
2636 4574 2822 4648 petat
2877 4564 3006 4630 nisi
3051 4566 3220 4632 facto
3264 4563 3623 4632 sacrificio?
3777 4582 3932 4628 uare
3974 4560 4193 4628 Deum

2259 4651 2551 4736 requirit,
2609 4660 2677 4718 et
2732 4652 2815 4718 ab
2859 4650 2972 4716 illo
3010 4650 3297 4735 pendere
3339 4660 3408 4716 et
3449 4657 3826 4733 exspectare
3869 4647 4195 4714 auxilium

2257 4759 2329 4804 se
2373 4746 2683 4803 testatur:
2730 4736 3007 4821 denique
3053 4734 3318 4804 Saulem
3365 4736 3611 4801 dixeris
3654 4733 4017 4818 angelicam
4063 4735 4201 4799 vir-

2258 4833 2467 4888 tutem
2532 4824 2639 4888 hic
2691 4844 2847 4907 prae
2903 4845 2974 4889 se
3050 4823 3241 4889 ferre.
3329 4822 3580 4887 Verum
3639 4821 3978 4885 enimvero
4043 4817 4198 4885 licet

2260 4910 2712 4976 excusationes
2768 4918 3022 4975 nostras
3078 4916 3144 4974 et
3194 4907 3398 4973 bonas
3440 4906 3839 4971 intentiones
3884 4902 4195 4988 speciosis

2260 4993 2477 5061 verbis
2538 5004 2801 5061 ornatas
2844 4995 2910 5060 in
2957 4993 3246 5061 medium
3289 4991 3681 5067 adferamus,
3744 4991 3926 5057 Deus
3969 4997 4194 5055 tamen

2261 5101 2392 5146 uno
2434 5082 2632 5148 verbo
2673 5081 3080 5164 pronunciat,
3123 5100 3194 5146 se
3236 5099 3371 5144 non
3414 5086 3835 5161 accepturum
3880 5075 4198 5142 sacrificia

2261 5176 2523 5251 praeter
2579 5167 2786 5252 ipsius
2842 5165 3227 5231 mandatum
3289 5166 3497 5230 facta:
3550 5162 3660 5229 cui
3717 5162 3986 5228 omnino
4046 5181 4198 5226 sen-

2265 5253 2510 5319 tentiae
2566 5260 2666 5320 est
2721 5250 3279 5336 acquiescendum.
3369 5248 3809 5330 Quamobrem
3853 5247 3962 5317 hic
4008 5246 4205 5315 dcce-
