5059 6059
286 361 388 426 565

282 552 502 621 ditionis
572 547 1073 615 obliviscentur:
1154 558 1220 613 et
1298 568 1448 614 sese
1511 558 1823 631 tanquam
1889 569 2044 615 sues
2109 549 2178 614 in

281 640 641 721 voluptatum
687 654 888 700 coeno
933 632 1253 711 volutent,
1303 654 1509 717 eoque
1554 635 1827 701 veniant
1870 636 2179 719 stuporis,

279 739 338 792 ιιι
366 726 410 790 si
451 726 513 787 iu
558 727 950 804 potestatem
993 718 1282 785 hostium
1326 740 1598 786 snorum
1644 722 2002 803 venissent,
2045 741 2179 786 non

277 811 489 897 possint
522 808 770 872 maiore
809 804 894 870 abw
935 805 1096 889 ipsis
1140 805 1308 871 affici
1354 806 1713 890 ignominia
1754 816 1824 871 et
1867 804 2181 873 dedecore

276 917 438 983 quam
479 893 647 977 quod
693 892 820 975 ipsi
862 890 987 956 sibi
1031 900 1392 958 accersunt.
1470 893 1682 957 Tanto
1724 892 1927 975 igitur
1970 892 2182 978 magis

275 981 652 1049 sobrietatem
711 977 921 1043 colere
977 976 1319 1056 debemus,
1378 987 1446 1043 et
1499 978 1652 1045 licet
1707 979 1888 1045 Deus
1948 980 2179 1044 vinum

269 1068 508 1145 crearit,
574 1077 652 1130 ut
715 1064 1123 1128 exhilaretur
1181 1084 1291 1129 cor
1349 1062 1666 1143 hominis,
1734 1064 1905 1129 sicut
1963 1067 2054 1129 ait
2110 1065 2178 1129 in

270 1154 516 1222 Psalmis
597 1150 929 1234 propheta.
1039 1150 1254 1214 Tanta
1330 1151 1506 1215 enim
1587 1161 1689 1215 est
1751 1150 1956 1233 ipsius
2020 1169 2181 1234 erga

266 1261 449 1326 genus
480 1238 844 1303 humanum
882 1233 1240 1301 liberalitas
1280 1247 1357 1302 ιιι
1399 1256 1533 1301 non
1580 1247 1838 1302 tantum
1883 1256 2052 1318 quae
2093 1235 2178 1301 ad

265 1347 470 1410 eorpus
504 1323 811 1389 alendum
847 1319 1205 1399 sufficiunt,
1249 1321 1360 1387 sed
1399 1321 1599 1387 etiam
1635 1342 1801 1405 quae
1841 1323 1928 1387 ad
1971 1322 2177 1388 abun·

265 1411 522 1477 dentiam
584 1419 652 1475 et
690 1407 1171 1474 iucunditatem
1217 1407 1488 1484 faciunt,
1549 1409 1738 1475 nobis
1783 1408 2175 1492 suppeditet,

260 1494 777 1584 quemadmodum
844 1494 1071 1558 vinum
1139 1491 1367 1560 datum
1425 1501 1527 1559 est
1585 1515 1717 1559 non
1777 1502 2036 1559 tantum
2091 1493 2175 1558 ad

257 1605 351 1650 cor
409 1583 771 1647 humanum
837 1578 1373 1655 sustentandum,
1442 1579 1554 1645 sed
1607 1580 1809 1645 etiam
1869 1580 1953 1645 ad
2009 1578 2174 1644 illud

253 1666 749 1736 exhilarandum.
819 1665 954 1730 Nos
989 1665 1212 1747 itaque
1246 1664 1517 1732 modum
1553 1666 1621 1730 iu
1657 1675 1817 1750 potu
1861 1665 2177 1733 adhibere

252 1757 570 1830 discamus,
633 1765 709 1817 ut
752 1750 897 1816 Deo
956 1770 1213 1833 semper
1269 1771 1464 1834 agere
1522 1753 1772 1835 gratias
1832 1753 2175 1834 possimus,

250 1855 308 1906 et
337 1862 414 1906 ne
445 1838 589 1907 cibo
624 1857 703 1904 ac
746 1848 904 1921 potu
948 1838 1042 1902 sic
1086 1837 1459 1914 obruamur,
1506 1849 1580 1902 ut
1622 1838 1835 1903 officio
1879 1835 2175 1904 faciendo

249 1930 434 1992 simus
477 1925 780 2010 impares,
840 1924 981 1988 Deo
1027 1923 1340 1987 nimirum
1387 1944 1549 2007 pure
1594 1923 1976 2000 invocando,
2022 1944 2174 2007 pro·

247 2014 408 2079 ximo
463 2009 885 2077 inserviendo
940 2019 1008 2073 et
1063 2009 1421 2074 vocationis
1483 2020 1746 2075 nostrae
1789 2024 2008 2092 partes
2053 2010 2176 2074 im·

245 2098 480 2182 plendo.
575 2097 875 2178 Denique
922 2116 1005 2159 ne
1049 2093 1349 2160 hilaritas
1392 2103 1461 2159 et
1502 2095 1807 2178 voluptas
1850 2117 2044 2177 quam
2090 2117 2174 2162 ex

245 2188 379 2250 vino
431 2184 748 2268 capimus,
813 2179 941 2248 Dei
1000 2180 1248 2247 cultum
1308 2180 1739 2247 interturbet:
1801 2180 1914 2247 sed
1960 2182 2176 2265 potius

240 2271 476 2336 viribus
539 2269 843 2335 omnibus
912 2268 984 2333 in
1041 2265 1175 2331 Dei
1244 2277 1593 2349 praecepta
1649 2271 1856 2332 simus
1913 2268 2173 2334 intenti.

239 2357 394 2423 Nam
455 2356 511 2421 si
583 2375 702 2419 nos
766 2352 910 2419 cibo
976 2362 1045 2419 et
1107 2361 1267 2436 potu
1333 2352 1427 2417 sic
1485 2353 2044 2437 ingurgitavimus
2103 2362 2177 2419 ut

236 2443 428 2527 inepti
469 2440 828 2507 reddamur
871 2439 953 2503 ad
1001 2439 1214 2504 Deum
1256 2437 1619 2518 colendum,
1663 2440 1836 2506 sicut
1877 2451 2173 2506 nostrum

236 2529 510 2595 officium
547 2526 860 2611 postulat,
901 2536 1152 2590 certum
1185 2535 1288 2589 est
1312 2525 1434 2590 Dei
1469 2524 1642 2590 dona
1678 2544 1844 2606 quae
1879 2527 1946 2590 in
1984 2547 2175 2592 usum

235 2627 526 2681 nostrum
586 2610 773 2677 nobis
828 2620 1238 2677 concesserat
1292 2631 1334 2675 a
1386 2610 1574 2676 nobis
1628 2611 1973 2693 profanari.
2063 2610 2176 2676 Id-

233 2703 397 2766 circo
460 2701 673 2784 igitur
727 2697 884 2762 vino
939 2696 1122 2763 Deus
1181 2696 1353 2762 hanc
1410 2697 1541 2761 vim
1598 2696 1869 2763 indidit:
1932 2707 2010 2763 ut
2064 2716 2176 2762 cor

233 2785 512 2852 hominis
572 2784 918 2860 exhilaret,
976 2781 1090 2848 sed
1146 2782 1654 2864 intemperentia
1710 2791 1780 2847 et
1834 2783 2016 2849 illius
2061 2783 2174 2848 ab·

231 2893 378 2939 usus
443 2881 548 2937 est
611 2869 1076 2942 intolerabilis,
1144 2879 1209 2933 et
1270 2868 1636 2934 vindictam
1699 2868 2073 2951 expostulat
2136 2888 2176 2933 a

233 2959 511 3024 Domino
547 2967 728 3022 terra
761 2957 905 3038 ipsa
946 2954 1133 3038 quasi
1166 2954 1439 3038 sanguis
1481 2954 1689 3036 ipsius
1736 2963 1986 3020 temere
2026 2955 2173 3020 fun·

225 3044 503 3110 deretur.
619 3040 756 3106 Nos
828 3042 1031 3125 igitur
1093 3040 1305 3105 sobrie
1372 3051 1441 3104 et
1507 3053 1953 3123 temperanter
2020 3042 2174 3106 vino

226 3132 631 3213 caeterisque
696 3127 892 3193 rebus
957 3126 1196 3193 creatis
1261 3135 1547 3204 utamur,
1615 3137 1690 3190 ut
1754 3126 1889 3192 illis
1953 3127 2174 3193 satiati

225 3237 426 3282 novas
462 3217 646 3281 vires
681 3213 1075 3295 accipiamus
1114 3211 1196 3277 ad
1244 3222 1508 3277 nostrae
1550 3213 1909 3278 vocationis
1956 3223 2174 3295 partes

223 3302 609 3386 implendas,
654 3311 722 3365 et
755 3299 836 3365 ad
862 3297 992 3364 Dei
1027 3298 1255 3364 laudes
1290 3299 1504 3382 magis
1537 3299 1879 3382 magisque
1925 3299 2178 3382 praedi·-

219 3387 497 3468 eandas,
561 3405 893 3468 novasque
952 3386 1130 3449 vires
1173 3383 1587 3467 accipiendae
1628 3385 1712 3449 ad
1758 3396 2020 3452 nostrae
2068 3406 2175 3450 vo·

220 3476 500 3541 cationis
552 3483 776 3558 partes
824 3470 1239 3537 sustinendas
1286 3489 1669 3552 quocunque
1703 3470 1863 3549 loco,
1905 3481 1974 3536 et
2017 3491 2174 3554 qua·

216 3579 482 3646 cunque
527 3560 783 3624 ratione
807 3557 993 3622 Deus
1036 3557 1319 3633 iusserit,
1366 3566 1790 3640 nostramque
1833 3558 2175 3640 explorare

213 3647 657 3712 obedientiam
717 3644 1018 3709 voiuerit.
1124 3642 1415 3724 Ideoque
1473 3641 1891 3708 meditandae
1945 3645 2175 3710 erebro

215 3744 373 3797 sunt
423 3741 699 3798 sanctae
756 3727 1246 3795 adhortationes
1304 3738 1372 3791 et
1414 3728 1892 3794 admonitiones
1939 3730 2175 3812 quibus

211 3840 250 3883 a
305 3819 476 3883 luxu
539 3827 606 3882 et
665 3815 1170 3898 intemperantia
1226 3815 1530 3879 iubemur
1579 3813 1942 3881 abstinere:
2003 3814 2174 3898 quod

210 3904 341 3970 illis
400 3905 479 3970 in
537 3901 704 3967 vitia
761 3912 828 3967 et
869 3901 1124 3985 flagitia
1165 3900 1378 3966 multa
1421 3898 1858 3981 impellamur.
1948 3899 2173 3980 Quare

205 3991 362 4056 licet
420 3991 614 4055 Deus
676 4007 1146 4069 nonnunquam
1202 3986 1396 4050 faciat
1453 3993 1840 4067 potestatem
1905 3985 2173 4054 liberius

208 4076 508 4154 vivendi,
569 4073 1002 4140 nihilominus
1058 4084 1276 4137 tamen
1336 4090 1470 4136 non
1532 4091 1676 4137 esse
1717 4072 2025 4154 crapulae
2067 4073 2174 4138 in·

200 4162 628 4246 dulgendum
693 4160 979 4225 sciamus
1004 4208 1019 4237 ,
1095 4157 1211 4224 sed
1273 4156 1738 4222 immoderatos
1803 4170 1869 4222 et
1935 4160 2173 4224 intem-

199 4259 529 4331 perantes
581 4247 910 4330 appetitus
967 4265 1109 4310 esse
1153 4240 1559 4321 fraenandos,
1618 4244 1829 4308 Deum
1876 4264 2017 4310 esse
2064 4245 2174 4310 ho-

195 4335 470 4399 minum
553 4332 836 4398 iudicem
901 4351 1033 4396 non
1100 4331 1351 4414 ignari,
1430 4348 1508 4394 ac
1574 4328 1848 4412 proinde
1914 4339 2171 4397 tantum

197 4421 454 4486 vitium
501 4438 640 4484 non
684 4417 967 4482 inultum
1015 4417 1414 4482 relicturum.
1479 4414 1734 4481 Idcirco
1757 4415 2007 4484 Paulus
2052 4438 2173 4483 nos

197 4506 530 4572 hortatur
591 4513 668 4568 ut
722 4505 792 4569 in
849 4504 996 4568 cibo
1054 4513 1122 4568 et
1179 4511 1335 4585 potu
1395 4502 1894 4583 temperantiam
1951 4523 2170 4568 serve-

193 4613 373 4672 mus,
445 4611 545 4656 ne
605 4589 762 4673 quid
804 4610 921 4672 per
964 4589 1199 4654 luxum
1244 4595 1313 4652 et
1353 4586 1780 4652 immoderate
1823 4588 2169 4654 faciamus:

195 4679 380 4762 quod
423 4679 580 4742 istis
613 4675 925 4759 gradibus
961 4676 1042 4741 ad
1079 4673 1350 4758 quaevis
1384 4672 1558 4738 mala
1590 4671 1924 4751 ducamur,
1969 4675 2177 4740 donec

191 4766 438 4847 pravis
514 4764 758 4828 nostris
814 4762 1280 4845 cupiditatibus
1339 4757 1532 4842 plane
1590 4761 1749 4825 satis
1803 4760 2170 4827 fecerimus.

191 4851 402 4915 Licet
463 4849 677 4932 igitur
734 4848 920 4914 Dens
978 4849 1198 4925 nobis,
1270 4865 1419 4911 cum
1476 4845 1838 4928 gratiarnm
1897 4847 2169 4925 actione,

185 4935 564 5003 liberalius
637 4945 702 4999 et
758 4935 1002 5001 lautius
1058 4930 1406 5016 aliquando
1460 4929 1726 4997 vivendi
1780 4941 2168 5014 potestatem

185 5024 426 5102 faciat,
495 5022 692 5086 simul
749 5032 969 5087 tamen
1030 5019 1218 5085 decet
1269 5039 1387 5083 nos
1441 5038 1583 5083 esse
1625 5017 2048 5096 insatiabiles,
2105 5028 2172 5085 et

183 5107 308 5173 nbi
371 5107 864 5188 cupiditatibus
918 5106 1209 5171 habenas
1265 5103 1722 5169 laxaverimus'
1764 5104 1848 5170 ad
1891 5103 2170 5186 quodvis

181 5194 556 5278 flagitium
637 5194 957 5277 proclives
981 5243 996 5270 ,
1078 5202 1145 5257 et
1223 5189 1496 5255 rationis
1561 5189 1778 5255 omnis
1843 5201 2167 5272 expertes.

179 5278 646 5365 Quapropter
701 5278 857 5366 quid
905 5280 1089 5345 Dm
1146 5276 1482 5361 permittat
1535 5275 2028 5355 attendendum,
2087 5295 2171 5341 ne

1539 358 1640 423 IN
1685 359 1740 424 1.
1793 358 1968 425 LIB.
2017 358 2421 425 SAMUEL.
2468 357 2670 425 CAP.
2716 360 2942 428 XXV.

4114 368 4246 435 566

2281 550 2611 631 praefixos
2648 551 2967 616 terminos
3012 550 3531 618 transsiliamus:
3574 550 3691 619 sed
3736 552 4057 620 adversus
4098 573 4247 621 ear-

2282 634 2465 702 nales
2543 633 2933 719 cupiditates
3014 648 3081 700 et
3159 637 3533 720 voluptates
3599 636 4050 724 depugnemus
4072 687 4093 720 ,
4158 662 4244 710 ne

2281 720 2534 785 ratione
2578 719 2858 804 spoliata
2903 729 3127 788 nostra
3172 743 3362 788 mens
3402 742 3448 788 a
3491 743 3657 805 puro
3702 735 3770 790 et
3814 725 4071 792 sincero
4114 726 4243 794 Dei

2279 805 2464 872 cultu
2521 805 2906 889 depellatur.
2999 806 3350 876 Caeterum
3410 809 3606 875 etiam
3669 808 3844 876 istud
3889 810 4244 880 observan-

2282 891 2471 972 dum,
2552 892 2771 957 Deum
2851 894 3003 960 licet
3080 893 3227 960 istis
3290 895 3888 978 intemperantibus
3954 896 4245 967 habenas

2280 977 2565 1044 laxiores
2624 979 2995 1061 permittat,
3053 979 3489 1045 nihilominus
3551 981 3661 1046 ubi
3713 982 4055 1065 crapulam
4125 1005 4242 1051 ex·

2283 1064 2593 1140 halarint,
2653 1085 2801 1129 care
2852 1064 3143 1132 vendere
3202 1065 3803 1148 intemperantiam,
3860 1077 3933 1133 et
3970 1068 4040 1134 in
4086 1087 4241 1136 eum

2280 1159 2616 1233 stuporem
2661 1151 3033 1229 immittere,
3098 1159 3173 1218 ut
3216 1161 3408 1218 extra
3448 1173 3522 1218 se
3550 1171 3715 1218 ’esse
3759 1151 4130 1235 videantur,
4174 1163 4244 1221 et

2281 1237 2474 1319 plane
2509 1236 2798 1303 hebetes.
2865 1236 3008 1303 Nae
3043 1238 3099 1301 si
3144 1257 3409 1320 semper
3448 1238 3706 1304 sobrius
3730 1235 3942 1306 Nabal
3988 1239 4240 1319 fnisset,

2280 1322 2433 1387 licet
2488 1320 2712 1388 audito
2767 1320 2849 1387 ab
2894 1342 3101 1388 uxore
3143 1322 3432 1406 periculo
3465 1323 3537 1392 in
3583 1323 3757 1407 quod
3802 1345 3924 1391 sua
3956 1325 4246 1393 stultitia

2278 1407 2646 1474 inciderat:
2693 1407 3115 1491 perturbatus
3150 1409 3433 1491 quidem,
3474 1429 3610 1474 non
3649 1419 3873 1476 tamen
3909 1411 4244 1480 lethaliter

2281 1494 2553 1559 affectus
2632 1493 2883 1561 fuisset.
2994 1493 3130 1561 Sed
3212 1494 3364 1560 licet
3442 1495 3779 1577 crapulam
3849 1497 4243 1579 exhalasset,

2281 1589 2499 1644 tamen
2564 1578 2784 1645 adhuc
2836 1591 3127 1645 mentem
3188 1580 3493 1648 obrutam
3551 1581 3847 1657 retinuit,
3916 1593 3993 1648 ut
4048 1584 4245 1651 multi

2278 1665 2494 1731 solent
2527 1687 2610 1732 ex
2651 1666 2959 1732 hesterna
2994 1666 3266 1750 crapula
3304 1665 3675 1744 hebescere,
3720 1679 3787 1732 et
3830 1667 3985 1735 licet
4030 1690 4246 1752 neque

2279 1752 2506 1835 lingua
2548 1771 2763 1834 neque
2810 1749 3085 1834 pedibus
3129 1751 3432 1829 titubent,
3492 1763 3779 1819 mentem
3826 1765 4053 1819 tamen
4099 1765 4247 1822 tur-

2281 1837 2499 1902 batam
2536 1837 2841 1915 habeant,
2886 1836 3046 1903 adeo
3083 1848 3161 1902 ut
3195 1838 3416 1904 nullus
3452 1839 3738 1922 amplius
3775 1840 4018 1906 rationi
4058 1840 4246 1908 loeus

2279 1922 2570 2008 reliquus
2613 1923 2716 1999 sit,
2762 1930 2832 1988 et
2874 1923 2998 2006 ipsi
3045 1922 3222 1992 ultro
3267 1923 3811 1992 terriculamenta
3852 1926 4134 2011 fingant,
4179 1937 4247 1992 et

2280 2008 2536 2075 nullum
2594 2007 2941 2074 consilium
2986 2010 3180 2076 malis
3224 2010 3363 2076 suis
3406 2009 3782 2076 admittant.
3871 2008 3985 2078 Sic
4030 2011 4244 2079 Nabal

2278 2095 2506 2161 audite
2565 2094 2645 2160 ab
2696 2114 2903 2161 uxore
2945 2094 3180 2162 nuntio
3226 2096 3500 2162 territus
3544 2095 3977 2164 vehementer
4018 2099 4243 2165 obstu-

2279 2181 2439 2264 puit,
2497 2191 2565 2247 et
2623 2191 2933 2264 tanquam
2974 2180 3304 2263 Marpesia
3347 2189 3572 2248 cautes
3616 2183 3931 2249 constitit.
4019 2183 4246 2265 Quare

2277 2266 2390 2350 qui
2452 2277 2651 2331 antea
2710 2266 3160 2343 insolescebat,
3218 2277 3290 2334 et
3331 2267 3607 2334 obrutus
3654 2269 3810 2334 vino
3857 2280 4248 2352 arroganter

2279 2373 2424 2418 sese
2480 2352 2811 2430 efferebat,
2858 2351 2984 2417 Dei
3042 2373 3245 2418 manu
3302 2353 3627 2431 deiicitur,
3687 2365 3757 2420 et
3816 2352 4134 2422 dedecore
4177 2367 4247 2421 et

2277 2438 2645 2523 ignominia
2684 2438 3004 2504 obruitur.
3081 2438 3263 2506 Hinc
3305 2439 3508 2524 igitur
3549 2438 3982 2508 observemus
4025 2440 4245 2508 sobrie

2278 2535 2814 2608 attemperanter
2851 2524 3176 2607 viventes,
3221 2525 3715 2592 imminentibus
3750 2525 4014 2608 quidem
4052 2528 4247 2594 malis

2283 2611 2553 2676 terreri:
2619 2609 2737 2676 sed
2802 2620 3023 2676 tamen
3092 2629 3226 2676 non
3294 2608 3565 2678 destitui
3632 2611 3890 2677 ratione
3954 2619 4027 2678 et
4082 2633 4246 2679 con·-

2279 2697 2460 2762 silio:
2531 2694 2708 2781 quod
2779 2704 2995 2762 metus
3052 2695 3165 2762 ille
3220 2696 3442 2762 Deum
3503 2698 3843 2780 respiciat,
3905 2718 4034 2781 quo
4089 2698 4245 2765 freti

2281 2804 2465 2867 spem
2542 2802 2673 2847 non
2764 2780 3095 2848 abiiciant.
3207 2783 3459 2849 Contra
3532 2803 3696 2848 vero
3767 2782 4115 2852 helluones
4176 2793 4246 2852 et

2280 2870 2799 2951 intemperanter
2835 2868 3039 2932 vitam
3074 2882 3369 2951 agentes,
3403 2868 3517 2951 qui
3553 2866 3636 2936 ad
3673 2877 3933 2951 tempus
3977 2889 4243 2938 omnem

2282 2954 2763 3020 humanitatem
2839 2954 3100 3019 exuisse
3163 2954 3291 3019 visi
3357 2962 3515 3020 sunt
3568 2963 3890 3036 quantum
3947 2954 4016 3020 in
4076 2955 4244 3038 ipsis

2280 3042 2422 3121 fuit,
2477 3049 2662 3105 tanto
2722 3048 2975 3104 terrore
3026 3040 3506 3115 concutientur,
3564 3060 3767 3122 quum
3821 3036 3903 3104 ad
3949 3040 4241 3124 ipsorum

2282 3126 2642 3194 vindictam
2687 3125 2816 3192 Dei
2859 3144 3096 3191 manus
3140 3124 3549 3203 accelerabit,
3609 3134 3687 3190 ut
3730 3123 3959 3192 nullus
4000 3127 4241 3194 tanoni

2279 3212 2464 3278 locus
2523 3211 2835 3294 supersit:
2897 3220 2963 3276 et
3016 3209 3550 3295 quandoquidem
3606 3231 3734 3278 sua
3791 3211 4110 3278 ebrietate
4170 3213 4237 3278 in

2282 3297 2520 3364 bestias
2577 3296 3034 3364 transformari
3077 3297 3452 3374 voluerunt,
3510 3307 3580 3364 et
3622 3298 3704 3362 ab
3749 3296 3983 3363 officiis
4028 3298 4246 3364 homi-

2278 3405 2440 3451 num
2500 3382 2793 3450 fidelium
2836 3392 3270 3460 recesserunt.
3328 3382 3594 3467 penitus
3638 3383 3837 3448 etiam
3878 3384 3950 3448 in
3998 3383 4243 3452 bestias

2277 3471 2682 3554 degenerent
2729 3469 2852 3534 Dei
2899 3469 3193 3535 vindicta
3235 3470 3409 3552 ipsos
3453 3478 3910 3551 persequente.

2449 3556 2543 3622 Et
2598 3556 2679 3622 de
2735 3554 2885 3622 istis
2939 3555 3293 3622 hactenus:
3354 3575 3705 3638 pergamus
3748 3553 3835 3620 ad
3878 3557 4241 3638 sequeutia,

2275 3643 2345 3707 in
2404 3643 2645 3723 quibus
2691 3640 3007 3710 Nabalem
3058 3642 3237 3708 Deus
3291 3640 3695 3724 percussisse
3740 3638 3982 3708 dieitur
4022 3641 4119 3707 ita
4167 3651 4245 3709 ut

2276 3741 2427 3811 post
2502 3728 2726 3794 decem
2804 3726 2943 3792 dies
3015 3738 3315 3794 mortuus
3370 3727 3481 3792 sit.
3593 3724 3906 3792 Dubitari
3970 3736 4243 3810 poterat

2275 3813 2549 3880 Deusne
2595 3812 2911 3879 voluisset
2956 3811 3268 3878 Nabalem
3314 3812 3569 3895 punire,
3614 3831 3699 3878 an
3743 3833 3900 3892 non,
3945 3814 4071 3879 nisi
4116 3836 4241 3882 no-

2277 3900 2576 3965 minatim
2602 3898 2873 3983 spiritus
2908 3909 3172 3966 sanctus
3208 3897 3363 3964 huic
3397 3898 3787 3966 occurrisset
3821 3897 4243 3979 dubitationi,

2276 3995 2346 4052 et
2379 3986 2664 4052 subitam
2709 3985 2894 4050 illam
2939 4006 3014 4051 ac
3056 3986 3469 4067 repentinam
3517 3992 3792 4050 mortem
3828 4005 3868 4048 a
3892 3984 4039 4051 Deo
4082 4006 4237 4067 pro-

2275 4072 2512 4137 fectam
2580 4072 2798 4150 fuisse,
2864 4081 3175 4153 tanquam
3236 4070 3482 4135 iustam
3551 4070 4004 4153 punitionem,
4070 4070 4241 4138 indi-

2275 4167 2507 4236 casset,
2569 4179 2702 4240 qua
2754 4156 2834 4222 de
2878 4154 3149 4224 Nabalia
3207 4167 3341 4222 tam
3404 4154 3712 4238 snperbia
3745 4167 3812 4220 et
3854 4157 4238 4239 arrogantia

2274 4263 2474 4327 quam
2557 4245 2872 4310 ebrietate
2939 4261 3179 4325 poenas
3246 4242 3504 4310 sumsit.
3614 4240 3787 4306 Nam
3850 4240 3941 4308 ,ad
4004 4250 4236 4308 contu·

2276 4329 2508 4397 melias
2586 4330 2736 4396 illas
2809 4328 3047 4411 quibus
3125 4325 3451 4394 Davidem
3530 4335 3957 4410 provocarat,
4035 4327 4234 4394 etiam

2276 4416 2664 4482 ebrietatem
2721 4415 3066 4498 adiecerat,
3124 4434 3257 4497 qua
3299 4434 3370 4480 se
3414 4411 3731 4480 adversus
3765 4410 3987 4477 Deum
4032 4414 4234 4480 etiam

2275 4503 2621 4567 obfirmare
2688 4501 2860 4566 velle
2918 4498 3283 4567 videbatur.
3388 4498 3530 4564 Nae
3584 4497 3931 4564 hominum
3992 4497 4233 4565 iudicio

2274 4587 2545 4654 Nabalis
2583 4597 2918 4671 peceatum
2962 4606 3091 4652 non
3136 4603 3349 4669 usqne
3391 4582 3554 4650 adeo
3598 4603 3805 4666 grave
3850 4582 4232 4651 videbatur:

2273 4672 2388 4740 sed
2432 4694 2582 4739 eam
2624 4693 2767 4739 esse
2813 4681 3104 4739 nostram
3147 4670 3586 4738 conditionem
3630 4668 3933 4748 sciamus,
3979 4677 4058 4736 ut
4085 4669 4232 4738 Deo

2272 4780 2394 4826 sua
2452 4759 2901 4841 relinquamus
2956 4757 3230 4836 iudicia,
3304 4766 3371 4820 et
3418 4753 3674 4838 placide
3731 4754 3891 4836 ipsis
3949 4754 4231 4822 subscri·

2269 4846 2521 4912 bamus.
2609 4845 2779 4909 Nam
2827 4847 2883 4910 si
2931 4843 3013 4910 ad
3058 4853 3355 4908 nostram
3396 4839 3713 4906 amussim
3760 4851 4029 4922 peccata
4072 4843 4221 4909 exi-

2269 4951 2591 5014 geremus,
2650 4950 2816 5014 quae
2872 4929 3267 5014 gravissima
3323 4925 3574 5010 flagitia
3631 4937 3821 5003 sunt,
3892 4926 4230 4995 levissima

2272 5025 2537 5101 peccata
2573 5017 2937 5082 diceremus
2971 5027 3055 5094 et,
3090 5023 3166 5078 ut
3201 5013 3582 5095 lequuntur,
3616 5011 3920 5079 venialia.
3974 5011 4228 5082 Contra

2270 5123 2428 5170 vero
2486 5122 2654 5185 quae
2710 5102 2881 5168 levia
2939 5109 3112 5176 sunt,
3172 5099 3463 5164 maxima
3505 5097 3891 5188 faceremus.
3978 5098 4082 5164 Ea
4122 5111 4228 5166 est

2270 5190 2448 5254 enim
2517 5188 2791 5254 humani
2857 5184 3106 5271 ingenii
3163 5183 3401 5250 levitas
3466 5192 3531 5248 et
3597 5183 4045 5250 inconstantia
4067 5234 4083 5265 ,
4148 5206 4226 5254 ω

2269 5276 2625 5355 temeritas,
2674 5284 2753 5341 ut
2794 5283 3041 5340 temere
3083 5280 3154 5337 et
3192 5268 3678 5336 inconsiderate
3719 5268 3985 5350 iudicet,
4029 5281 4229 5354 prout
