5059 6059
274 323 390 390 425

1550 324 1653 392 m
1696 325 1753 394 1.
1796 326 1980 394 LIB.
2029 321 2434 394 SAMUEL.
2480 323 2685 394 cAP.
2726 327 2962 396 XXII.

4133 333 4262 399 426

270 535 438 585 vosne
476 514 794 580 constitua
845 514 1125 582 tribunos
1179 522 1237 581 et
1288 514 1725 582 centuriones?
1791 516 1888 582 At
1929 517 1985 581 si
2031 514 2205 600 apud
2312 512 2650 594 bubulcus,
2712 528 2791 581 ut
2848 472 3036 584 nulla
3094 540 3245 604 spes
3300 527 3472 587 esset
3531 540 3743 604 neque
3786 520 4002 604 ipsum
4047 541 4262 605 neque

275 623 338 669 se
404 599 749 686 cogitasset
821 600 996 666 unde
1073 622 1302 687 regum
1381 601 1697 667 autoritas
1776 611 1844 669 et
1921 601 2207 686 dignitas

274 691 365 768 sit,
418 686 499 752 ad
540 684 757 751 Deum
817 707 1023 769 usque
1082 690 1572 768 assurrexisset,
1632 708 1763 770 quo
1818 688 2096 754 faciente
2139 697 2208 753 et

275 780 588 841 aunuente
632 792 826 857 reges
882 782 952 838 et
992 774 1323 856 principes
1367 774 1775 839 dominatum
1819 777 1886 839 in
1930 774 2208 858 populos

273 858 552 926 obtinent
570 908 587 935 ,
645 868 712 923 et
768 859 840 923 in
899 858 1152 924 honore
1207 867 1276 925 et
1332 861 1539 943 pretio
1599 860 1942 926 habentur.
2032 860 2205 925 Nam

272 964 458 1029 quum
492 962 678 1009 sacra
709 946 1036 1028 scriptura
1075 965 1192 1012 nos
1225 943 1547 1023 hortatur,
1584 956 1662 1010 ut
1690 946 1977 1030 regibus,
2021 946 2204 1028 prin·

270 1031 499 1114 cipibus
541 1050 619 1096 ac
676 1029 947 1113 reliquis
1005 1031 1307 1098 omnibus
1361 1029 1861 1115 magistratibus
1902 1032 2204 1098 subiicia-

272 1137 428 1196 mur‚
464 1126 658 1199 atque
696 1115 860 1181 adeo
881 1116 1188 1184 omuibus
1208 1117 1528 1183 iustitiam
1564 1116 2202 1199 administrantibus,

268 1224 390 1270 non
429 1201 601 1268 hanc
658 1222 925 1268 causam
985 1202 1259 1284 subiicit,
1318 1202 1489 1286 quod
1533 1205 1615 1268 ab
1667 1204 1800 1269 illis
1845 1203 2203 1270 honoribus

267 1297 329 1356 et
363 1286 590 1372 opibus
633 1289 860 1373 augeri
905 1290 1246 1370 possimus,
1294 1288 1465 1372 quod
1511 1288 1738 1355 domos
1782 1298 1848 1354 et
1890 1310 2083 1373 agros
2126 1310 2202 1356 ac

267 1375 478 1442 vineae
534 1374 618 1440 ab
682 1374 815 1440 illis
871 1375 1215 1458 consequi:
1281 1375 1397 1441 sed
1455 1375 1629 1458 quod
1685 1376 1871 1441 Deus
1926 1376 2075 1443 illos
2132 1376 2202 1442 in

268 1467 504 1525 tantam
547 1462 975 1526 autoritatem
1018 1471 1084 1526 et
1119 1460 1507 1546 dignitatem
1544 1461 1876 1539 extulerit,
1922 1481 1997 1527 ac
2041 1462 2204 1527 velit

265 1547 427 1630 ipsos
469 1554 787 1630 tanquam
833 1547 1170 1613 ministros
1208 1566 1362 1614 suos
1407 1555 1473 1612 et
1530 1548 1783 1632 legatos
1825 1548 2090 1631 agnosci
2134 1557 2203 1612 et

264 1632 394 1700 coli.
479 1632 612 1699 Hic
666 1634 870 1717 igitur
929 1633 1163 1699 unicus
1218 1654 1451 1716 scopus
1509 1643 1652 1698 est:
1709 1633 1839 1698 Dei
1887 1633 2198 1699 nimirum

264 1716 591 1796 ordinatio,
652 1717 735 1782 ad
781 1739 977 1802 quem
1023 1718 1358 1784 collimare
1400 1718 1695 1785 subditos
1737 1740 1965 1785 omnes
2011 1740 2201 1804 opor-

263 1813 366 1870 tet.
452 1807 675 1887 Atque
730 1804 971 1871 idcirco
1017 1804 1175 1871 dicit
1216 1807 1482 1889 sapiens
1527 1824 1661 1869 non
1705 1827 1861 1871 casu
1905 1805 2011 1872 vel
2066 1805 2203 1871 for·

260 1896 410 1955 tuna
449 1910 639 1975 reges
675 1909 986 1976 regnare:
1031 1890 1146 1957 sed
1181 1890 1400 1957 Deum
1436 1892 1561 1958 hac
1598 1891 1851 1957 ratione
1884 1892 2202 1957 mundum

261 1974 418 2041 velle
463 1976 840 2061 gubernari,
900 1999 985 2041 ne
1042 1977 1338 2043 confusio
1401 1998 1752 2060 rerumque
1794 1978 2202 2061 perturbatio

260 2062 625 2128 societatem
685 2062 1027 2128 hominum
1088 2064 1472 2147 abrumpat:
1536 2063 2086 2147 quemadmodum
2131 2065 2198 2128 in

259 2148 428 2214 libris
470 2147 774 2213 Indicum
822 2149 1221 2214 horrendam
1273 2150 1518 2232 passim
1567 2151 1632 2214 in
1692 2150 2042 2215 israelitico
2086 2170 2198 2232 po·

259 2233 403 2317 pulo
445 2233 903 2300 confusionem
946 2234 1151 2301 fuisse
1196 2233 1513 2312 videmus,
1558 2256 1760 2318 quum
1810 2234 2035 2301 nullus
2079 2257 2198 2301 rex

258 2327 363 2386 aut
401 2319 608 2386 iudex
650 2329 823 2386 esset
865 2322 938 2385 in
985 2321 1213 2387 Israel.
1275 2320 1629 2405 Singulare
1674 2322 1880 2405 igitur
1923 2323 2047 2386 Dei
2096 2322 2202 2387 be-

257 2405 578 2472 nefactum
618 2405 1104 2491 agnoscendum
1129 2415 1250 2487 est,
1294 2428 1497 2491 quum
1540 2408 1738 2472 bonos
1773 2408 2198 2490 magistratus

257 2491 391 2569 dat,
453 2502 527 2557 ut
594 2492 773 2558 ultro
839 2514 958 2559 nos
1025 2493 1233 2576 ipsius
1290 2493 1687 2559 ordinationi
1752 2492 2194 2560 subiiciamus.

257 2577 468 2659 Quare
513 2576 788 2645 Saulem
846 2578 954 2644 hic
1008 2579 1135 2645 sibi
1187 2599 1500 2663 magnam
1553 2580 1816 2645 inurere
1859 2579 2196 2645 infamiam

256 2671 531 2747 apparet,
592 2673 659 2729 et
716 2663 797 2730 de
856 2686 975 2730 sua
1032 2663 1351 2749 dignitate
1407 2674 1474 2731 et
1518 2665 1870 2730 autoritate
1914 2665 2194 2731 multum

257 2749 626 2816 detrahere:
674 2771 875 2834 quum
921 2770 1230 2836 agrorum
1276 2761 1343 2816 et
1387 2753 1750 2828 vinearum,
1799 2759 1865 2814 et
1909 2752 2197 2836 dignita·

237 2844 387 2900 .tum
446 2838 813 2903 aulicarum
868 2837 1274 2903 mentionem
1330 2838 1502 2917 facit,
1561 2857 1840 2920 quorum
1900 2837 2192 2903 omnium

257 2921 594 3006 largitione
639 2932 896 2987 tantum
941 2925 1064 2989 sibi
1109 2922 1449 2990 devinctos
1504 2923 1846 2988 ministros
1891 2943 2044 2989 suos
2089 2944 2192 2988 ar-

255 3007 545 3091 bitratur,
603 3017 673 3074 et
716 3029 862 3074 eam
906 3007 988 3074 ob
1031 3030 1299 3075 causam
1345 3011 1427 3075 ab
1470 3009 1630 3093 ipsis
1672 3009 1982 3075 honorari
2025 3009 2193 3074 vult.

254 3092 417 3159 Nam
459 3094 788 3178 quomodo
832 3116 1111 3179 regnum
1155 3095 1363 3179 ipsius
1395 3105 1532 3161 tam
1576 3115 1932 3179 paucorum
1980 3094 2193 3160 homi-

255 3200 404 3245 num
449 3182 576 3247 sibi
622 3180 816 3246 donis
861 3189 929 3247 et
972 3181 1433 3265 largitionibus
1476 3180 1931 3248 devinctorum
1973 3182 2193 3265 gratia

255 3266 682 3334 consisteret?
751 3268 894 3332 Nae
938 3269 996 3333 si
1041 3269 1190 3351 quis
1243 3268 1491 3351 regiam
1539 3268 1962 3333 autoritatem
2007 3277 2196 3350 putat

254 3372 319 3418 se
372 3374 566 3436 posse
623 3355 910 3419 retinere
968 3354 1096 3419 sibi
1153 3355 1448 3439 triginta,
1508 3354 1613 3419 vel
1665 3354 2030 3436 sexaginta,
2089 3353 2193 3418 vel

256 3438 523 3521 denique
589 3451 855 3506 centum
914 3441 1295 3506 hominibus
1355 3440 1546 3506 donis
1603 3449 1670 3505 et
1729 3438 2191 3524 largitionibus

254 3525 591 3606 devinctis,
650 3526 1078 3592 vehementer
1135 3526 1418 3593 fallitur:
1485 3525 1808 3609 siquidem
1868 3526 1938 3590 in
1998 3526 2195 3609 longe

254 3612 536 3696 plurium
576 3612 801 3678 odium
845 3628 911 3676 et
963 3612 1489 3678 malevolentiam
1533 3612 1828 3690 incurrit,
1877 3632 2040 3696 quos
2082 3611 2195 3677 bo-

254 3700 353 3763 nis
394 3699 724 3782 spoliavit,
771 3699 872 3763 vel
912 3698 1163 3764 duriter
1198 3699 1524 3777 tractavit,
1570 3708 1645 3763 ut
1689 3698 2023 3764 famelicos
2047 3698 2195 3763 illos

254 3784 562 3867 expleret,
608 3794 677 3849 et
720 3785 1000 3850 aliorum
1046 3786 1277 3868 opibus
1313 3796 1628 3869 tanquam
1666 3805 1895 3867 porcos
1931 3784 2195 3867 sagina-

255 3881 366 3936 ret.
412 3870 550 3938 Sed
595 3879 752 3942 esto.
799 3871 1163 3936 satisfaciat
1204 3871 1526 3944 omnibus,
1574 3870 1735 3935 alios
1778 3867 1863 3935 ad
1907 3869 2193 3953 dignita-

256 3967 350 4021 tes
402 3957 667 4034 evehat,
725 3957 889 4022 alios
947 3957 1306 4023 benefactis
1361 3957 1665 4036 cumulet,
1724 3956 1911 4020 nullo
1970 3967 2192 4021 tamen

256 4044 434 4108 firmo
492 4043 925 4109 fundamento
984 4065 1265 4126 regnum
1329 4045 1537 4128 ipsius
1597 4041 1999 4121 stabilietur,
2064 4041 2193 4107 nisi

254 4129 388 4194 Deo
432 4131 702 4194 nitatur.
794 4129 973 4210 Quin
1021 4131 1217 4195 etiam
1265 4132 1320 4195 si
1382 4131 1530 4214 quis
1574 4150 1693 4193 rex
1737 4137 1852 4192 aut
1886 4129 2191 4211 princeps

251 4213 458 4281 Deum
503 4223 938 4300 protectorem
985 4226 1053 4281 et
1095 4215 1499 4281 defensorem
1546 4215 1788 4279 habere
1832 4216 2031 4296 cupit,
2077 4213 2191 4278 ad-

253 4313 553 4367 monetur
617 4304 685 4366 in
753 4302 954 4368 sacris
1019 4313 1097 4367 ut
1153 4302 1460 4385 pietatem
1516 4309 1582 4366 et
1647 4302 2062 4368 clementiam
2123 4301 2191 4364 in

255 4389 478 4470 primis
524 4397 830 4453 sectetur.
920 4388 1064 4453 Hac
1109 4388 1283 4452 enim
1346 4389 1597 4452 ratione
1645 4408 1873 4471 regum
1919 4387 2082 4451 solia
2126 4395 2193 4451 et

248 4483 501 4557 sceptra
547 4474 924 4540 confirmari
973 4474 1162 4539 docet
1207 4473 1540 4540 Solomon.
1593 4472 2039 4554 Quamobrem
2086 4474 2186 4537 in-

249 4562 385 4625 sani
449 4559 739 4624 hominis
793 4580 986 4626 voces
1041 4561 1243 4626 fuisse
1302 4581 1734 4644 agnoscamus
1793 4559 1910 4623 illa
1970 4557 2191 4624 Saulis

248 4646 473 4711 verba:
537 4645 834 4711 Dav-idne
887 4645 1060 4711 vobis
1118 4667 1332 4730 ayros,
1390 4652 1504 4711 aut
1556 4647 1773 4711 vineas
1830 4645 2020 4724 dabit,
2080 4650 2191 4710 aut

249 4731 528 4798 tribunos
571 4753 646 4798 ac
688 4732 1071 4797 centuriones
1102 4732 1347 4813 faciet?
1394 4732 1626 4814 Neque
1671 4732 1847 4796 enim
1895 4732 1960 4794 in
2003 4752 2186 4795 men-

249 4825 374 4882 tem
433 4817 561 4900 ipsi
617 4819 806 4883 venit
871 4820 1091 4883 unctio
1144 4840 1339 4900 quam
1409 4819 1634 4885 divino
1697 4816 2007 4881 mandato
2073 4837 2189 4899 per

251 4902 624 4969 Samuelem
670 4912 1047 4988 acceperat:
1105 4925 1232 4988 qua
1289 4906 1356 4969 in
1403 4926 1475 4969 re
1533 4925 1718 4970 suam
1764 4902 2186 4987 ingratitudi-

249 5011 388 5054 nem
428 4991 664 5074 prodit.
711 4989 885 5055 Nam
915 5011 1044 5054 non
1092 4990 1316 5073 procul
1363 4992 1612 5074 gratiae
1647 4989 1774 5054 Dei
1812 4989 2185 5073 exemplum

249 5075 366 5157 ipsi
429 5076 875 5160 quaerendum
935 5087 1095 5152 erat,
1156 5075 1330 5157 quod
1377 5079 1446 5141 in
1507 5099 1577 5142 se
1628 5085 1762 5140 tam
1824 5076 2073 5140 clarum
2123 5086 2188 5139 ct

249 5164 666 5245 perspicuum
712 5163 1034 5228 exstabat.
1096 5161 1268 5226 Nam
1314 5163 1575 5245 quando
1622 5161 1953 5228 Samuelis
1999 5161 2187 5226 mini-

247 5249 440 5313 sterio
500 5250 711 5315 fuerat
768 5271 888 5314 rex
944 5247 1372 5333 designatus?
1439 5248 1676 5314 Nonne
1718 5248 2004 5314 rusticus
2047 5257 2189 5314 erat

2311 599 2522 666 ullum
2582 620 2667 666 ex
2724 602 2933 686 ipsius
2989 626 3282 689 unquam
3339 614 3537 692 gente
3596 615 3664 671 et
3716 607 3967 672 familia
4011 607 4259 691 regiam

2312 686 2705 770 dignitatem
2750 691 3310 772 assequuturum?
3358 691 3510 773 Qua
3552 691 3775 777 igitur,
3820 693 4107 768 obsecro,
4154 714 4260 759 ra-

2309 773 2486 837 tione
2508 779 2726 856 potest
2744 774 2909 842 illud
2932 777 3308 845 hominibus
3331 777 3701 844 ascribere?
3737 778 3980 844 Nonne
4001 779 4261 862 conspi-

2309 880 2505 925 cuum
2572 857 2701 924 Dei
2766 860 3191 946 beneficium,
3256 871 3325 930 et
3384 884 3548 948 opus
3613 862 4260 930 extraordinarium?

2310 945 2514 1028 Atqui
2562 944 2670 1010 hic
2704 955 2925 1012 tamen
2959 956 3221 1015 tantum
3258 970 3595 1035 agrorum,
3640 951 4002 1030 vinearum,
4048 949 4261 1034 digni·

2308 1039 2522 1095 tatum
2566 1032 2887 1111 meminit,
2932 1034 3123 1118 quasi
3167 1037 3295 1102 Dei
3339 1036 3703 1102 bonitatem
3749 1056 4086 1121 nunquam
4133 1036 4261 1102 nisi

2306 1114 2650 1182 hominum
2693 1118 3012 1187 beneficio
3071 1121 3304 1188 fuisset
3346 1131 3677 1204 expertus,
3740 1131 3805 1187 et
3849 1142 4074 1188 eorum
4121 1122 4262 1204 qui-

2307 1201 2455 1268 dem
2502 1222 2666 1285 quos
2711 1202 3069 1273 benefactis
3113 1207 3238 1274 sibi
3284 1206 3693 1275 devinxerat.
3770 1206 3905 1274 Sed
3950 1208 4007 1274 si
4052 1208 4263 1272 homi-

2305 1308 2466 1353 num
2535 1288 2623 1353 ali
2670 1308 2822 1354 uam
2889 1292 3283 1360 instituisset
3348 1294 3797 1373 collationem,
3877 1293 3982 1359 cui
4046 1295 4261 1378 magis

2305 1394 2570 1458 quaes0,
2661 1375 2964 1443 evinctus
2997 1389 3159 1456 erat,
3206 1387 3273 1444 et
3306 1380 3733 1445 multitudine
3768 1379 4255 1445 benefactorum

2305 1459 2639 1545 obligatus
2682 1481 2878 1545 quam
2923 1462 3221 1531 Davidi?
3280 1465 3453 1531 Nam
3500 1467 3650 1550 quis
3689 1466 3897 1530 vitam
3944 1466 4148 1549 ipsius
4192 1475 4260 1531 et

2305 1545 2612 1613 fortunas
2658 1551 2975 1626 servavit,
3036 1551 3162 1616 nisi
3209 1550 3483 1617 David?
3553 1555 3664 1618 An
3723 1551 3820 1616 illi
3864 1572 4022 1617 vero
4066 1561 4261 1617 antea

2307 1630 2537 1698 vineas
2581 1640 2647 1697 et
2690 1653 2883 1717 agros
2920 1634 3190 1703 dederat
3230 1637 3301 1702 in
3338 1637 3726 1716 mercedem,
3770 1657 3901 1720 qua
3934 1636 4260 1721 impulsus

2305 1719 2448 1802 regi
2505 1716 2766 1784 fidelem
2825 1741 2863 1786 o
2913 1743 3093 1787 eram
3154 1722 3530 1806 praestitit?
3588 1721 3814 1805 Quum
3875 1724 4084 1808 igitur
4123 1724 4256 1789 iam

2308 1803 2795 1872 animadvertat
2936 1809 2993 1874 ei
3064 1810 3376 1875 mandato
3446 1809 3777 1876 Davidem
3839 1829 3880 1874 a
3943 1808 4256 1874 Samuele

2306 1910 2530 1975 regem
2578 1890 2991 1975 designatum
3042 1904 3109 1959 et
3153 1905 3443 1975 unctum,
3487 1916 3705 1961 nonne
3741 1893 3966 1961 debuit
4000 1914 4256 1960 sacram

2306 1975 2489 2052 illam
2536 1976 2910 2043 unctionem
2958 1978 3253 2062 adorare,
3296 1989 3363 2045 et
3400 2001 3808 2064 cognoscere,
3854 1979 4258 2064 quandoqui-

2307 2061 2453 2127 dem
2516 2061 2695 2129 illius
2763 2064 3024 2131 decreto
3082 2067 3257 2133 facta
3315 2074 3437 2148 est,
3495 2068 3607 2150 qui
3666 2075 3990 2132 terrarum
4033 2064 4257 2132 orbem

2305 2150 2687 2216 universum
2735 2151 2924 2234 regit,
2986 2159 3054 2217 et
3095 2150 3396 2218 homines
3438 2152 3627 2238 eligit
3666 2172 3831 2235 quos
3874 2152 4254 2218 nationibus

2306 2235 2658 2317 praeficiat,
2704 2236 3032 2301 voluntati
3070 2237 3250 2304 illius
3283 2260 3419 2303 non
3457 2259 3601 2305 esse
3636 2237 3760 2303 sibi
3794 2237 4250 2316 resistendum,

2305 2322 2415 2385 sed
2463 2320 2638 2385 ultro
2681 2324 2899 2404 potius
2954 2324 3547 2408 acquiescendum?
3607 2324 3803 2390 Hanc
3853 2323 3933 2389 ob
3987 2343 4254 2389 causam

2304 2409 2636 2490 scriptura
2672 2407 2846 2484 dicit,
2892 2410 3218 2493 principes
3256 2432 3331 2477 ac
3368 2430 3556 2494 reges
3592 2410 3662 2474 in
3688 2410 3815 2475 Dei
3848 2430 4048 2474 manu
4088 2429 4251 2488 esse,

2303 2502 2373 2558 et
2416 2494 2592 2576 ipsos
2631 2513 2670 2557 a
2713 2491 3002 2560 Domino
3055 2506 3308 2561 tantam
3364 2506 3676 2580 quantam
3720 2496 4005 2562 voluerit
4046 2493 4252 2559 domi-

2304 2581 2634 2643 nationem
2682 2581 2936 2644 sortiri:
3003 2582 3177 2664 quod
3239 2582 3307 2646 in
3353 2581 3549 2648 unius
3589 2581 3717 2647 Dei
3776 2590 4099 2665 potestate
4144 2580 4254 2645 do-

2303 2665 2696 2730 minationes
2739 2677 2805 2729 et
2850 2687 3054 2749 regna
3086 2670 3298 2750 posita
3340 2669 3491 2734 sint.
3553 2665 3779 2749 Quare
3814 2677 3999 2732 tanto
4042 2666 4253 2751 magis

2304 2770 2445 2815 sese
2492 2750 2797 2835 ingratus
2841 2751 3066 2818 Saulis
3124 2754 3387 2818 animus
3430 2755 3554 2820 hac
3599 2755 3664 2819 in
3711 2763 3900 2838 parte
3943 2753 4253 2836 patefacit

2303 2837 2413 2920 qui
2448 2856 2718 2901 suorum
2754 2857 3095 2905 servorum
3132 2839 3516 2904 fidelitatem
3553 2839 3690 2905 sola
3727 2840 4254 2922 compensatione

2303 2921 2590 2988 metitur.
2652 2922 2786 2988 Sed
2826 2922 3019 3004 unde,
3064 2945 3327 3010 quaeso,
3376 2923 3536 2992 Saul
3577 2935 3674 2989 tot
3705 2946 3898 3010 agros
3937 2933 4005 2988 et
4025 2927 4253 2988 vineas

2302 3006 2606 3089 habebat,
2666 3010 2799 3075 nisi
2858 3031 2942 3076 ex
2987 3009 3416 3097 vectigabilus
3473 3021 3541 3075 et
3586 3010 3852 3075 tributis
3909 3030 4075 3093 quae
4131 3028 4250 3092 po-

2298 3094 2453 3178 pulo
2496 3094 2921 3179 imponebat?
2967 3098 3062 3161 At
3102 3119 3236 3163 non
3272 3096 3389 3162 illa
3432 3095 3805 3163 conditione
3840 3114 3959 3160 rex
4003 3094 4248 3161 electus

2298 3180 2531 3245 fuerat.
2580 3181 2764 3246 Deus
2809 3181 3072 3264 quidem
3117 3202 3273 3248 sane
3318 3181 3633 3267 populum
3679 3201 3902 3266 regem
3946 3181 4251 3264 flagitan-

2297 3274 2429 3330 tem
2479 3277 2996 3349 praemonuerat,
3054 3267 3197 3333 fore
3254 3279 3330 3334 ut
3386 3290 3502 3334 rex
3550 3288 3744 3352 agros
3787 3276 3854 3332 et
3898 3267 4251 3350 possessio-

2299 3372 2416 3416 nes
2460 3352 2619 3435 ipsis
2663 3352 3001 3433 adimeret,
3046 3375 3207 3439 quas
3238 3354 3609 3420 domesticis
3644 3355 3780 3420 suis
3814 3352 4019 3417 daret.
4067 3351 4250 3433 Quin

2297 3439 2430 3502 imo
2473 3458 2697 3521 regem
2759 3439 2975 3522 aliqua
3021 3442 3088 3506 vi
3151 3441 3390 3506 liberos
3450 3441 3743 3523 ipsorum
3802 3448 4246 3521 accepturum,

2296 3544 2462 3608 quos
2505 3523 2786 3590 famulos
2828 3538 2895 3590 et
2938 3547 3165 3593 servos
3208 3546 3363 3592 suos
3408 3526 3854 3592 constitueret.
3898 3524 4073 3589 Fore
4107 3524 4250 3607 qui-

2298 3612 2446 3675 dem
2491 3609 2687 3687 istud,
2732 3611 3039 3694 inquam,
3102 3613 3287 3677 Deus
3332 3611 3769 3695 praedixerat,
3814 3620 3885 3675 at
3928 3631 4061 3674 non
4107 3608 4253 3675 ideo

2295 3703 2517 3761 tamen
2549 3695 2743 3763 Sauli
2787 3698 3199 3780 tyrannidem
3246 3698 3427 3763 illam
3473 3696 3825 3762 exercendi
3859 3705 4251 3779 potestatem

2298 3781 2560 3847 fecerat.
2642 3782 2812 3847 Nam
2872 3805 3059 3868 reges
3119 3794 3504 3866 acceperant
3562 3805 3603 3849 a
3668 3784 3857 3849 Mose
3923 3783 4080 3865 quid
4149 3783 4250 3847 sui

2297 3868 2495 3948 officii
2540 3877 2733 3944 esset,
2778 3870 2946 3951 quod
2993 3871 3433 3936 monumentis
3478 3871 3616 3935 suis
3661 3869 4100 3952 perscriptum
4146 3889 4250 3933 re-

2296 3954 2601 4037 liquerat.
2687 3955 2840 4020 Rex
2893 3958 3106 4035 enim‚
3165 3956 3383 4038 inquit
3436 3955 3683 4032 Moses,
3743 3977 3875 4020 non
3935 3955 4249 4019 efferetur

2296 4060 2495 4122 supra
2541 4042 2807 4124 fratres;
2865 4040 3198 4107 modestus
3255 4050 3325 4106 et
3380 4040 3712 4106 humanus
3757 4043 3883 4105 erit
3927 4061 4086 4124 erga
4129 4059 4247 4122 po·

2296 4127 2567 4210 pulum:
2625 4127 2806 4191 intra
2859 4126 3106 4193 limites
3165 4147 3307 4192 sese
3367 4127 3761 4207 continebit,
3820 4148 3903 4191 ne
3966 4124 4247 4208 populus

2295 4212 2727 4295 opprimatur.
2809 4212 3047 4277 Nonne
3090 4212 3254 4279 Saul
3311 4213 3378 4276 in
3426 4216 3672 4297 regiam
3720 4221 3985 4277 evectus
4029 4209 4244 4292 digni·

2298 4307 2530 4375 tatem,
2593 4299 2708 4363 illa
2772 4311 3120 4382 praecepta
3177 4297 3451 4364 Domini
3515 4299 3817 4364 meditari
3882 4293 4239 4360 debuerat?

2295 4384 2438 4449 Nae
2497 4405 2703 4466 quum
2764 4384 3081 4450 adversus
3140 4385 3254 4449 illa
3311 4395 3558 4468 peccat,
3614 4386 3684 4448 in
3744 4383 3959 4447 Deum
4020 4382 4235 4463 ipsum

2294 4481 2395 4534 est
2472 4470 3004 4549 contumeliosus,
3071 4483 3138 4535 et
3194 4472 3379 4553 quasi
3439 4470 3658 4534 Deum
3727 4469 3898 4532 ultro
3960 4466 4238 4546 lacessit,

2294 4576 2497 4639 quum
2560 4558 2651 4621 ait
2709 4578 2779 4622 se
2840 4577 3049 4640 agros,
3116 4558 3359 4633 vineae,
3419 4567 3485 4620 et
3530 4555 3743 4619 varias
3798 4554 4240 4637 possessiones

2294 4641 2553 4717 habere,
2593 4643 2828 4725 quibus
2862 4664 2970 4706 eos
3004 4646 3113 4726 qui
3158 4644 3284 4709 sibi
3320 4642 3576 4706 fidelem
3614 4640 4066 4723 praestiterint
4083 4658 4239 4720 ope-

2291 4748 2432 4792 ram
2477 4741 2956 4794 remuneretur.
3039 4728 3216 4795 Sane
3260 4727 3577 4812 gloriatur
3618 4726 3844 4790 multis
3880 4724 4127 4808 rapinis
4171 4734 4240 4789 et

2292 4813 2771 4897 direptionibus
2828 4815 3084 4898 populi:
3155 4825 3224 4878 et
3279 4833 3477 4895 quum
3536 4812 3925 4876 miserarum
3989 4811 4238 4888 ovium,

2290 4921 2566 4983 quarum
2628 4911 2849 4984 pastor
2907 4922 3048 4966 esse
3108 4897 3408 4972 debebat,
3473 4897 3640 4980 pelle
3695 4897 4026 4979 detracta,
4087 4917 4240 4961 suos

2291 4987 2403 5069 qui
2427 4987 2552 5069 ipsi
2598 4988 2984 5068 placuerint,
3020 4986 3263 5051 vestire
3310 4983 3471 5054 vult,
3520 4982 3803 5048 ostendit
3848 5005 3916 5048 se
3960 5003 4239 5064 regnum

2292 5093 2483 5137 suum
2544 5073 2613 5136 in
2690 5094 2939 5137 meram
3016 5069 3434 5154 tyrannidem
3493 5070 3928 5149 convertisse,
3996 5083 4060 5132 et
4118 5088 4240 5151 pro

2291 5177 2452 5224 cura
2509 5159 2855 5241 pastorali,
2916 5158 3243 5222 lanienam
3305 5155 3658 5239 invexisse,
3716 5155 3904 5221 cuius
3961 5156 4098 5238 ipse
4154 5156 4241 5218 sit

2291 5243 2445 5322 dux,
2485 5246 2716 5328 reliqui
2767 5266 2922 5312 vero
2967 5255 3275 5326 tanquam
3324 5242 3613 5307 latrones
3656 5243 3934 5325 praedae
3979 5241 4239 5305 inhian-
