5059 6059
275 340 345 407 ‘13
1541 345 1640 411 IN
1681 345 1737 411 1.
1782 345 1965 413 LIB.
2009 344 2412 414 SAMUEL.
2457 344 2657 413 GAP.
2701 345 2893 411 XIV.
4130 348 4216 415 74

270 550 464 684 tamesi
506 531 706 682 inhea
760 531 1013 616 flagitia
1054 529 1369 598 labantur
1412 554 1576 617 quae
1620 542 1828 600 morte
1873 534 2007 601 sint
2050 555 2167 600 ex-

305 620 404 685 ian
446 638 515 684 a:
600 617 722 686 'cet

271 642 390 772 iies.
473 707 564 770 At
622 704 896 788 populus
940 703 1020 769 de
1077 704 1272 770 rebus
1327 703 1502 771 inter
1556 727 1626 772 se
1670 707 2030 773 coniunctis
2073 706 2168 771 lo·

270 791 498 877 quitur:
581 791 836 872 quaerit
899 791 1078 855 enim
1143 810 1345 873 quare
1410 791 1520 876 qui
1583 793 1822 877 populo
1889 792 2168 858 salutem

268 876 467 943 attulit
523 887 885 942 moreretur
941 877 1023 941 ob
1082 884 1418 960 gustatum
1479 880 1894 945 extremitate
1951 878 2169 945 baculi

266 982 478 1114 garum
515 961 772 1027 mellis?
818 961 987 1027 Nam
1011 961 1327 1046 quomodo
1361 962 1429 1027 id
1451 963 1548 1028 illi
1570 963 1890 1048 contigit?
1933 964 2170 1030 Nonne

309 1070 404 1114 um
442 1048 658 1114 hostes
694 1049 835 1114 inse
878 1047 1077 1125 uitur,
1123 1055 1190 1112 et
1220 1048 1361 1132 ipse
1384 1047 1519 1115 dux
1559 1048 1704 1116 aliis
1727 1072 1845 1117 suo
1870 1049 2168 1134 exemplo

268 1133 338 1200 ad
378 1131 809 1219 profligandos
901 1142 1072 1199 ostes
1115 1133 1370 1200 animos
1415 1135 1702 1201 addens?
1749 1135 2050 1219 Denique
2096 1144 2170 1201 ut

267 1218 379 1286 Dei
431 1220 813 1286 vexillarius
856 1228 922 1285 et
963 1219 1233 1304 signifer
1275 1219 1506 1286 mediis
1549 1243 1619 1287 se
1661 1220 1956 1289 hostibus
1998 1222 2165 1287 infe-

265 1303 438 1372 rens?
522 1305 667 1371 Nae
709 1305 892 1371 Deus
946 1303 1278 1370 hominem
1336 1305 1524 1372 illum
1573 1307 1850 1390 impulit,
1905 1309 2166 1391 vimque

266 1411 430 1457 suam
470 1390 542 1456 iu
585 1391 699 1456 illo
766 1390 1072 1471 exseruit,
1137 1402 1248 1456 tan
1296 1413 1448 1457 uam
1514 1394 1570 1458 si
1637 1413 1835 1458 manu
1899 1394 2165 1478 propria

267 1474 556 1542 duxisset.
601 1477 807 1543 Porro
841 1476 1000 1542 dum
1020 1475 1176 1542 facit
1210 1497 1249 1541 o
1324 1478 1516 1558 cium,
1559 1479 1899 1562 Deumque
1934 1478 2165 1547 ducem

264 1563 553 1646 sequitur,
616 1583 846 1646 parum
911 1561 1124 1627 mellis
1191 1560 1595 1648 degustavit:
1677 1585 1886 1649 neque
1953 1564 2016 1630 id
2081 1584 2163 1631 ex

263 1649 491 1715 malitia
551 1658 665 1714 aut
721 1650 1126 1716 contumacia
1168 1647 1342 1715 fecit.
1430 1648 1651 1730 Quare
1695 1671 1822 1717 non
1870 1650 2166 1734 peccavit

262 1733 559 1801 adversus
620 1753 872 1820 regem:
933 1733 1061 1800 nisi
1118 1733 1283 1799 forte
1337 1736 1595 1802 crimini
1657 1735 1752 1800 illi
1796 1737 2165 1820 ignorantia

263 1820 437 1886 edicti
494 1830 806 1887 vertatur.
893 1819 1333 1903 Quamobrem
1402 1822 1456 1888 si
1523 1822 1738 1905 capite
1799 1823 2162 1905 puniretur,

262 1926 462 1972 nonne
501 1906 577 1971 in
622 1904 866 1972 Deum·
895 1909 1111 1990 ipsum
1154 1925 1444 1974 essemus
1486 1906 1724 1983 iniurii.
1780 1916 1846 1975 et
1933 1908 2163 1974 ratiam

258 1992 440 2076 ipsius
496 2013 691 2076 quam
736 1994 805 2058 in
853 1991 1217 2058 Ionathano
1276 1993 1581 2075 patefecit
1628 1992 1813 2061 nobis
1859 2013 1896 2055 ο
1943 2015 2160 2061 scura··

259 2077 501 2144 remus?
594 2077 769 2143 Hinc
825 2077 1135 2144 discimus
1191 2076 1525 2162 sigillatim
1581 2080 1751 2145 facta
1794 2080 2165 2164 expendere

257 2184 402 2247 quae
460 2165 731 2229 veniunt
774 2165 842 2228 in
887 2164 1413 2242 controversiam,
1474 2172 1539 2230 et
1596 2165 1676 2231 de
1719 2164 1952 2248 quibus
1997 2166 2164 2232 iudi-

261 2247 538 2329 candum,
586 2258 651 2315 et
692 2250 1017 2317 sententia
1052 2249 1318 2315 ferenda
1363 2260 1481 2317 est.
1528 2251 1697 2317 Nam
1744 2253 1801 2316 si
1844 2251 2163 2319 eiusmodi

259 2334 412 2401 facta
465 2335 713 2401 fuerint
755 2355 918 2419 quae
964 2335 1088 2401 Dei
1132 2334 1347 2415 verbo,
1405 2344 1469 2401 et
1514 2337 1797 2403 naturali
1841 2338 2165 2421 aequitate

260 2421 773 2501 condemnentur,
855 2433 1044 2488 extra
1123 2442 1316 2488 omne
1382 2421 1651 2488 dubium
1716 2424 1924 2507 posita
1987 2432 2159 2508 sunt,

260 2507 477 2590 quippe
512 2505 1004 2573 irremissibilia.
1053 2504 1184 2572 Sed
1227 2507 1284 2573 si
1327 2518 1554 2573 contra
1598 2508 1727 2575 tale
1771 2509 2013 2575 factum
2049 2509 2163 2575 ali·

260 2591 410 2674 quod
471 2594 838 2678 contigerit,
916 2591 1086 2676 quod
1150 2614 1360 2676 neque
1425 2594 1512 2658 im
1565 2594 1794 2660 robum
1861 2594 1963 2672 sit,
2041 2617 2163 2662 nee

261 2677 530 2745 absolute
592 2700 631 2744 a
689 2679 831 2745 Deo
890 2679 1374 2760 condemnetur,
1439 2700 1509 2745 se
1619 2679 1755 2746 sola
1818 2678 2162 2747 hominum

259 2761 728 2846 imaginatione,
794 2764 973 2830 nullo
1033 2773 1251 2829 tamen
1301 2764 1425 2829 Dei
1486 2763 1681 2831 verbo
1724 2767 2159 2849 comprobata,

262 2850 501 2930 nitatur,
563 2860 815 2916 eertum
881 2864 977 2917 est
1038 2872 1154 2915 nos
1219 2849 1409 2915 alicui
1477 2850 1787 2917 facientes
1851 2850 2160 2918 iniuriam

258 2935 356 3084 ῧιιί
416 2934 537 3001 sibi
607 2957 737 3001 non
805 2946 904 3001 est
967 2935 1122 3001 mali
1187 2936 1502 3015 conscius,
1569 2935 1881 3003 adversus
1943 2937 2160 3021 ipsum

315 3040 454 3086 eum
509 3022 647 3087 fore
705 3022 993 3099 inim-ios,
1053 3032 1249 3105 atque
1307 3021 1467 3088 adeo
1508 3023 1721 3106 ipsum
1771 3023 1903 3105 fore
1946 3022 2162 3088 vindi-

258 3126 382 3171 cem
438 3118 503 3173 et
544 3107 827 3173 ultorem
882 3107 1059 3173 illius
1104 3108 1403 3173 iniuriae.
1493 3106 1930 3189 Quamobrem
1977 3117 2161 3174 tanto

257 3192 422 3259 nobis
483 3192 693 3259 maior
757 3192 1127 3259 adhibenda
1192 3193 1406 3259 cautio
1452 3192 1557 3260 hic
1606 3202 1722 3272 est,
1789 3216 1872 3259 ne
1918 3202 2162 3261 temere

256 3274 324 3343 de
373 3278 723 3362 incognitis
766 3280 1165 3345 sententiam
1211 3278 1516 3357 feramus,
1575 3279 1677 3345 vel
1722 3279 1967 3346 calculo
2012 3302 2160 3347 nos-

257 3371 344 3428 tro
384 3365 909 3445 condemnemus,
953 3364 1125 3448 quod
1169 3372 1389 3431 tamen
1436 3365 1736 3432 excusari
1777 3367 1883 3433 vel
1927 3386 1965 3431 a
2011 3385 2162 3449 pro-

256 3446 381 3514 bari
432 3457 683 3535 potest:
742 3472 826 3516 ne
884 3451 1008 3533 ipsi
1052 3450 1196 3515 Deo
1257 3450 1495 3517 bellum
1552 3449 1791 3517 inferre
1852 3452 2026 3520 vele
2071 3453 2164 3518 vi·

261 3532 540 3602 deamur:
600 3536 707 3604 cui
750 3536 1011 3603 tandem
1059 3534 1423 3619 aliquando,
1470 3536 1781 3622 quidquid
1827 3546 2164 3620 praetexa-

260 3640 410 3702 mus,
453 3620 784 3688 reddenda
826 3623 953 3687 erit
996 3629 1254 3687 nostrae
1297 3623 1680 3689 temeritatis
1724 3626 1907 3689 rati0.

411 3708 702 3775 Tandem
749 3706 912 3774 Saul
969 3706 1205 3774 dicitur
1258 3709 1583 3774 recessisse
1640 3730 1681 3774 a
1709 3709 2165 3793 persequendis

259 3788 642 3861 Phaistaeis:
684 3794 795 3878 qui
838 3793 989 3860 finis
1035 3814 1257 3859 eorum
1300 3794 1591 3860 omnium
1637 3814 1803 3877 quae
1847 3793 2164 3861 hactenus

258 3889 396 3944 sunt
446 3902 486 3946 a
532 3880 720 3946 nobis
778 3879 1128 3963 explicata:
1189 3899 1420 3963 nempe
1467 3878 1683 3946 Deum
1742 3877 2003 3964 quidem
2051 3902 2165 3947 vo-

257 3960 439 4031 luisse
482 3966 794 4050 populum
837 3986 1031 4031 suum
1074 3986 1361 4032 asserere
1405 3965 1474 4030 in
1518 3965 1906 4046 libertatem,
1962 3986 2161 4050 seque

259 4050 461 4134 populi
525 4053 631 4118 sui
694 4050 1103 4117 defensorem
1163 4060 1227 4116 et
1290 4058 1718 4134 protectorem
1780 4052 2162 4135 patefacere,

260 4142 318 4199 et
375 4157 413 4202 a
474 4137 826 4221 tyrannide
890 4136 1415 4217 Philistaeorum‚
1484 4157 1683 4219 quam
1750 4136 1863 4202 diu
1976 4158 2161 4205 assus

260 4230 402 4300 erat,
442 4222 749 4289 liberare:
794 4223 906 4289 sed
952 4244 1083 4287 non
1130 4231 1348 4289 tamen
1392 4222 1654 4306 plenam
1698 4231 1763 4289 et
1806 4244 1886 4307 pe
1950 4232 2157 4289 ectam

259 4303 428 4373 Sauli
470 4309 550 4374 de
592 4308 890 4375 hostibus
934 4308 1271 4374 victoriam
1315 4307 1700 4375 concedere:
1757 4306 2159 4394 quandoqui-

260 4388 390 4457 dem
431 4393 850 4479 proculdubio
907 4393 1144 4479 dignus
1190 4404 1330 4460 erat
1373 4394 1586 4478 potius
1641 4414 1896 4460 summa
1938 4395 2159 4460 confu-

261 4477 420 4546 sione
476 4490 544 4545 et
599 4479 926 4559 dedecore,
988 4481 1160 4563 quod
1220 4479 1596 4545 Samuelem
1655 4479 1977 4565 patienter
2028 4500 2157 4546 non

260 4577 692 4648 exspectasset.
738 4565 1179 4647 Quamobrem
1214 4564 1397 4632 Deus
1440 4566 1564 4651 hae
1607 4565 1813 4649 ipsius
1849 4566 2159 4633 victoriae

258 4666 560 4717 remoram
616 4650 926 4727 iniiciens,
989 4673 1137 4717 eum
1194 4652 1288 4716 ita
1344 4651 1634 4736 castigat,
1694 4660 1767 4717 ut
1813 4651 1966 4717 velit
2010 4673 2157 4716 eum

261 4733 452 4803 adhuc
485 4736 623 4821 pati
656 4736 896 4822 aliquid
935 4757 974 4801 a
1011 4736 1401 4818 Philistaeis,
1445 4739 1554 4822 qui
1591 4744 1905 4821 perpetuo
1942 4738 2157 4820 ipsum

261 4830 599 4904 torqueant,
658 4845 788 4889 non
836 4822 918 4887 ad
964 4843 1209 4888 aunum
1267 4845 1472 4888 unum
1519 4831 1635 4888 aut
1693 4822 1989 4900 alterum,
2045 4822 2156 4888 sed

299 4906 547 4974 uamdiu
603 4930 804 4993 regno
849 4907 1152 4992 potietur,
1213 4907 1382 4994 quod
1428 4907 1708 4975 obtinuit
1752 4929 1955 4973 annos
2000 4929 2160 4992 qua·

261 4923 578 5077 draginta:
660 5014 732 5061 ac
811 4992 1085 5080 proinde
1148 5003 1498 5079 perpetuas
1564 5015 1712 5061 cum
1780 4993 2158 5059 Philistaeis

261 5071 470 5143 habuit
510 5080 1039 5158 concertationes,
1098 5089 1165 5145 et
1221 5079 1485 5165 quidem
1528 5101 1604 5145 eo
1649 5100 1854 5163 usque
1897 5101 2002 5145 res
2047 5079 2158 5145 de-

263 5163 445 5248 venit,
502 5173 573 5232 ut
617 5167 754 5248 ipse
816 5163 1081 5232 tandem
1134 5187 1283 5233 cum
1326 5166 1462 5232 filio
1504 5165 1869 5231 Ionathauo
1914 5186 1953 5230 a
1996 5164 2156 5229 Phi·

261 5242 485 5316 listaeis
519 5270 742 5319 caesus
776 5263 843 5318 et
877 5251 1123 5338 praelio
1155 5250 1342 5319 fusus
1375 5251 1765 5329 occubuerit,
1812 5251 2156 5317 vehemen-

2275 544 2374 601 ter
2431 535 2640 602 auctis
2698 534 2975 618 peccatis
3031 535 3186 619 suis,
3249 555 3449 618 quum
3516 536 3806 601 maxime
3872 534 4061 601 illum
4126 536 4212 603 ad

762 618 1019 703 magnis
1062 617 1347 702 alioquin
1394 619 1742 687 virtutibus
1785 620 1921 687 sint
1963 620 2168 705 insig·
2272 621 2488 695 Deum
2528 621 2822 688 converti
2859 629 3209 704 oporteret,
3250 633 3314 686 et
3350 620 3431 686 ad
3455 619 3582 687 Dei
3617 622 3994 706 obsequium
4030 643 4209 691 com-

2269 708 2444 791 poni.
2539 706 2666 772 Ille
2710 726 2867 772 vere
2912 715 3144 773 contra
3209 716 3469 792 peccata
3514 708 3796 790 peccatis
3839 708 4206 795 cumulans,

2271 802 2336 859 et
2379 801 2554 860 totus
2598 794 2667 858 in
2709 793 2841 859 illis
2903 794 3247 859 immersus
3307 793 3429 859 sibi
3475 793 3672 858 etiam
3717 793 4022 859 ultimum
4067 796 4211 861 exi-

2271 878 2437 943 tium
2482 878 2841 946 accersivit.
2930 877 3183 945 Idcirco
3225 877 3430 963 igitur
3472 878 3580 944 hic
3623 878 3863 946 dicitur
3898 877 4058 946 Saul
4104 902 4210 948 re-

2270 965 2542 1031 cessisse
2586 984 2626 1029 a
2667 962 3129 1049 persequendis
3176 963 3489 1030 hostibus.

2441 1051 2774 1134 Deinceps
2818 1070 2974 1116 vero
3019 1050 3315 1133 sequitur
3349 1049 3624 1116 duarum
3661 1070 3883 1115 rerum
3927 1072 4204 1135 summa,

2267 1137 2553 1221 primum
2612 1135 2876 1220 quidem
2937 1133 3126 1202 Sauli
3180 1156 3459 1220 regnum
3518 1136 3834 1202 obtinenti
3895 1157 4205 1222 prospere

2268 1222 2491 1288 omnia
2534 1222 2960 1288 successisset
3020 1231 3088 1286 et
3147 1241 3530 1305 quocunque
3572 1222 3791 1305 copias
3836 1222 4024 1288 duxit
4067 1224 4207 1291 vic·

2267 1308 2502 1373 teriam
2536 1307 2616 1374 de
2650 1306 2943 1373 hostibus
2977 1317 3377 1392 reportasse:
3423 1305 3657 1373 deinde
3695 1329 3847 1374 vero
3882 1308 4204 1392 quaedam

2266 1393 2686 1478 genealogiae
2721 1392 2925 1477 ipsius
2961 1392 3280 1477 repetitio.
3346 1392 3520 1458 Nam
3555 1393 3705 1460 licet
3739 1394 3866 1459 iam
3907 1405 4057 1459 ante
4101 1396 4204 1461 vi-

2267 1480 2587 1546 dissemus
2635 1478 2904 1546 Saulem
2964 1499 3004 1543 a
3046 1479 3209 1544 Kiso
3269 1477 3536 1544 duxisse
3580 1487 3814 1557 ortum,
3871 1480 4202 1547 nihilomi-

2266 1586 2390 1632 nus
2415 1575 2635 1631 tamen
2673 1566 2778 1631 hic
2813 1565 3144 1648 repetitur,
3188 1573 3258 1628 et
3289 1563 3576 1629 filiorum
3621 1565 3847 1649 ipsius,
3888 1566 4204 1632 filiarum-

2266 1672 2394 1735 que
2450 1652 2650 1717 etiam
2708 1650 2980 1716 nomina
3036 1650 3532 1734 exprimuntur:
3592 1650 3751 1734 quin
3810 1664 3873 1716 et
3918 1650 4203 1719 Abneris

2264 1737 2582 1822 principis
2625 1737 2897 1802 militiae
2939 1736 3164 1821 ipsius,
3211 1744 3277 1800 et
3311 1735 3507 1802 Neris
3550 1735 3867 1819 patruelis
3914 1736 4075 1804 Saul
4120 1740 4199 1803 fit

2264 1823 2513 1889 mentio
2555 1821 2932 1889 honorifica.
2997 1823 3203 1887 Porro
3247 1820 3356 1887 hic
3391 1841 3614 1887 sacrae
3658 1823 4013 1906 scripturae
4056 1843 4198 1890 mos

2266 1921 2367 1976 est
2410 1918 2477 1974 et
2519 1908 2749 1992 stylus,
2795 1918 2868 1972 ut
2910 1928 3115 1992 quum
3158 1907 3240 1972 de
3281 1907 3699 1973 iis-meminit
3735 1908 3846 1992 qui
3881 1907 3990 1974 diu
4027 1909 4201 1976 inter

2266 1994 2564 2061 homines
2620 1995 2903 2078 aliquam
2970 1991 3354 2078 (lignitatem
3423 1991 3858 2071 obtinuerant,
3927 1994 4021 2062 sic
4083 2016 4193 2062 eos

2263 2089 2604 2165 proponat,
2662 2087 2736 2145 ut
2798 2078 3033 2144 deinde
3090 2078 3295 2143 veluti
3362 2079 3639 2162 quodam
3705 2077 3984 2146 obducto
4047 2080 4196 2148 velo

2264 2175 2462 2251 tegat,
2523 2187 2606 2231 ne
2647 2166 2715 2230 in
2760 2164 3098 2230 hominum
3147 2164 3430 2249 amplius
3475 2165 3785 2230 memoria
3830 2174 4193 2232 versentur.

2264 2252 2569 2335 Exempli
2614 2252 2845 2335 gratia,
2888 2251 2983 2316 sie
3019 2248 3211 2318 Caini
3256 2250 3563 2330 sobolem,
3608 2250 3700 2317 sic
3737 2250 4059 2331 Ismaelis,
4104 2253 4196 2318 sie

2264 2339 2460 2404 etiam
2508 2336 2715 2403 Esavi
2760 2336 3249 2402 commemorari
3312 2334 3625 2416 videmus,
3686 2333 3857 2419 quod
3900 2335 4082 2402 Deus
4124 2338 4197 2404 in

2267 2423 2627 2491 Abrahami
2661 2422 2938 2522 gratiam
2975 2443 3167 2487 suum
3206 2422 3493 2490 favorem
3514 2422 3584 2486 in
3608 2421 3771 2487 duas
3809 2424 4199 2506 posteriores

2264 2509 2414 2576 illas
2479 2507 2761 2573 familias
2829 2506 3184 2573 effudisset.
3289 2505 3420 2573 Sed
3486 2508 3752 2573 illarum
3809 2517 4061 2577 tantum
4121 2510 4199 2575 fit

2263 2595 2473 2661 obiter
2511 2594 2580 2659 in
2625 2593 2825 2659 sacris
2870 2594 3130 2670 mentio,
3192 2602 3265 2657 ut
3320 2592 3621 2677 deinceps
3678 2592 4002 2660 oblivione
4046 2615 4200 2678 qua-

2264 2680 2413 2746 dam
2474 2679 2918 2746 involvantur.
3022 2678 3129 2744 Ex
3187 2679 3423 2762 quibus
3484 2678 3862 2745 discendum
3932 2680 4194 2766 longius

2264 2787 2459 2851 quam
2499 2766 2569 2831 in
2605 2772 3013 2848 praesentem
3048 2762 3360 2829 mundum
3408 2765 3684 2830 intueri:
3728 2786 3811 2830 ne
3854 2765 3926 2829 in
3968 2786 4195 2832 eorum

2268 2873 2537 2919 numero
2597 2852 2801 2917 simus
2853 2848 2932 2916 de
2987 2848 3221 2933 quibus
3279 2849 3594 2934 propheta
3649 2851 3720 2916 in
3778 2850 4043 2916 Psalmo
4102 2852 4197 2918 lo-

2264 2939 2500 3022 quitur,
2544 2936 2656 3020 qui
2692 2937 2759 3003 in
2797 2935 2898 3002 his
2935 2936 3127 3002 terris
3160 2935 3438 3001 honores
3472 2944 3811 3020 quaerunt,
3856 2949 3922 3000 et
3955 2957 4194 3003 nomen

2264 3045 2454 3090 suum
2515 3024 2708 3106 longe
2765 3022 3024 3105 lateque
3084 3020 3351 3086 extendi
3408 3021 3674 3086 volunt:
3743 3041 3847 3103 ne,
3902 3023 4191 3104 inquam,

2265 3121 2397 3175 tam
2434 3107 2637 3174 stulta
2672 3105 3026 3193 cupiditate
3049 3106 3319 3173 honoris
3353 3107 3739 3191 flagremus:
3776 3105 3889 3173 sed
3912 3107 4194 3175 sufficiat

2265 3194 2450 3261 nobis
2493 3194 2737 3277 scripta
2793 3214 2935 3259 esse
2977 3194 3242 3259 nomina
3288 3202 3513 3257 nostra
3554 3192 3623 3256 in
3669 3191 3833 3258 libro
3876 3195 4072 3271 vitae,
4129 3201 4196 3259 et

2265 3302 2382 3347 nos
2438 3279 2511 3344 in
2569 3278 2697 3344 Dei
2748 3279 3035 3344 filiorum
3091 3277 3320 3343 haberi
3378 3299 3670 3344 numero.
3767 3278 3919 3344 Huc
3982 3279 4193 3363 igitur

2263 3365 2499 3432 animis
2560 3365 2798 3430 nostris
2854 3362 3019 3430 ferri
3077 3362 3407 3439 debemus,
3465 3384 3696 3449 nempe
3759 3364 3833 3428 in
3895 3371 4193 3448 paratam

2264 3451 2440 3517 illam
2483 3449 2672 3517 nobis
2710 3457 3041 3515 aeternam
3085 3448 3572 3515 haereditatem.
3641 3448 3862 3531 Quare
3899 3450 4068 3517 absit
4109 3450 4193 3516 iis

2262 3535 2675 3604 invideamus
2716 3556 2880 3618 quos
2925 3537 3180 3620 magnis
3224 3533 3305 3599 ad
3341 3542 3598 3617 tempus
3637 3542 3896 3601 evectos
3930 3534 4196 3602 honori-

2263 3624 2382 3689 bus
2439 3622 2508 3687 in
2570 3621 2815 3687 mundo
2874 3621 3283 3704 triumphare
3348 3620 3805 3705 conspicimus,
3849 3629 3918 3687 et
3960 3620 4196 3705 quibus

2262 3727 2421 3775 aura
2485 3707 2770 3774 secunda
2836 3707 3102 3791 aspirat,
3169 3726 3515 3789 rerumque
3586 3707 3876 3772 omnium
3935 3714 4197 3792 optatus

2261 3802 2560 3861 eventus.
2647 3792 2976 3859 Futurum
3034 3791 3209 3857 enim
3267 3800 3366 3857 est
3408 3799 3483 3856 ut
3524 3799 3854 3858 momento
3897 3792 4011 3858 illa
4052 3794 4195 3860 feli·

2262 3880 2426 3946 citas
2467 3885 2752 3945 corruat.
2840 3877 3189 3944 Caeterum
3235 3884 3303 3943 et
3362 3878 3697 3944 terrestria
3739 3878 3867 3943 ista
3906 3898 3982 3946 ac
4026 3887 4192 3945 tem-

2262 3965 2522 4051 poraria
2579 3963 2891 4030 beneficia
2935 3964 3060 4029 Dei
3118 3983 3261 4028 esse
3300 3963 3370 4028 in
3416 3962 3664 4028 honore
3708 3973 4009 4048 oportere
4051 3985 4191 4029 ma-

2262 4052 2502 4137 gnique
2547 4049 2689 4116 fieri
2732 4049 2887 4115 hinc
2928 4056 3225 4133 apparet:
3272 4049 3425 4114 licet
3465 4068 3612 4114 cum
3654 4049 4104 4133 spiritualibus
4127 4058 4194 4115 et

2261 4136 2541 4202 aeternis
2583 4136 2818 4203 collata
2882 4135 3070 4217 parvi
3106 4134 3240 4199 sint
3272 4135 3607 4200 momenti.
3678 4136 3933 4201 Verum
3970 4145 4191 4201 tamen

2261 4221 2516 4288 nullum
2580 4243 2654 4288 ac
2714 4243 2796 4287 ne
2842 4219 3170 4285 tantillum
3215 4218 3475 4304 quidem
3519 4220 3649 4287 Dei
3691 4222 4074 4288 beneficium
4118 4221 4191 4286 in

2258 4307 2500 4376 caduca
2544 4316 2612 4372 et
2655 4305 3032 4372 transitoria
3076 4306 3202 4372 ista
3246 4307 3383 4372 vita
3425 4308 3611 4391 parvi
3654 4306 4019 4373 faciendum
4056 4313 4189 4372 est:

2258 4392 2372 4459 sed
2427 4394 2641 4477 potius
2706 4393 2776 4458 in
2841 4413 3095 4457 summo
3159 4390 3531 4457 habendum
3598 4393 3861 4471 honore,
3928 4401 4004 4458 ut
4061 4390 4190 4456 Dei

2260 4499 2499 4545 nomen
2557 4479 2625 4543 in
2682 4478 2819 4544 suis
2878 4476 3065 4542 donis
3120 4497 3378 4562 semper
3436 4477 3857 4563 glorificetur.
3962 4478 4051 4544 Et
4108 4475 4190 4543 de

2263 4565 2485 4633 Saulis
2528 4563 2913 4650 genealogia
2956 4562 3294 4629 hactenus.

2428 4648 2621 4732 Quod
2658 4647 2738 4713 ad
2761 4649 3093 4715 Abnerem
3142 4649 3394 4726 attinet,
3441 4646 3733 4731 pluribus
3777 4648 4081 4733 deinceps
4107 4649 4187 4716 de

2259 4736 2401 4820 ipso
2444 4733 2771 4820 agendum
2818 4742 2947 4801 est:
3010 4748 3075 4799 et
3131 4736 3276 4818 quis
3332 4733 3536 4817 ipsius
3588 4733 4078 4818 gubernationis
4122 4742 4191 4802 et

2260 4819 2843 4887 administrationis
2887 4819 3083 4885 fuerit
3126 4821 3375 4885 exitus:
3436 4816 3548 4885 sed
3606 4818 3718 4884 illa
3774 4821 4073 4886 tractatio
4119 4822 4191 4887 in

2260 4928 2450 4974 suum
2495 4907 2708 4973 locum
2750 4915 2850 4973 est
2893 4905 3260 4972 reiicienda.
3328 4902 3519 4986 Quo'd
3563 4925 3718 4972 vero
3762 4902 4000 4971 dicitur
4022 4905 4185 4973 Saul

2260 4991 2573 5077 quamdiu
2639 5013 2914 5076 regnum
2982 4991 3267 5057 obtinuit
3333 4990 3656 5056 continuis
3720 4992 3908 5059 bellis
3984 4993 4183 5060 fuisse

2259 5087 2626 5163 occupatus,
2673 5079 2739 5142 in
2776 5077 3005 5162 primis
3041 5075 3533 5156 observandum,
3571 5097 3697 5160 qua
3731 5077 3978 5144 ratione
4000 5078 4188 5148 Deus

2259 5165 2569 5249 populum
2628 5184 2821 5230 suum
2866 5163 3247 5239 exercuerit,
3315 5162 3508 5227 etiam
3555 5183 3753 5247 quum
3801 5185 3955 5230 suae
3999 5163 4187 5231 boni-

2261 5249 2416 5317 tatis
2460 5270 2620 5335 erga
2662 5250 2878 5334 ipsum
2923 5270 3051 5314 non
3097 5246 3297 5313 dubia
3339 5247 3527 5333 signa
3568 5249 3765 5316 dedit.
3829 5249 4045 5318 Antea
4088 5258 4189 5324 vi-
