5059 6059
791 481 1295 566 HOMILIA
1337 481 1728 564 XXXIV·

474 651 532 718 8.
577 649 666 717 Et
691 651 1016 720 descendes
1043 657 1186 720 mate
1225 672 1325 718 me
1355 652 1425 718 in
1467 652 1784 736 Galyola:
1827 653 1970 737 (eqo
2003 652 2234 737 quippe

315 737 658 806 descendam
716 738 804 804 ad
846 741 926 823 te)
990 739 1331 822 utofferas
1393 738 1778 823 oblationem,
1844 746 1902 805 et
1956 739 2235 807 immoles

315 825 582 890 victimas
630 822 968 907 pacificas.-
1027 830 1254 909 septem
1315 823 1534 893 diebus
1590 824 1989 908 exspectabis,
2047 825 2234 893 donec

312 910 544 977 uniam
598 911 689 976 od
739 914 813 993 te,
868 915 925 976 et
966 911 1288 978 ostendam
1329 910 1445 977 tibi
1485 910 1641 994 quid
1671 912 1896 991 faciae.
1985 910 2047 977 9.
2093 911 2232 977 Ita-

312 1015 645 1079 qaequum
699 997 1020 1062 avertisset
1068 995 2230 1064 hunoerumsuumutabiretasez-

314 1081 1733 1161 mde,immutaviteiDaoecov-aziud,
1810 1087 2232 1149 simarum

314 1168 513 1234 omnia
560 1169 749 1252 siqua
805 1167 957 1234 haec
1005 1169 1079 1234 in
1131 1167 1238 1234 die
1276 1168 1415 1235 illo.
1508 1168 1608 1234 10.
1670 1166 2096 1250 veneruntque
2146 1169 2233 1236 ad

301 1253 679 1336 praedictum
718 1253 945 1334 οοῑῑεηι,
989 1259 1051 1320 et
1089 1273 1218 1320 eece
1259 1273 1491 1320 cuneus
1514 1252 1966 1336 prophetamus
2010 1254 2229 1321 obvius

309 1340 390 1405 ei:
430 1342 484 1404 d
520 1339 777 1405 insiluit
816 1359 1011 1423 super
1052 1359 1196 1405 eum
1233 1341 1504 1423 spiritus
1551 1339 1832 1424 Domini,
1872 1344 1929 1405 et
1961 1340 2230 1423 propho-

310 1424 449 1490 tavit
485 1424 556 1489 in
596 1425 802 1492 medio
843 1445 1074 1491 mm.
1142 1426 1244 1489 11.
1304 1423 1593 1491 Videntes
1624 1429 1830 1491 autaut
1871 1445 2081 1492 onmes
2120 1426 2233 1510 qm·

308 1515 587 1576 noverant
641 1530 783 1576 eum
835 1510 974 1577 heri
1013 1516 1072 1576 et
1111 1511 1354 1577 nudius
1393 1511 1632 1594 tertiae,
1690 1511 1853 1593 quod
1895 1516 2052 1578 esset
2092 1531 2233 1578 cum

301 1594 609 1678 prophetis
660 1600 720 1662 et
750 1595 1174 1679 prophetaret,
1216 1596 1514 1662 dixerunt
1553 1597 1642 1662 ad
1682 1598 1977 1662 invicem:
2031 1596 2233 1679 Quae-

306 1682 814 1748 namresaaeidit
850 1682 987 1764 filio
1015 1680 1179 1750 Gis?
1221 1680 1817 1747 numetSoulinter
1840 1681 2229 1764 prophetas?

312 1766 404 1832 12.
448 1765 798 1850 Respondit
828 1767 1000 1833 alius
1034 1769 1123 1834 ad
1155 1766 1430 1847 alterum,
1470 1767 1712 1834 dicens.-
1755 1767 1844 1833 Et
1875 1770 2233 1851 quispam

309 1851 550 1918 mm?
587 1851 692 1918 Pr
986 1873 1240 1920 versum
1293 1858 1387 1919 est
1442 1854 1516 1919 in
1560 1853 1995 1936 proverbium.-
2053 1854 2232 1921 Num

309 1943 361 2003 et
412 1937 567 2004 Saul
606 1940 776 2005 inter
819 1938 1210 2023 prophetas?
1307 1938 1406 2004 13.
1470 1937 1753 2007 Gaesao&
1817 1943 2024 2006 atatem
2079 1960 2229 2023 pro-

299 2022 561 2107 phetare,
617 2028 677 2090 et
716 2025 885 2091 venit
922 2025 1011 2091 ad
1052 2024 1376 2091 ceodrum.

462 2195 821 2278 Postquam
858 2194 1128 2262 Saulem
1165 2193 1434 2263 Samuel
1481 2195 1783 2262 hortatus
1840 2203 1961 2277 est,
2020 2204 2095 2263 ut
2137 2204 2234 2264 to-

310 2288 438 2347 tum
488 2302 561 2347 se
602 2280 752 2347 Deo
795 2282 1224 2363 permitteret,
1279 2290 1349 2347 et
1401 2282 1540 2349 eius
1597 2281 1924 2349 voluntati
1980 2281 2232 2349 obtem-

306 2375 565 2451 peraret,
608 2387 687 2434 ae
733 2366 1185 2433 diffioultatem
1220 2386 1484 2433 omnem
1504 2377 1865 2450 superaret,
1905 2388 2083 2435 nune
2114 2368 2230 2434 ad-

303 2461 511 2520 monet
566 2462 640 2518 ut
672 2453 773 2517 in
816 2452 1098 2552 Galgala
1152 2452 1543 2521 sacrificium
1603 2452 1942 2520 oblaturus
1985 2453 2227 2534 veniat,

301 2560 371 2605 ae
412 2546 662 2623 septem
708 2537 849 2605 dies
890 2537 1132 2604 ibidem
1177 2547 1517 2622 exspeotet
1555 2538 1759 2605 donee
1798 2539 1940 2623 ipse
1983 2541 2225 2622 veniat,

300 2623 477 2708 eique
518 2623 828 2692 ostendat
869 2622 1025 2708 quid
1069 2625 1235 2692 Paeto
1279 2626 1368 2689 sit
1407 2646 1591 2707 opus.
1681 2625 1790 2691 Ex
1831 2625 2070 2709 quibus
2109 2645 2225 2710 ap-

302 2719 476 2793 paret
521 2708 865 2811 ,quomodo
930 2710 1116 2776 Deus
1177 2711 1261 2809 in·
1316 2712 1514 2812 sertis
1578 2710 1888 2795 gradibus
1966 2711 2226 2796 operari

298 2816 539 2948 w
524 2804 853 2948 5013?
892 2802 1118 2981 ‘312¹ss
1133 2816 1799 2982 ςῗιῗιῗβωῃοιὲςῗιᾯῗ
1812 2817 2050 2949 αἷιῗζῗι
2075 2818 2223 2953 ¹1²3ss

303 2965 377 3031 ab
407 2968 546 3052 ipso
589 2975 785 3033 mitio
826 2988 896 3033 m
940 2987 1195 3052 reglum
1226 2967 1463 3035 solium
1505 2978 1719 3052 potult
1746 2966 2016 3035 Saulem
2037 2968 2223 3036 Deus

304 3053 600 3120 evehere:
659 3062 776 3120 aut
830 3054 926 3118 ita
967 3053 1391 3136 eouspieuum
1433 3054 1644 3121 faeere
1686 3054 1882 3120 sertis
1924 3062 1994 3119 et
2036 3054 2226 3121 indu·

303 3138 511 3206 bit-ss
552 3137 785 3223 signis,
830 3147 908 3203 ut
948 3138 1091 3204 sine
1134 3158 1320 3205 mora
1361 3149 1428 3206 et
1462 3138 1844 3206 diffioultate
1887 3160 1928 3206 a
1966 3141 2222 3207 eunetis

302 3226 716 3311 resiperetur.
804 3222 938 3292 Sed
981 3232 1213 3290 eontm
1255 3224 1438 3291 Deus
1479 3224 1810 3293 oseultum
1852 3245 1995 3294 esse
2049 3226 2222 3309 qued

302 3309 376 3376 de
427 3330 632 3397 regno
676 3310 1093 3394 praedixerat
1148 3331 1265 3395 per
1307 3309 1704 3389 Samuelem,
1760 3318 1831 3377 et
1893 3311 2222 3379 neminem

301 3395 467 3464 illius
502 3418 649 3463 esse
686 3395 1022 3464 eoueeium
1069 3396 1293 3477 voluit,
1349 3396 1521 3480 quod
1579 3398 1891 3464 nimirum
1932 3396 2222 3464 nondum

302 3491 550 3566 tempus
604 3480 999 3549 advenisset.
1084 3481 1285 3564 Quod
1340 3482 1425 3549 ad
1493 3483 1971 3549 institutionem
2034 3481 2224 3550 Sauli

301 3569 746 3648 neeessariam,
802 3576 1065 3636 tantum
1123 3588 1209 3633 ex
1260 3576 1448 3652 parte
1515 3567 1743 3634 doetus
1799 3569 1943 3635 fuit.
2044 3567 2223 3650 Quid

299 3653 387 3719 ita
426 3675 581 3722 vero
616 3655 805 3720 Deus
846 3673 1041 3720 suum
1082 3674 1248 3737 opus
1290 3674 1420 3719 non
1459 3653 1682 3720 statim
1725 3652 2041 3737 perfecit?
2089 3653 2223 3722 Sed

300 3749 591 3807 nostrum
639 3760 771 3805 nen
819 3747 921 3805 est
965 3739 1108 3805 Deo
1152 3739 1363 3824 legem
1404 3739 1757 3822 imponere,
1808 3750 1925 3805 aut
1978 3740 2041 3807 ei
2083 3741 2221 3809 via·

302 3845 434 3890 rum
476 3845 753 3892 suarum
777 3825 1096 3891 rationem
1118 3825 1580 3908 praoeeribere.
1647 3825 1915 3891 Poterat
1955 3826 2219 3909 quidem

300 3909 443 3977 olim
487 3913 678 3977 Deus
720 3921 1053 3977 momento
1092 3911 1412 3976 mundum
1445 3930 1688 3990 oreare,
1729 3919 1798 3977 et
1839 3919 2059 3978 tamen
2100 3934 2221 3979 sex

300 3992 429 4064 dies
466 3998 538 4063 in
582 3996 697 4063 illo
739 3995 1178 4063 construendo
1219 4006 1321 4062 est
1360 4006 1695 4081 operatus:
1753 4018 1956 4081 quum
1999 4007 2219 4065 tamen

296 4081 427 4148 eolo
460 4090 633 4148 nutu
676 4082 995 4165 potuisset
1048 4081 1223 4165 quod
1280 4081 1455 4166 apud
1511 4104 1584 4149 se
1623 4084 2051 4150 constituerat
2102 4084 2222 4150 im·-

298 4166 486 4249 plere.
592 4168 767 4234 Nam
836 4188 1040 4252 quum
1096 4168 1185 4234 sit
1242 4167 1671 4252 omnipotens,
1734 4169 2081 4253 omniaque
2151 4171 2219 4237 in

297 4272 493 4321 mauu
532 4275 657 4320 sua
709 4252 964 4331 habeat,
1022 4251 1187 4319 nihil
1232 4262 1449 4337 potest
1500 4255 1626 4338 ipsi
1685 4275 2010 4321 remoram
2068 4255 2220 4322 inii·

298 4357 471 4405 eere:
524 4340 641 4406 sed
698 4339 1123 4406 nihilominus
1178 4338 1579 4424 pedetentim
1632 4339 2070 4426 progreditur,
2127 4341 2218 4410 id-

299 4444 419 4507 que
458 4433 731 4510 propter
773 4425 1073 4492 homines
1115 4425 1498 4492 nominatim
1552 4426 1733 4526 feeit.
1818 4424 2011 4493 Unde
2054 4427 2222 4494 mira

298 4511 1345 4697 51:3312‘0132035235533‘3
1400 4512 2220 4682 zffiffssffsswffi

300 4682 565 4750 arbitrio
608 4692 676 4749 et
718 4685 1183 4768 imagmauone
1224 4704 1298 4748 m
1319 4681 1626 4766 operibus
1666 4683 1804 4750 suis
1848 4681 2219 4767 progredia-

302 4775 422 4847 tur,
465 4776 535 4835 et
575 4788 746 4852 quae
787 4778 1227 4854 eonoeperunt
1257 4770 1582 4853 perficiat:
1626 4789 1839 4853 neque
1881 4769 2218 4836 attenden-

300 4853 463 4918 tium
503 4855 602 4920 ita
640 4854 864 4921 Deum
904 4874 1120 4939 agere,
1176 4863 1254 4921 ut
1314 4875 1457 4922 sese
1509 4855 1800 4939 ipsorum
1851 4855 2219 4923 infirmita&

302 4941 748 5035 aeeommodet.
835 4938 1276 5022 Quamobrem
1358 4939 1815 5007 observatione
1897 4939 2218 5026 singulari

575 5036 675 5093 est
733 5025 842 5092 hie
900 5027 1102 5105 loeus,
1151 5047 1356 5110 quum
1414 5026 1655 5093 dieitur
1711 5025 1876 5094 Saul
1931 5026 2215 5112 amplius

303 5107 659 5178 edocendus
716 5132 758 5177 a
814 5110 1143 5179 Samuele.
1228 5112 1320 5178 Et
1375 5112 1639 5196 quidem
1710 5114 1904 5179 initio
1978 5134 2055 5180 ea
2103 5113 2213 5181 itis

300 5190 488 5262 huius
527 5197 815 5266 vidimus
856 5219 895 5264 a
929 5196 1241 5265 Samuele
1274 5199 1548 5265 seorsim
1591 5207 1897 5267 venatum
1924 5196 2015 5267 Sa
2085 5220 2213 5283 em,

436 5298 653 5356 Caluini
682 5315 875 5370 opera.
946 5300 1068 5358 Vol.
1097 5298 1331 5356 XXIX

1666 291 1766 357 IN
1804 292 1860 361 I.
1906 292 2089 360 LIB.
2135 293 2540 362 SAMUEL.
2584 291 2782 360 OAP.
2825 292 2915 359 X.

2322 3408 2622 3482 eoeptum
2680 3415 2844 3481 opus
2888 3396 3201 3479 perficiat.

4153 293 4287 362 610

2337 482 2547 565 deque
2572 481 2695 547 Dei
2717 479 3058 547 voluntate
3082 480 3446 547 seniorem
3484 481 3765 548 fastum:
3810 480 3924 546 sed
3958 501 4041 548 ex
4071 492 4277 566 parte,

2334 566 2753 652 quamobrem
2798 564 2974 632 aliud
3034 567 3171 632 iam
3235 565 3331 632 illi
3379 578 3639 650 tempus
3683 568 4087 650 praeseribit,
4148 592 4280 653 quo

2334 654 2422 720 sit
2477 651 2762 736 amplius
2818 650 3210 718 edocendus.
3315 653 3536 735 Atque
3590 652 3660 720 in
3725 663 4025 720 nostrum
4083 676 4277 723 usum

2332 737 2510 806 istud
2556 746 2660 804 est
2701 736 3186 822 usurpandum:
3245 759 3329 803 ne
3365 738 3638 804 moleste
3680 738 3968 805 feramus
4027 761 4146 807 nos
4206 743 4277 808 in

2333 825 2463 891 Dei
2506 822 2729 890 sehola
2772 844 2906 891 non
2951 833 3211 890 tantum
3256 842 3641 907 promovere
3685 831 3759 889 ut
3801 836 4129 890 momento
4174 849 4279 896 sa·-

2333 912 2610 995 piamus,
2653 906 2770 976 sed
2812 909 2884 974 in
2928 906 3390 993 discipulorum
3430 930 3708 976 numero
3748 910 3999 976 oenseri
4058 912 4280 995 potius

2419 996 2760 1062 udeamus.
2829 994 2971 1061 Nae
3007 1004 3225 1078 posset
3266 993 3526 1078 quidem
3566 994 3749 1061 Deus
3790 994 4072 1080 singulis
4115 996 4276 1065 fide-

2364 1082 2507 1150 'bus
2565 1089 2894 1148 momento
2957 1087 3207 1146 tantam
3263 1100 3421 1147 suae
3480 1081 3778 1148 veritatis
3833 1082 4275 1165 eognitionem

2331 1166 2697 1247 infundere,
2722 1176 2800 1232 ut
2811 1185 3038 1232 omnes
3062 1165 3440 1250 prophetae,
3457 1187 3682 1235 omnes
3705 1165 4000 1234 dootores
4033 1180 4275 1252 essent,

2330 1261 2688 1337 antequam
2732 1253 2802 1318 in
2845 1250 3086 1319 sobolis
3128 1250 3301 1319 doeti
3345 1252 3640 1319 fuissent.
3719 1251 3974 1319 Verum
4018 1253 4110 1320 ita
4153 1276 4272 1321 no-

2333 1339 2584 1407 biseum
2627 1358 2821 1423 agere
2863 1337 2992 1421 ipsi
3037 1338 3250 1404 visum
3306 1347 3426 1418 est,
3479 1349 3556 1403 ut
3600 1346 3736 1405 toto
3782 1339 3956 1406 vitae
3999 1352 4271 1408 nostrae

2328 1423 2658 1493 ourrieulo
2701 1426 2796 1491 sie
2839 1422 3183 1503 diseamus,
3241 1432 3315 1490 ut
3359 1422 3642 1490 multum
3701 1422 3914 1490 adhue
3955 1425 4272 1509 ignoran-

2333 1512 2463 1577 tiae
2504 1510 2578 1576 in
2621 1509 2811 1577 nobis
2849 1509 3152 1592 supersit,
3197 1517 3273 1573 ut
3309 1509 3483 1576 intra
3506 1509 3865 1576 modestiae
3907 1512 4071 1578 fines
4113 1530 4272 1578 oon·

2331 1598 2679 1663 tineamur.
2750 1594 2973 1676 Quare
3008 1594 3374 1662 cavendum
3419 1614 3502 1664 ne
3546 1594 3818 1662 moleste
3862 1602 3929 1660 et
3969 1595 4271 1683 indigna·

2335 1680 2551 1749 bunde
2593 1682 2881 1748 feramus
2919 1680 3091 1764 quod
3137 1682 3278 1748 Deo
3323 1679 3535 1764 plaoet
3584 1688 3653 1746 et
3694 1679 3882 1748 nobis
3925 1681 4121 1747 etiam
4167 1691 4271 1750 est

2333 1767 2518 1835 utile.
2603 1765 2716 1833 Ex
2758 1766 2980 1834 verbis
3030 1765 3238 1850 igitur
3279 1766 3441 1844 istis,
3502 1765 3736 1850 quibus
3779 1765 3944 1834 Saul
3987 1767 4060 1833 in
4104 1767 4272 1835 Gal-

2334 1853 2485 1939 gala
2530 1853 2755 1921 venire
2806 1852 3088 1930 iubetur,
3149 1860 3215 1918 et
3271 1851 3360 1918 ibi
3419 1851 3804 1936 prophetam
3860 1849 4269 1936 praestolari,

2332 1937 2632 2025 pluribus
2683 1938 2767 2005 ab
2823 1958 2901 2006 ee
2945 1936 3293 2017 doeendus,
3353 1938 3513 2007 haee
3556 1937 3855 2006 doctrina
3912 1939 4100 2006 nobis
4159 1961 4270 2008 ne-

2334 2025 2619 2093 eessaria
2660 2032 2762 2092 est
2802 2021 3107 2092 eruenda.
3198 2020 3331 2091 Sed
3374 2041 3491 2091 our
3549 2023 3854 2107 deinoeps
3897 2025 4098 2092 etiam
4143 2022 4268 2096 Sa-

2335 2110 2511 2177 muel
2555 2129 2690 2177 non
2723 2109 2950 2177 statim
2985 2106 3173 2176 adest
3205 2109 3498 2193 praefixo
3534 2109 3871 2194 tempore?
3917 2131 4005 2176 an
4038 2130 4268 2193 super-

2336 2197 2474 2263 flua
2515 2204 2661 2262 erat
2702 2197 2833 2262 ista
2874 2193 3318 2278 exspectatio?
3366 2192 3547 2261 Sane
3588 2196 3685 2262 ita
3727 2196 4019 2279 oportuit
4040 2194 4267 2265 Saulis

2333 2280 2769 2349 obedientiam
2812 2280 3158 2364 explorari.
3246 2279 3430 2362 Quin
3471 2280 3613 2365 ipse
3649 2281 3831 2348 Deus
3874 2301 4268 2366 suspensum

2335 2366 2713 2436 Samuelem
2757 2365 2993 2446 tenuit,
3037 2368 3339 2450 quamvis
3381 2366 3785 2433 voluntatem
3828 2365 3926 2432 illi
3969 2387 4156 2434 suam
4199 2380 4269 2435 et

2378 2451 2509 2520 uod
2573 2450 2746 2537 apud
2810 2471 2883 2520 se
2946 2449 3327 2519 decreverat
3388 2452 3758 2521 revelasset.
3848 2453 3940 2520 Et
4002 2453 4267 2536 quidem

2385 2540 2512 2606 lius
2558 2559 2718 2606 usus
2759 2546 2862 2606 est
2903 2538 3288 2616 ministerio,
3333 2546 3409 2603 ut
3465 2558 3586 2604 rex
3630 2536 3794 2606 Saul
3852 2540 4095 2622 populo
4130 2536 4267 2608 ‚de-

2330 2627 2743 2711 signaretur:
2785 2622 2901 2692 sed
2926 2631 3148 2690 tamen
3184 2622 3478 2692 nondum
3524 2623 3785 2708 impleri
3829 2624 4038 2692 voluit
4080 2623 4269 2692 illam

2328 2710 2873 2797 designationem.
2905 2708 3129 2791 Quare
3152 2707 3420 2776 Saulem
3445 2711 3728 2794 oportuit
3749 2731 3892 2778 sese
3912 2711 4274 2791 eontinere,

2327 2806 2395 2865 et
2452 2796 2773 2881 patienter
2830 2793 2988 2862 dum
3045 2793 3414 2862 advenisset
3482 2796 3956 2881 praescriptum
4026 2817 4066 2861 a
4124 2796 4269 2864 Deo

2327 2892 2590 2968 tempus
2630 2891 3048 2965 exspectare:
3093 2897 3304 2964 neque
3347 2901 3736 2964 responsare
3781 2903 3864 2947 ne
3899 2880 4266 2950 modestiae

2326 2978 2394 3036 et
2426 2967 2838 3036 obedieutiae
2878 2965 3124 3033 limites
3167 2965 3579 3032 transsiliret.
3644 2966 3825 3034 Hine
3860 2968 4083 3051 itaque
4127 2967 4268 3033 dis·-

2326 3074 2552 3121 eamus
2598 3063 2894 3137 tempora
2936 3061 3004 3118 et
3046 3051 3567 3135 opportunitates
3613 3052 3683 3118 in
3729 3050 3859 3118 Dei
3903 3073 4102 3118 manu
4159 3073 4264 3118 re-

2326 3158 2605 3225 ponere:
2663 3159 2741 3206 ao
2797 3138 2856 3206 si
2899 3136 3240 3206 desideriis
3284 3136 3527 3205 nostris
3589 3137 3951 3218 titillamur,
4012 3157 4265 3206 morae·

2325 3246 2457 3309 que
2510 3243 2738 3292 sumus
2782 3224 3219 3308 impatientes,
3278 3223 3577 3290 fraenum
3637 3220 3824 3291 nobis
3873 3224 4266 3304 iniioiamus,

2324 3325 2393 3378 et
2434 3311 2763 3396 patienter
2804 3307 3080 3376 Domini
3123 3309 3530 3376 voluntatem
3573 3309 4071 3396 praestolemur,
4132 3330 4265 3408 qua

3288 3395 3495 3462 Porro
3553 3417 3627 3462 se
3681 3404 4030 3462 venturum
4100 3392 4261 3462 dteit

2326 3481 2593 3582 Sam-uel
2637 3483 2724 3549 ad
2765 3481 3147 3564 offerendum
3166 3479 3539 3557 holocausta,
3578 3484 3635 3547 et
3667 3481 3754 3547 ad
3773 3480 4264 3564 soorificandm

2319 3567 2638 3651 eaerfioia
2682 3566 3070 3634 evehoustiea
3084 3565 3167 3652 ⁴⁹).
3257 3566 3409 3632 Vox
3454 3565 3759 3633 Hebraea
3806 3587 3998 3650 saepe
4041 3568 4262 3650 expri-

2323 3655 2547 3734 mitur,
2607 3674 2724 3737 per
2783 3673 3004 3720 vooem
3052 3651 3337 3736 paeifioa,
3395 3652 3506 3718 sed
3569 3653 3745 3734 pasis
3798 3673 4037 3718 nomen
4087 3651 4261 3736 apud

2321 3739 2662 3807 Hebraeos
2703 3739 2925 3805 omnia
2966 3758 3279 3822 prospera
3321 3736 3793 3821 eompleotitur.
3870 3736 4265 3805 offereban-

2320 3835 2434 3892 tur
2474 3833 2698 3892 autem
2739 3822 3112 3890 istiusmodi
3155 3823 3515 3890 oblationes
3577 3838 3645 3889 et
3701 3823 4023 3891 sacrificia
4081 3824 4262 3909 pani·-

2318 3913 2460 3994 fioa,
2507 3911 2616 3977 vel
2658 3929 2865 4010 quum
2908 3908 3206 3976 divinum
3242 3908 3560 3976 auxilium
3603 3909 3673 3974 in
3719 3908 3914 3975 rebus
3955 3909 4261 3994 angustis

2319 4008 2388 4065 et
2429 3997 2722 4065 adversis
2765 3994 3024 4079 experti
3064 3995 3361 4062 fuerant:
3410 4003 3526 4061 aut
3549 3995 3891 4062 victoriam
3938 3995 4020 4062 de
4063 3996 4267 4064 hosti-

2320 4083 2441 4151 bus
2498 4089 2939 4167 reportarant:
3001 4080 3110 4146 vel
3171 4100 3377 4164 quum
3421 4080 3718 4164 privatus
3775 4080 4099 4164 quispiam
4144 4088 4263 4146 aut

2319 4190 2405 4236 ex
2446 4168 2691 4250 morbo,
2746 4176 2862 4235 aut
2917 4186 3003 4232 ex
3056 4165 3301 4267 insigni
3359 4165 3578 4249 aliqua
3629 4164 4003 4234 salernitate
4048 4163 4261 4232 fuerat

2319 4253 2670 4322 liberatus:
2728 4263 2803 4321 ut
2844 4251 3217 4320 istiusmodi
3258 4252 3593 4319 sacrifieiis
3634 4251 3922 4336 paeifieis
3975 4256 4043 4316 et
4102 4269 4261 4317 eve-

2320 4340 2637 4408 haustieis
2679 4338 2827 4407 Deo
2883 4339 3130 4423 gratias
3173 4346 3459 4422 agerent,
3515 4346 3585 4403 et
3641 4337 3856 4421 palam
3915 4336 3996 4404 ab
4052 4334 4261 4419 ipsius

2319 4446 2523 4493 manu
2567 4433 2635 4492 et
2667 4423 3054 4492 liberalitate
3076 4443 3387 4508 prospera
3406 4431 3472 4489 et
3492 4422 3707 4490 felicia
3740 4420 3962 4488 omnia
3985 4441 4258 4490 manare

2365 4512 2801 4579 rofiterentur.
2867 4508 3002 4577 Hie
3024 4531 3180 4577 vero
3222 4507 3304 4575 ad
3328 4509 3628 4592 panificas
3650 4507 4008 4574 oblationes
4053 4507 4258 4574 etiam

2370 4596 2775 4665 olocaustum
2822 4593 3188 4676 aoeedebat,
3245 4595 3417 4680 quod
3463 4592 3840 4663 Samuelem
3888 4593 4069 4660 Deus
4123 4592 4263 4660 iue-

2318 4682 2513 4751 sisset
2554 4683 2792 4767 popule
2835 4701 3061 4768 regem
3103 4681 3283 4760 dare,
3322 4702 3364 4748 a
3397 4702 3525 4764 quo
3548 4678 3856 4762 deinoepe
3879 4687 4254 4763 regeretur:

2316 4788 2512 4853 quam
2554 4769 2636 4836 ob
2680 4787 2943 4836 eausam
2964 4765 3111 4834 Deo
3154 4767 3470 4834 saorifloia
3514 4766 3583 4831 in
3610 4764 4060 4832 holocaustum
4104 4764 4249 4830 fieri

2315 4854 2692 4938 oportuerit.
2780 4854 2887 4920 Ex
2932 4873 3062 4939 quo
3106 4852 3416 4921 diseimus
3474 4851 3569 4920 sie
3613 4848 4028 4934 usurpandae
4085 4846 4256 4916 divi-

2316 4961 2438 5007 nas
2481 4939 2960 5024 promissiones,
3018 4960 3104 5005 ne
3147 4949 3364 5005 tamen
3408 4935 3538 5003 illis
3584 4935 4100 5021 negligentiores
4141 4937 4257 5004 fia-

2316 5046 2483 5105 mus,
2528 5035 2597 5093 et
2637 5025 2974 5111 segniores
3006 5025 3079 5094 in
3114 5023 3329 5091 officio
3373 5020 3685 5101 faciendo,
3730 5019 3845 5087 sed
3891 5022 4109 5105 potius
4149 5042 4264 5090 ar-

2491 5216 2551 5285 ¹⁹)
2588 5214 2681 5273 Sic
2713 5216 2802 5271 hic
2834 5221 2886 5270 et
2917 5213 3077 5279 infra
3113 5215 3172 5267 ἐκ
3207 5212 3502 5281 dammis.
3575 5210 3667 5264 Aa
3701 5207 4108 5352 sugges-iniec?
