5059 6059
729 348 863 413 275
2347 338 2761 407 HOMILIA
2806 338 3099 406 LXVII.
4579 340 4691 406 270

733 536 976 624 gaudio
998 533 1355 615 exsultant,
1398 543 1465 600 et
1501 534 1685 600 miris
1729 532 1940 599 modis
1983 533 2379 599 efferuntur:
2426 531 2529 596 sin
2566 528 2675 596 ad-

733 623 947 690 versis
990 621 1234 687 urserit
1281 630 1360 703 et·
1395 620 1806 703 gravioribus
1841 620 2067 704 poenis
2114 618 2500 695 exercuerit,
2546 615 2676 681 eal-

735 711 974 776 citrare
1032 706 1346 772 adversus
1388 704 1724 773 stimulum
1772 726 1900 770 non
1958 706 2285 770 desinunt.
2374 702 2679 785 Denique

735 814 1121 879 quocunque
1197 790 1462 857 tandem
1531 792 1721 857 modo
1779 793 1961 857 Deus
2018 802 2340 874 operetur,
2399 786 2679 872 improbi

737 900 996 963 semper
1038 877 1120 943 ad
1164 878 1282 942 illa
1325 877 1686 955 offendunt,
1734 898 1946 960 neque
1991 888 2234 942 rectam
2283 879 2454 940 viam
2491 874 2679 938 insis-

738 978 879 1032 tere
923 975 1171 1030 norunt
1212 984 1378 1047 quae
1420 964 1573 1029 licet
1615 961 1811 1047 plana
1853 964 1958 1041 sit,
2015 976 2230 1028 tamen
2277 962 2347 1027 in
2391 959 2679 1026 salebras

738 1073 810 1118 se
868 1049 1250 1134 coniiciunt,
1309 1060 1376 1113 et
1433 1050 1635 1114 furori
1695 1051 1878 1114 laxas
1933 1048 2223 1114 habenas
2265 1047 2678 1130 permittunt.

740 1137 857 1205 Sic
900 1137 1114 1203 solent
1156 1135 1436 1218 improbi
1484 1135 1780 1200 homines
1823 1135 2020 1199 etiam
2066 1137 2137 1198 in
2182 1133 2432 1217 patenti
2471 1133 2579 1196 via
2615 1140 2681 1195 et

739 1244 874 1289 non
913 1221 1164 1287 difficili
1198 1220 1547 1287 offendere.
1594 1219 1714 1285 Sin
1755 1241 1909 1287 vero
1930 1230 2154 1286 contra
2177 1217 2677 1303 intelligentiam

739 1308 1188 1389 habuerimus,
1269 1319 1338 1372 et
1424 1307 1696 1373 affectus
1760 1315 2022 1371 nostros
2102 1305 2680 1387 composuerimus,

741 1394 1055 1480 quidquid
1100 1394 1283 1459 Deus
1327 1393 1692 1476 immiserit,
1731 1393 1889 1458 ,sive
1934 1392 2284 1456 adversum
2320 1392 2460 1455 sive
2497 1411 2678 1471 pros·

741 1501 999 1563 perum,
1054 1479 1123 1544 in
1185 1499 1260 1544 eo
1316 1478 1739 1563 glorificando
1782 1476 2361 1561 perseverabimus.
2446 1477 2680 1540 Caete-

742 1587 891 1631 rum
957 1578 1206 1632 cert-um
1265 1576 1367 1630 est
1424 1585 1649 1630 omnes
1710 1574 1946 1628 natura
2000 1585 2119 1628 sua
2163 1583 2383 1629 carere
2429 1562 2682 1626 ratione

743 1662 810 1718 et
864 1651 1330 1735 intelligentia:
1389 1661 1455 1714 et
1508 1671 1619 1715 eos
1663 1649 1948 1714 maxime
1991 1649 2104 1732 qui
2164 1647 2572 1714 subtilissimi
2617 1657 2683 1710 et

743 1737 1102 1805 acutissimi
1149 1736 1566 1812 videbuntur,
1613 1736 1773 1800 adeo
1815 1735 2074 1819 quidem
2115 1748 2189 1798 ut
2225 1735 2279 1798 si
2325 1734 2404 1798 de
2439 1732 2683 1798 divinis

743 1823 1049 1907 operibus
1094 1822 1183 1886 sit
1226 1820 1643 1887 iudicandum
1689 1822 1884 1905 longe
1928 1820 2074 1885 aliis
2119 1819 2493 1885 hominibus
2538 1839 2683 1884 cae·

741 1911 954 1975 ciores
1049 1906 1656 1991 deprehendantur:
1761 1907 2182 1990 quamobrem
2278 1903 2683 1970 invocandus

743 1993 928 2059 Deus
973 2004 1051 2058 ut
1095 1993 1283 2059 nobis
1321 1991 1729 2058 discretionis
1764 2003 1830 2056 et
1868 1992 2339 2075 intelligentiae
2380 1992 2685 2074 spiritum

743 2080 1082 2164 largiatur,
1143 2090 1216 2143 ut
1274 2079 1479 2161 ipsius
1534 2098 1734 2161 opera
1792 2076 2440 2161 comprehendamus,
2500 2089 2565 2139 et
2617 2076 2684 2139 in

743 2177 1040 2232 nostram
1078 2165 1427 2229 utilitatem
1467 2174 1940 2229 convertamus.
2030 2161 2187 2229 Saul
2227 2163 2447 2246 itaque
2483 2183 2682 2245 quum

746 2253 854 2317 hic
898 2250 1158 2326 dicitur,
1221 2251 1516 2314 timuisse
1561 2270 1598 2313 a
1642 2250 1804 2314 facie
1850 2248 2149 2325 Davidis,
2227 2249 2460 2312 similis
2505 2245 2683 2312 vide-

745 2348 855 2403 tur
926 2357 1038 2401 reo
1098 2334 1357 2401 cuidam
1417 2336 1821 2418 apparitores
1879 2345 1946 2399 et
2004 2335 2340 2399 ministros
2397 2333 2686 2416 publicos

746 2423 1088 2505 metuenti,
1158 2432 1233 2486 ut
1290 2441 1420 2486 non
1481 2432 1740 2486 tantum
1803 2419 2015 2487 locum
2075 2421 2142 2485 in
2201 2442 2327 2503 quo
2384 2422 2687 2483 feruntur

746 2508 1134 2584 sententiae,
1200 2519 1316 2571 aut
1361 2508 1430 2571 in
1475 2527 1602 2590 quo
1647 2508 1937 2572 damnati
1982 2508 2357 2572 cruciantur
2401 2506 2685 2579 horreat,

746 2592 864 2659 sed
921 2592 1003 2657 ad
1063 2612 1404 2659 occursum
1455 2593 1843 2677 apparitoris
1888 2614 2127 2676 pavore
2172 2602 2410 2656 tremat
2452 2604 2520 2655 et
2565 2590 2684 2656 sibi

748 2679 1007 2745 nullum
1069 2700 1153 2742 ex
1209 2678 1345 2742 illis
1400 2699 1690 2759 unquam
1737 2678 1879 2742 fieri
1922 2678 2181 2743 obvium
2227 2678 2463 2761 cupiat.
2556 2677 2688 2741 Ea-

748 2764 898 2830 dem
955 2774 1056 2829 est
1113 2764 1405 2829 omnium
1467 2761 1905 2846 improborum
1951 2763 2283 2828 hominum
2330 2762 2519 2841 ratio,
2576 2760 2687 2844 qui

747 2871 881 2919 non
936 2849 1149 2916 solum
1207 2848 1647 2915 incurrentem
1703 2849 1771 2913 in
1830 2848 2050 2914 oculos
2106 2847 2235 2913 Dei
2281 2850 2686 2913 maiestatem

747 2944 1089 3002 metuunt:
1155 2933 1269 3001 sed
1334 2932 1415 2998 ad
1476 2934 1748 3017 quodvis
1806 2934 2072 3019 signum
2131 2935 2382 3017 gratiae
2434 2932 2563 2999 Dei
2624 2943 2691 2999 et

747 3022 1023 3108 spiritus
1065 3021 1278 3104 ipsius
1323 3021 1799 3103 obstupescunt
1856 3032 1921 3085 et
1966 3032 2444 3102 expavescunt:
2500 3019 2689 3085 cuius

747 3108 845 3174 rei
911 3106 1288 3190 exemplum
1349 3106 1418 3170 in
1480 3105 1679 3172 Saule
1737 3106 2153 3188 conspicuum
2199 3115 2319 3171 est.
2406 3104 2571 3170 Inde
2614 3107 2690 3171 fit

748 3194 1176 3276 conspicuum
1222 3193 1527 3274 profanos
1571 3191 1871 3257 homines
1914 3192 2229 3257 adversus
2274 3191 2491 3256 Deum
2538 3212 2688 3255 eon-

751 3279 1114 3354 tendentes,
1184 3298 1561 3361 nomenque
1619 3278 1826 3360 ipsius
1887 3277 2161 3362 pedibus
2219 3278 2690 3359 conculcantes,

752 3364 1178 3447 eiusdemque
1218 3364 1551 3444 virtutem,
1590 3375 1910 3448 quantum
1947 3365 2016 3429 in
2050 3365 2211 3448 ipsis
2235 3374 2336 3428 est
2358 3361 2693 3428 abolentes

752 3450 970 3515 Deum
1034 3471 1165 3513 non
1222 3451 1347 3513 nisi
1392 3460 1646 3515 coactos
1690 3459 1998 3514 metuere.
2087 3448 2291 3532 Atqui
2332 3449 2516 3515 Deus
2557 3470 2692 3514 me-

754 3536 918 3601 ritas
963 3555 1207 3618 poenas
1251 3534 1518 3599 tandem
1563 3533 1691 3598 illis
1737 3535 2068 3618 rependet,
2129 3546 2196 3599 et
2238 3555 2432 3618 quam
2477 3535 2695 3600 meriti

756 3632 915 3687 sunt
990 3619 1356 3686 mercedem
1429 3621 1776 3702 persolvet.
1864 3620 2033 3685 Nam
2092 3643 2223 3686 non
2285 3621 2493 3685 solum
2556 3621 2696 3704 ipse

755 3707 993 3791 plenus
1051 3706 1392 3770 maiestate
1452 3706 1826 3771 tremendus
1867 3705 2030 3790 ipsis
2075 3708 2435 3789 apparebit,
2515 3717 2582 3772 et
2623 3707 2694 3772 in

754 3793 945 3858 factis
990 3790 1450 3856 admirandus:
1495 3792 1608 3858 sed
1654 3792 1890 3857 efficiet
1936 3802 2012 3856 ut
2045 3814 2156 3858 eos
2190 3793 2364 3876 ipsos
2400 3793 2509 3875 qui
2549 3793 2694 3858 nul-

754 3879 887 3945 lius
945 3878 1256 3941 momenti
1306 3877 1614 3942 videntur
1667 3877 2110 3957 reformident,
2167 3890 2234 3943 et
2277 3877 2695 3944 abiectissimi

757 3965 1002 4048 quique
1057 3982 1273 4027 coram
1333 3962 1722 4040 hominibus,
1790 3973 2168 4029 metuantur
2226 3974 2442 4030 tamen
2489 3965 2571 4029 ab
2615 3964 2696 4030 iis

803 4049 869 4115 ui
916 4058 1110 4113 antea
1154 4048 1383 4132 iugum
1421 4069 1613 4114 omne
1649 4049 2039 4115 videbantur
2073 4051 2429 4116 excussuri.
2521 4048 2695 4116 Sane

815 4133 945 4213 aul,
1000 4134 1056 4200 si
1102 4134 1437 4216 potuisset,
1503 4146 1726 4217 aperte
1785 4136 1928 4200 Deo
1986 4135 2343 4201 reluctatus
2385 4147 2573 4215 esset,
2632 4145 2697 4200 et

757 4220 1005 4286 bellum
1072 4219 1268 4284 etiam
1336 4219 1716 4285 indixisset:
1784 4235 1849 4286 et
1915 4231 2229 4304 tanquam
2289 4221 2424 4287 fera
2482 4221 2696 4287 bellua

761 4307 890 4371 Dei
927 4306 1335 4371 maiestatem
1372 4306 1841 4371 contumeliose
1864 4307 2179 4389 petiisset.
2222 4306 2693 4372 Verumtamen

763 4392 930 4459 nihil
995 4401 1254 4456 tentare
1318 4402 1542 4472 aperte
1607 4391 1820 4471 audet,
1894 4392 2007 4457 sed
2073 4405 2382 4476 tanquam
2449 4394 2696 4458 catenis

762 4478 1153 4545 constrictus
1233 4487 1494 4558 pectore
1566 4479 1749 4544 virus
1813 4480 2176 4561 concoquit.
2261 4479 2411 4544 Non
2476 4480 2696 4562 itaque

763 4574 940 4630 recto
1000 4562 1282 4645 quodam
1341 4563 1579 4628 affectu
1625 4562 1840 4628 Deum
1889 4566 2098 4646 timet,
2162 4565 2273 4630 sed
2320 4573 2500 4629 metu
2545 4586 2693 4648 quo-

764 4651 914 4716 dam
975 4649 1314 4726 retinetur,
1369 4658 1438 4713 et
1479 4648 1806 4714 Davidem
1852 4651 2013 4715 velit
2057 4650 2217 4715 nolit
2260 4658 2550 4716 metuere
2591 4672 2697 4717 co-

766 4737 961 4821 gitur.
1054 4737 1147 4797 At
1190 4753 1428 4816 quaeso
1471 4736 1618 4817 quis
1661 4748 1804 4798 erat
1850 4734 2115 4800 David?
2182 4737 2351 4802 Vilis
2394 4736 2612 4819 opilio,
2658 4758 2698 4802 a

765 4825 968 4905 septis
1030 4818 1249 4884 ovium
1309 4821 1377 4885 in
1439 4821 1653 4885 aulam
1710 4819 1931 4886 Saulis
1989 4820 2303 4888 adductus
2361 4832 2438 4888 ut
2518 4821 2696 4888 labo·

767 4916 1023 4973 rantem
1104 4904 1357 4971 cithara
1436 4917 1780 4983 recrearet,
1861 4907 2049 4972 cuius
2120 4907 2351 4974 deinde
2414 4909 2699 4992 armiger

767 4991 984 5057 factus
1058 5001 1180 5055 est.
1270 4991 1492 5073 Quare
1574 5013 1730 5077 ergo
1796 4990 1955 5059 Saul
2024 4991 2349 5058 Davidem
2417 4994 2696 5059 metuit?

766 5077 1023 5160 Nempe
1061 5078 1116 5141 is
1158 5074 1288 5141 Dei
1332 5078 1738 5143 maiestatem
1773 5078 2100 5162 quandam
2137 5100 2291 5161 prae
2326 5101 2396 5144 se
2431 5080 2698 5146 ferebat.

768 5162 949 5229 Hinc
983 5162 1405 5228 observemus
1441 5163 1771 5246 improbos
1808 5163 2066 5247 quidem
2104 5165 2400 5231 homines
2423 5164 2701 5232 libenter

770 5249 829 5313 si
874 5256 1139 5332 possent
1180 5247 1310 5312 Dei
1356 5249 1736 5314 memoriam
1783 5250 2158 5329 aboliturus,
2204 5251 2389 5317 cuius
2424 5252 2700 5336 gloriam

2780 528 2965 595 miris
3030 529 3237 595 modis
3293 538 3727 596 contemnunt
3782 540 3847 596 et
3901 552 4022 614 pro
4076 531 4326 598 viribus
4386 531 4700 596 lacerant:

2779 614 2893 679 sed
2955 616 3201 680 interea
3244 614 3458 681 Deum
3503 628 3687 681 tanto
3732 638 3805 683 se
3848 617 3979 683 illis
4022 618 4484 683 terribiliorem
4530 639 4703 700 prae·

2782 700 2950 778 bere,
3017 712 3092 765 ut
3151 703 3437 784 ipsorum
3492 705 3931 787 arrogantiam
3992 716 4058 768 et
4102 705 4582 770 contumaciam
4624 704 4701 766 ri·

2781 787 2963 853 deat:
3031 799 3406 870 metumque
3473 788 3605 854 illis
3670 810 3897 854 eorum
3962 790 4245 869 iniicere,
4311 788 4705 873 quintillius

2780 886 2938 938 sunt
3014 894 3232 938 coram
3314 875 3686 940 hominibus
3760 877 4097 953 momenti,
4173 888 4239 941 et
4303 878 4417 959 qui
4488 896 4708 940 nocere

2782 958 2960 1024 nullo
3025 959 3220 1024 modo
3275 959 3436 1042 ipsis
3495 970 3787 1043 possunt.
3875 961 4021 1026 Hoc
4076 982 4232 1027 sane
4278 983 4415 1028 non
4461 971 4566 1028 est
4606 960 4708 1026 ad·

2783 1042 3174 1130 mirandum,
3221 1045 3745 1129 quandoquidem
3790 1049 4113 1131 scriptura
4154 1048 4344 1114 dicit:
4392 1046 4707 1134 Improbat

2780 1131 2957 1198 nullo
3007 1128 3403 1213 subsequente
3441 1133 3820 1213 metuituros,
3873 1139 3931 1199 et
3969 1134 4098 1200 Dei
4414 1139 4583 1200 tores
4619 1154 4705 1196 so-

2781 1219 2920 1282 nitu
2959 1216 3104 1299 folii
3146 1217 3412 1282 volantis
3452 1218 3796 1283 terrendos:
3850 1224 3907 1284 et
3960 1220 4055 1284 vel
4095 1220 4385 1286 umbram
4417 1240 4709 1302 pavorem

2782 1304 2949 1385 ipsis
3017 1302 3377 1368 allaturam.
3467 1303 3636 1368 Nam
3710 1325 3908 1387 quum
3969 1326 4222 1371 summo
4287 1307 4382 1371 illi
4444 1308 4711 1390 imperio

2784 1388 3014 1454 subiici
3066 1388 3360 1454 homines
3409 1400 3754 1471 nequeunt.
3799 1412 3984 1455 suam
4021 1390 4531 1457 imbecillitatem
4566 1414 4707 1475 pro·

2784 1474 2943 1539 dant
2999 1483 3273 1556 oportet,
3333 1484 3401 1538 et
3461 1477 3896 1559 arrogantiam
3953 1477 4212 1542 illorum
4258 1477 4444 1544 Deus
4491 1480 4711 1553 rideat,

2786 1569 2864 1626 ut
2918 1559 2989 1625 in
3048 1559 3350 1625 omnibus
3404 1560 3590 1626 factis
3647 1564 4026 1629 confusione
4069 1564 4558 1639 suffundantur.
4618 1568 4712 1629 in·

2785 1646 3076 1728 certique
3134 1666 3208 1710 ac
3267 1646 3441 1712 dubii
3490 1659 3799 1731 perpetuo
3842 1650 4184 1715 fluctuent.
4274 1649 4717 1731 Quamobrem

2785 1733 3002 1797 Deum
3085 1732 3316 1796 timere
3396 1732 3719 1798 discamus
3791 1735 4043 1801 sincero
4108 1736 4342 1820 animo,
4423 1748 4491 1801 et
4554 1758 4726 1821 pura

2787 1828 3002 1882 mente
3082 1816 3310 1882 colere.
3402 1818 3623 1883 Metus
3689 1819 3861 1884 enim
3928 1820 4039 1886 ille
4105 1842 4332 1886 verum
4402 1822 4727 1888 honorem

2786 1904 3144 1969 maiestatis
3187 1903 3390 1985 ipsius
3434 1905 3502 1967 in
3549 1905 3731 1970 nobis
3768 1906 4021 1982 efficiet,
4066 1919 4132 1971 et
4168 1908 4478 1973 bonitatis
4513 1908 4729 1992 ipsius

2786 1990 3089 2055 effectum
3149 1990 3522 2067 sentiemus,
3581 2011 3709 2072 qua
3766 1993 3912 2056 freti
3959 1993 4271 2076 quidquid
4316 1996 4729 2059 contrarium

2789 2075 2975 2139 nobis
3019 2073 3215 2139 fuerit
3258 2074 3445 2140 facile
3484 2087 4004 2142 contemnemus:
4050 2092 4117 2143 et
4161 2078 4530 2163 ubicunque
4564 2100 4730 2164 ope·

2787 2182 2936 2225 rum
3003 2159 3208 2243 ipsius
3275 2160 3553 2245 vestigia
3617 2162 3936 2245 quaedam
4004 2166 4428 2248 apparebunt,
4496 2187 4579 2230 ex
4651 2167 4735 2231 iis

2789 2247 3190 2312 occasionem
3267 2245 3554 2312 laetitiae
3612 2249 3961 2332 capiemus.
4052 2250 4315 2316 Scimus
4369 2251 4545 2316 enim
4612 2252 4737 2316 illa

2790 2331 2975 2398 nobis
3056 2332 3190 2396 fore
3269 2332 3599 2413 salutaria,
3678 2334 4197 2418 quandoquidem
4276 2337 4460 2402 Deus
4536 2348 4739 2420 pater

2790 2427 3012 2484 noster
3054 2426 3171 2496 est,
3217 2428 3282 2482 et
3325 2418 3632 2502 quidquid
3681 2421 3760 2485 ab
3804 2421 3917 2485 illo
3962 2423 4412 2504 proficiscitur,
4456 2424 4526 2487 in
4576 2446 4739 2488 nos·

2791 2515 2968 2569 trum
3013 2504 3421 2568 commodum
3465 2519 3533 2569 et
3568 2506 3914 2572 utilitatem
3952 2507 4139 2574 cedit.
4227 2507 4407 2574 Sane
4440 2509 4738 2593 improbi

2790 2610 2992 2673 quum
3053 2588 3133 2654 de
3192 2587 3417 2654 divina
3483 2591 3770 2673 potentia
3828 2594 4228 2659 mentionem
4274 2594 4556 2678 aliquam
4612 2617 4741 2661 au-

2789 2676 3000 2751 diunt,
3080 2675 3328 2757 sibique
3407 2696 3606 2741 manu
3680 2679 3882 2760 ipsius
3943 2679 4345 2761 pereundum
4408 2681 4741 2759 sentiunt,

2790 2760 3096 2826 dentibus
3131 2761 3498 2825 infrendere
3534 2763 3764 2841 solent,
3809 2785 4018 2847 neque
4054 2786 4347 2848 unquam
4382 2787 4457 2830 eo
4486 2767 4739 2833 adduci

2792 2854 3069 2931 possunt
3109 2856 3185 2911 ut
3220 2856 3640 2929 agnoscentes
3674 2858 3935 2932 peecata
3970 2852 4235 2916 veniam
4272 2850 4743 2935 deprecentur.

2792 2934 3041 3001 Contra
3099 2953 3299 3015 quum
3356 2932 3579 2999 fideles
3637 2934 4039 3001 diabolorum
4097 2948 4369 3005 conatus
4426 2939 4746 3005 animad-

2794 3029 3086 3099 vertunt,
3144 3018 3381 3100 quibus
3423 3020 3693 3085 exitium
3740 3022 3899 3105 ipsis
3942 3025 4293 3103 minantur,
4338 3034 4403 3087 et
4444 3024 4581 3088 iam
4634 3026 4746 3109 ip-

2793 3125 3013 3171 sorum
3090 3103 3339 3186 laqueis
3411 3108 3769 3192 constringi
3836 3108 4158 3187 videntur,
4240 3109 4748 3178 ardentioribus

2796 3191 2964 3256 votis
3024 3187 3103 3254 ad
3165 3190 3380 3254 Deum
3437 3193 3840 3277 confugiunt,
3897 3205 3964 3259 et
4007 3195 4252 3260 maiore
4295 3216 4442 3261 cum
4489 3196 4750 3263 fiducia

2794 3279 2862 3342 in
2902 3276 3105 3359 ipsius
3147 3275 3431 3342 bonitate
3466 3298 3645 3360 spem
3683 3278 4020 3346 collocant.
4099 3279 4290 3359 Nam,
4336 3282 4538 3357 aiunt.
4594 3282 4746 3348 Do-

2794 3365 2972 3428 mine
3028 3362 3085 3426 si
3142 3373 3214 3427 tu
3258 3381 3377 3445 pro
3424 3364 3625 3441 nobis,
3684 3364 3832 3448 quis
3876 3387 4109 3432 nocere
4152 3366 4433 3450 poterit?
4524 3369 4747 3435 Enim

2796 3470 2951 3514 vero
3016 3468 3214 3531 quum
3282 3449 3464 3513 Deus
3528 3451 3616 3515 sit
3679 3451 4113 3535 omnipotens,
4181 3474 4384 3536 quare
4437 3454 4748 3520 hostium

2795 3536 3006 3599 minas
3083 3547 3541 3614 metueremus,
3618 3547 3686 3602 et
3762 3536 4208 3604 dubitaremus
4285 3539 4366 3603 de
4432 3540 4749 3618 victoria,

2797 3621 2982 3704 quasi
3029 3619 3108 3684 de
3145 3619 3329 3684 nobis
3366 3621 3771 3704 triumphare
3805 3623 4113 3705 possent?
4180 3623 4750 3709 Quandoquidem

2797 3707 2970 3772 enim
3027 3723 3371 3789 corporum
3428 3716 3497 3770 et
3551 3708 3917 3774 animarum
3974 3721 4341 3775 nostrarum
4396 3710 4592 3776 Deus
4642 3724 4751 3780 est

2796 3801 3031 3867 custos,
3091 3802 3345 3856 certum
3389 3800 3488 3858 est
3533 3792 3719 3858 illum
3781 3795 4090 3860 virtutem
4134 3817 4318 3861 suam
4365 3797 4751 3881 incompre-

2796 3876 3183 3943 hensibilem
3240 3888 3673 3959 exserturum,
3733 3881 4243 3965 quotiescunque
4287 3904 4404 3948 nos
4449 3886 4633 3949 tueri
4684 3900 4755 3952 et

2795 3975 3133 4047 protegere
3197 3961 3513 4030 adversus
3571 3964 3830 4030 illorum
3889 3980 4158 4033 conatus
4214 3969 4406 4033 volet.
4495 3968 4611 4034 Ita
4677 3974 4753 4038 fit

2798 4051 3000 4134 igitur
3065 4058 3141 4114 ut
3207 4046 3430 4115 fideles
3493 4053 3900 4133 praesentiae
3958 4052 4086 4118 Dei
4143 4054 4334 4138 signa
4393 4076 4748 4140 nunquam

2797 4144 3127 4199 metuant:
3189 4133 3300 4198 sed
3361 4139 3576 4219 ipsum
3631 4139 3847 4221 potius
3890 4140 4249 4221 requirant,
4308 4139 4462 4205 freti
4507 4145 4750 4228 cog-ni·

2798 4221 2976 4285 tione
3009 4218 3122 4284 illa
3164 4240 3234 4284 se
3278 4219 3348 4284 in
3394 4222 3521 4286 Dei
3567 4223 3847 4288 filiorum
3893 4246 4237 4290 numerum
4274 4226 4472 4291 fuisse
4514 4248 4751 4313 recep-

2800 4318 2930 4371 tos:
2976 4316 3044 4370 et
3088 4303 3349 4388 quidem
3396 4308 3703 4390 quoniam
3751 4308 3832 4374 ad
3868 4311 4080 4393 ipsum
4121 4330 4252 4376 non
4294 4313 4537 4379 nostris
4570 4316 4751 4380 viri-

2801 4391 2920 4457 bus
2982 4404 3047 4457 et
3110 4391 3359 4456 iustitia
3422 4393 3569 4457 fulti
3628 4396 3946 4477 venimus,
4012 4396 4126 4461 sed
4180 4417 4323 4462 cum
4372 4400 4553 4463 omni
4601 4423 4747 4467 tuo-

2799 4475 3002 4543 destia
3060 4486 3127 4542 et
3183 4476 3553 4551 humilitate
3610 4481 3704 4546 sic
3762 4482 4011 4560 abiecti,
4069 4491 4141 4547 ut
4197 4496 4464 4566 peecata
4508 4498 4750 4552 nostra

2798 4574 2866 4628 et
2908 4563 3427 4646 imperfectiones
3469 4570 3949 4649 cognoscentes,
4005 4589 4122 4634 nos
4166 4568 4352 4635 nobis
4394 4570 4561 4653 ipsis
4608 4573 4746 4639 dis-

2799 4650 3174 4734 pliceamus,
3221 4659 3288 4713 et
3330 4650 3397 4713 in
3435 4650 3575 4732 ipso
3611 4652 3749 4716 solo
3782 4673 4112 4718 summum
4148 4666 4449 4720 nostrum
4488 4656 4743 4724 bouum

2800 4755 3224 4836 quaeramus3
3281 4734 3600 4819 siquidem
3645 4748 3880 4804 natura
3921 4759 4150 4806 sumus
4194 4739 4499 4807 omnibus
4542 4745 4749 4811 rebus

2798 4843 3000 4888 vacui.

2970 4906 3061 4971 Et
3114 4907 3429 4972 hactenus
3488 4907 3733 4973 dictum
3779 4919 3916 4975 esto
3961 4909 4041 4976 de
4083 4910 4300 4979 verbis
4341 4912 4507 4979 illis:
4564 4913 4747 4982 Sau-

2799 4993 2929 5058 lem
2989 5014 3029 5056 a
3087 4991 3250 5057 facie
3307 4991 3584 5059 Davidis
3642 4995 3957 5077 timuisse,
4014 4998 4321 5080 quoniam
4370 4999 4553 5067 Deus
4598 5018 4743 5067 erat

2802 5099 2948 5145 cum
2993 5078 3139 5143 illo:
3184 5078 3524 5160 sequentia
3566 5080 3765 5145 etiam
3811 5081 4290 5166 expendamus:
4331 5082 4423 5151 R
4462 5106 4507 5152 α
4544 5085 4749 5155 Saule

2801 5168 3149 5231 recesserat.
3240 5164 3345 5229 Ex
3390 5163 3622 5249 quibus
3666 5180 3937 5251 apparet
3981 5167 4152 5252 quod
4189 5180 4344 5235 ante
4379 5172 4740 5257 attigimus,

2803 5260 2871 5315 et
2929 5249 3384 5315 observatione
3427 5251 3698 5336 dignum
3744 5264 3862 5335 est,
3915 5253 4128 5320 Deum
4173 5276 4304 5320 non
4351 5256 4509 5323 dare
4548 5261 4743 5326 nobis
