5059 6059
835 275 919 343 19
2477 277 2891 347 HOMILIA
2934 278 3192 346 XLVI.
4694 282 4754 347 20

838 468 1150 555 gendum,
1195 476 1269 534 ut
1312 487 1521 552 quum
1561 466 1679 533 alii
1722 467 1871 536 aliis
1915 470 2336 549 occurrimus,
2380 470 2452 533 in
2494 476 2785 534 mentem
2896 489 3028 534 non
3071 466 3336 552 quidem
3380 468 3688 549 alienum,
3731 491 3968 554 nempe
4010 468 4410 536 sacerdotale
4451 491 4664 535 munus
4688 472 4760 537 in·

837 555 1064 624 veniat
1123 554 1235 638 qui
1293 552 1645 637 qualesque
1702 555 1926 633 simus,
1997 576 2321 640 quamque
2378 575 2642 621 necesse
2699 556 2791 619 sit

839 662 959 709 nos
1017 639 1149 706 Dei
1204 639 1691 706 misericordiae
1732 642 2193 723 commendari,
2250 643 2390 708 sine
2433 640 2623 707 ouius
2665 662 2789 724 ope

839 738 908 795 et
971 726 1260 792 bonitate
1323 747 1409 791 ne
1475 746 1744 809 passum
1803 727 2062 810 quidem
2106 748 2510 812 promovere,
2579 746 2791 810 neque

836 811 1117 879 feliciter
1153 809 1511 896 quidquam
1546 833 1740 897 agere
1777 834 2141 897 possumus.
2209 812 2344 881 Sed
2380 812 2542 879 haec
2576 812 2791 877 obiter

838 898 1013 965 diota
1055 905 1288 963 sunto:
1432 918 1467 962 r
1514 918 1701 964 amus
1746 899 1828 965 ad
1875 899 2142 982 reliqua.
2210 898 2523 983 Sequitur
2567 898 2792 982 itaque

839 983 1219 1054 Samuelem
1255 1004 1296 1049 a
1334 918 1473 1051 ἕὲιι
1499 1005 1537 1049 ε
1570 985 1668 1050 ita
1703 983 2076 1063 salutatum,
2113 986 2552 1069 interrogasse
2581 985 2790 1064 illum,

839 1069 1001 1156 quid
1060 1067 1346 1135 fecisset.
1432 1068 1565 1136 Ubi
1628 1070 2110 1137 observandum
2164 1069 2545 1137 Samuelem
2603 1081 2789 1136 ante·

847 1177 1048 1241 quam
1090 1156 1163 1220 in
1204 1154 1475 1221 Saulem
1517 1155 1687 1220 ferat
1727 1157 2138 1234 sententiam,
2192 1157 2404 1223 facere
2446 1157 2542 1221 illi
2583 1168 2796 1240 potes-

852 1254 1059 1311 tatem
1149 1242 1393 1308 factum
1481 1263 1672 1307 suum
1732 1241 2141 1308 defendendi.
2230 1241 2417 1323 Quae
2473 1263 2632 1310 sane
2686 1263 2796 1325 op·

848 1331 1014 1397 tima
1055 1336 1159 1396 est
1214 1328 1373 1395 recti
1416 1327 1640 1393 iudicii
1683 1328 1910 1408 forma,
1969 1337 2044 1393 ut
2086 1328 2165 1393 de
2208 1330 2379 1397 facto
2425 1330 2603 1412 prius
2638 1350 2794 1395 oon·

847 1425 995 1493 stet,
1041 1435 1169 1498 quo
1219 1412 1454 1479 deinde
1501 1413 1818 1478 iudicium
1851 1414 1986 1480 fiat.
2060 1413 2201 1480 Nao
2236 1425 2491 1498 poterat
2525 1412 2795 1481 Samuel

838 1501 1057 1588 primo
1097 1500 1319 1567 statim
1359 1520 1633 1566 occursu
1667 1499 2008 1583 increpare
2043 1499 2335 1578 Saulem,
2373 1512 2439 1567 et
2467 1501 2793 1566 insaniam

844 1588 941 1655 illi
1002 1587 1427 1670 exprobrare:
1487 1584 1600 1651 sed
1646 1605 1848 1668 quum
1893 1587 2148 1668 quaerit
2190 1608 2273 1652 ex
2315 1587 2456 1670 ipso
2500 1585 2655 1670 quid
2697 1585 2794 1651 fe-

846 1675 1027 1752 cerit,
1075 1671 1545 1748 defensionem,
1591 1671 1648 1737 si
1672 1691 1872 1754 quam
1917 1670 2215 1750 habebat,
2261 1672 2440 1738 iubet
2461 1693 2613 1737 eum
2651 1693 2796 1755 pro-

844 1761 1051 1827 ferre:
1098 1779 1228 1841 qua
1274 1755 1509 1822 deinde
1553 1754 1781 1822 audita
1815 1755 2241 1823 nihilominus
2276 1757 2607 1823 hominem
2646 1778 2796 1822 con·

844 1846 1133 1911 demnat.
1226 1844 1435 1908 Porro
1503 1841 1689 1907 nobis
1755 1843 2209 1924 inquirendum
2277 1843 2401 1910 hoc
2447 1845 2606 1922 loco,
2666 1865 2795 1928 qua

844 1932 917 1997 in
976 1952 1048 1997 re
1096 1928 1258 1997 Saul
1301 1927 1602 2012 peccarit.
1691 1928 1889 1993 Multi
1932 1929 2312 1994 existimant
2369 1950 2670 2013 peccasse
2713 1928 2792 1994 il·

848 2017 987 2084 lum
1031 2025 1462 2100 usurpantem
1508 2012 1862 2080 sacerdotis
1904 2014 2205 2093 officium,
2251 2016 2421 2100 quod
2471 2037 2621 2083 eum
2658 2036 2795 2081 non

853 2101 1138 2170 decebat.
1226 2102 1320 2166 Et
1372 2121 1528 2166 sane
1584 2099 1640 2164 si
1701 2099 1823 2165 hoc
1881 2099 1976 2164 ita
2031 2109 2220 2181 esset,
2272 2122 2510 2185 graves
2552 2122 2794 2185 poenas

851 2190 1104 2257 crimen
1161 2185 1327 2251 illud
1386 2184 1775 2251 merebatur.
1863 2184 2114 2250 Notum
2154 2188 2329 2252 enim
2374 2208 2541 2270 quae
2585 2207 2795 2273 poena

854 2274 1156 2356 deinceps
1205 2270 1438 2337 Oziam
1486 2292 1557 2336 re
1604 2293 1710 2337 em
1760 2272 2090 2355 exceperit
2132 2273 2423 2338 suffitum
2470 2271 2552 2338 ad
2588 2274 2794 2338 altare

853 2359 1242 2435 adolentem,
1289 2377 1524 2440 nempe
1594 2375 1752 2440 epra
1795 2376 1923 2439 qua
1968 2364 2236 2441 repente
2277 2379 2628 2443 percussus
2671 2367 2791 2425 est.

856 2443 1036 2527 Quid
1093 2443 1188 2508 ita
1243 2441 1449 2507 vero?
1539 2443 1793 2526 Nempe
1838 2443 2011 2526 quod
2053 2465 2189 2510 non
2230 2452 2575 2511 contentus
2617 2446 2794 2526 regia

858 2532 975 2597 illa
1039 2547 1238 2612 quam
1304 2549 1344 2592 a
1407 2527 1696 2593 Domino
1761 2537 2200 2612 consequutus
2256 2539 2397 2595 erat
2454 2529 2793 2614 dignitate,

860 2616 990 2684 duo
1055 2634 1330 2679 munera
1393 2613 1788 2679 confundere
1859 2614 2152 2691 voluerit,
2235 2636 2403 2700 quae
2466 2615 2796 2681 Dominus

861 2701 1271 2783 distinxerat,
1330 2709 1396 2763 et
1454 2719 1652 2764 manu
1708 2701 1971 2784 propria
2028 2700 2286 2766 adolere
2345 2710 2574 2768 contra
2629 2701 2794 2786 legis

863 2787 1125 2853 divinae
1168 2783 1568 2850 mandatum.
1652 2784 1884 2868 Itaque
1917 2786 2101 2870 lepra
2136 2808 2477 2870 percussus
2513 2797 2580 2852 et
2614 2789 2796 2872 regia

846 2872 1167 2958 dignitate
1217 2869 1530 2955 spoliatus
1573 2879 1640 2937 et
1682 2880 2142 2940 exauctoratus
2176 2885 2295 2952 est,
2341 2893 2416 2939 ac
2451 2884 2525 2938 ut
2562 2873 2793 2956 reliqui

844 2958 1092 3042 leprosi
1159 2965 1502 3040 separatus
1565 2976 1604 3020 a
1668 2958 1934 3041 reliquis
1999 2958 2203 3024 vitam
2272 2960 2578 3025 miseram
2644 2980 2793 3025 cum

845 3065 1106 3112 summo
1151 3041 1467 3109 dedecore
1510 3050 1580 3107 et
1613 3043 1973 3127 ignominia
2006 3045 2414 3111 coniunctam
2456 3045 2792 3129 transegit.

843 3131 1099 3198 Verum
1136 3150 1268 3195 non
1304 3140 1405 3195 est
1445 3128 1800 3195 verisimile
1838 3127 2105 3196 Saulem
2144 3131 2361 3214 ipsum
2396 3130 2792 3197 sacrificium

842 3216 1157 3284 obtulisse
1200 3217 1341 3281 sine
1385 3213 1741 3295 sacerdote,
1796 3214 1983 3283 cuius
2025 3224 2169 3281 erat
2210 3217 2492 3282 officium
2538 3237 2621 3281 ex
2667 3217 2794 3282 Dei

840 3302 1157 3368 mandato
1200 3321 1387 3368 sacra
1429 3299 1730 3367 faciendi.
1818 3300 2049 3385 Neque
2094 3303 2290 3366 etiam
2333 3302 2474 3385 ipse
2520 3300 2793 3370 Samuel

845 3397 1106 3475 poterat
1169 3387 1296 3452 rite
1340 3407 1426 3451 ex
1469 3386 1636 3470 legis
1677 3388 2079 3470 praescripto
2123 3387 2512 3454 sacrificium
2557 3389 2793 3453 offerre

848 3484 916 3541 et
974 3474 1270 3540 adolere:
1331 3471 1618 3555 alioquin
1680 3494 1815 3537 non
1859 3473 2081 3538 minus
2124 3494 2318 3556 quam
2364 3473 2528 3540 Saul
2575 3494 2796 3557 pecca-

848 3568 1060 3626 turus.
1127 3557 1569 3639 Quamobrem
1606 3557 1927 3623 falluntur
1961 3560 2073 3641 qui
2107 3559 2488 3624 existimant
2521 3559 2791 3626 Saulem

853 3646 1145 3713 alienum
1192 3643 1479 3708 officium
1525 3664 1900 3726 usurpasse,
1942 3646 2111 3726 quod
2154 3645 2278 3711 sibi
2314 3644 2459 3730 lege
2495 3646 2623 3710 Dei
2660 3667 2792 3711 non

852 3731 1120 3797 licebat:
1182 3738 1249 3794 et
1303 3727 1677 3796 Samuelem
1722 3730 1833 3813 qui
1876 3729 2176 3796 sacerdos
2232 3739 2376 3796 erat
2417 3741 2793 3814 exspectare

857 3815 1176 3883 debuisse.
1264 3813 1492 3898 Neque
1544 3816 1720 3881 enim
1779 3815 1903 3880 fuit
1960 3836 2042 3881 ex
2099 3814 2326 3883 ordine
2383 3816 2792 3883 sacerdotum

857 3901 1145 3978 Samuel,
1204 3902 1315 3984 qui
1371 3909 1628 3966 tantum
1687 3908 1833 3966 erat
1874 3900 2143 3967 Levita:
2197 3905 2302 3969 cui
2349 3902 2618 3986 proinde
2662 3923 2796 3967 non

857 3987 1045 4053 licuit
1100 3987 1513 4053 sacerdotum
1558 3986 1843 4052 officium
1892 3987 2015 4052 sibi
2056 4008 2382 4073 arrogare.
2471 3989 2563 4053 Et
2605 4009 2793 4072 prae·

859 4084 1039 4141 terea
1103 4080 1417 4155 sequente
1471 4073 1685 4155 capite
1742 4073 2115 4139 videbimus
2166 4073 2542 4140 interfuisse
2585 4074 2794 4158 legiti-

858 4180 1042 4226 mum
1102 4156 1504 4224 sacerdotem
1563 4157 1884 4223 Ahiazum
1946 4159 2026 4224 de
2086 4159 2258 4225 tribu
2315 4161 2507 4237 Levi,
2564 4181 2796 4244 proge-

857 4246 1074 4311 nitum
1118 4265 1201 4309 ex
1246 4242 1525 4327 posteris
1560 4243 1670 4307 Eli
1705 4244 1947 4309 summi
1985 4245 2356 4325 sacerdotis,
2402 4246 2592 4312 cuius
2625 4247 2798 4312 facta

861 4340 965 4398 est
1005 4330 1251 4396 mentio
1295 4329 1482 4393 initio
1526 4329 1722 4395 huius
1760 4329 1928 4410 libri,
1968 4331 2178 4395 filium
2223 4352 2458 4415 nempe
2493 4331 2797 4410 Phinees,

860 4418 1137 4483 alterum
1182 4437 1264 4480 ex
1310 4413 1464 4480 filiis
1506 4412 1638 4499 Eli,
1683 4417 1793 4498 qui
1832 4415 1985 4481 vivo
2022 4425 2206 4499 patre
2243 4417 2588 4484 sacerdotii
2622 4416 2798 4483 vices

860 4503 1270 4587 impleverat.
1359 4500 1483 4565 Ille
1520 4500 1727 4583 igitur
1771 4500 2070 4567 sacerdos
2115 4510 2258 4567 erat
2298 4503 2442 4570 Deo
2477 4512 2799 4586 acceptus,

863 4591 981 4673 qui
1032 4587 1164 4653 fuit
1220 4588 1290 4652 in
1352 4586 1490 4652 acie
1532 4607 1685 4652 cum
1731 4585 1954 4665 Saule,
2019 4597 2085 4653 et
2128 4589 2516 4655 nominatim
2562 4588 2801 4655 dicitur

861 4673 1077 4758 ephod
1123 4674 1373 4752 tulisse,
1417 4672 1485 4737 id
1531 4682 1633 4737 est
1674 4692 1928 4738 sacram
1974 4675 2276 4751 tunicam,
2322 4674 2494 4740 unde
2528 4683 2801 4758 apparet

861 4761 1053 4826 illum
1119 4760 1321 4826 fuisse
1376 4767 1689 4842 tanquam
1749 4758 2172 4824 mediatorem
2230 4761 2402 4826 inter
2457 4759 2676 4827 Deum
2734 4768 2803 4826 et

864 4846 1198 4927 homines:
1246 4844 1421 4929 quod
1467 4854 1639 4910 esset
1680 4846 1894 4928 figura
1936 4854 2003 4909 et
2035 4844 2254 4927 imago
2292 4847 2558 4912 Domini
2596 4847 2801 4912 nostri

865 4930 1018 4998 Iesu
1092 4932 1342 4998 Christi
1400 4932 1754 4997 servatoris
1813 4931 2007 4996 unici.
2094 4930 2257 4995 Fuit
2314 4942 2532 4998 autem
2591 4930 2801 5015 ephod

865 5017 1189 5100 quoddam
1227 5018 1486 5084 tunicae
1519 5037 1732 5101 genus
1768 5017 1939 5099 quod
1975 5015 2057 5080 ad
2092 5016 2310 5082 Deum
2336 5019 2802 5085 consulendum

869 5104 938 5167 in
1015 5106 1209 5170 rebus
1276 5105 1574 5188 angustis
1640 5113 1705 5167 et
1770 5102 1982 5168 dubiis
2048 5101 2491 5172 adhibebatur.
2581 5103 2803 5184 Quare

868 5189 1092 5256 Saulis
1149 5200 1481 5273 peccatum
1542 5190 1704 5255 satis
1746 5189 2165 5255 manifestum
2212 5198 2326 5270 est,
2384 5192 2452 5256 in
2496 5211 2572 5256 eo
2617 5190 2804 5275 quod,

2893 555 3086 634 vasit‚
3122 554 3237 620 sed
3273 554 3551 620 nimium
3586 555 3941 634 festinavit,
3977 567 4044 623 et
4077 556 4441 640 praefixum
4478 575 4517 619 a
4534 554 4761 621 Domino

2894 648 3156 791 temXus
3214 662 3347 706 non
3400 643 3836 724 exspectavit:
3892 662 3967 709 ac
4011 641 4281 725 proinde
4321 641 4583 705 minime
4620 661 4765 708 accu-

2894 745 3010 790 san
3061 748 3137 791 us
3215 727 3402 810 quasi
3480 749 3681 793 manu
3759 730 4024 812 propria
4090 727 4594 794 sacrificavisset.
4667 728 4766 793 Sed

2895 811 3164 895 gravius
3205 812 3277 877 in
3322 833 3398 878 eo
3440 814 3753 894 peccavit,
3799 815 3967 898 quod
4013 834 4213 896 quum
4258 814 4326 877 in
4371 822 4660 896 promptu
4693 834 4767 878 re-

2894 895 3181 962 medium
3241 898 3530 976 haberet,
3583 921 3716 966 non
3771 921 3929 967 usus
3970 912 4088 965 est.
4176 899 4347 964 Nam
4388 920 4581 981 quum
4620 897 4772 965 dilabi

2894 983 3207 1067 populum
3274 995 3340 1050 et
3405 996 3584 1051 metu
3649 986 4020 1069 perculsum
4088 1005 4157 1051 se
4222 984 4490 1050 domum
4541 983 4774 1067 recipere

2896 1068 3167 1149 videret,
3227 1091 3347 1138 cur
3403 1092 3533 1136 non
3591 1071 3949 1139 advocabat
4003 1070 4348 1148 Ahiazum,
4409 1080 4483 1134 ut
4524 1069 4775 1153 deinceps

2896 1155 3066 1232 fecit,
3111 1164 3181 1219 et
3222 1177 3295 1221 os
3337 1157 3608 1222 Domini
3649 1155 4144 1241 interrogabat?
4232 1156 4406 1221 Nam
4453 1154 4633 1220 Deus
4670 1178 4776 1238 pro-

2897 1241 3166 1306 miserat
3205 1263 3276 1307 se
3320 1253 3725 1324 praesentem
3764 1243 4138 1308 adfuturum
4176 1242 4482 1308 omnibus
4513 1241 4706 1324 ipsum
4730 1243 4778 1306 in

2895 1326 3028 1392 fide
3090 1337 3157 1392 et
3222 1329 3497 1395 veritate
3563 1329 4039 1395 invocantibus.
4128 1327 4334 1393 Ahias
4403 1348 4563 1393 vero
4622 1347 4778 1408 quum

2896 1411 3110 1496 ephod
3169 1414 3454 1491 haberet,
3515 1414 3722 1479 veluti
3780 1425 4187 1498 praesentem
4247 1413 4590 1480 Christum
4641 1413 4781 1477 exhi·

2896 1497 3108 1574 bebat,
3151 1499 3221 1563 in
3265 1500 3449 1567 ouius
3493 1500 3760 1566 nomine
3788 1500 4128 1565 familiaris
4162 1499 4244 1565 ad
4278 1498 4501 1566 Deum
4539 1518 4782 1563 accessus

2895 1593 3094 1668 patet.
3186 1584 3408 1667 Quare
3463 1608 3662 1669 quum
3710 1584 3873 1655 Saul
3918 1596 4175 1651 tantum
4216 1584 4605 1652 beneficium
4644 1605 4783 1667 prae-

2897 1691 3050 1735 sens
3115 1671 3498 1754 neglexerit,
3575 1673 3808 1738 merito
3872 1671 4362 1737 condemnatur.
4467 1669 4638 1735 Nam
4688 1669 4784 1752 pri·

2897 1776 3077 1820 mum
3146 1757 3349 1821 nimia
3415 1758 3530 1822 illa
3595 1758 3925 1824 festinatio
3982 1758 4111 1822 fuit
4165 1755 4497 1822 contraria
4537 1755 4696 1832 fidei,
4742 1766 4789 1821 et

2897 1862 3047 1907 cum
3092 1841 3443 1908 rebellione
3487 1845 3871 1910 coniuncta:
3932 1843 4013 1909 ad
4058 1862 4255 1925 quam
4299 1842 4576 1907 accessit
4615 1842 4787 1925 ingra-

2899 1925 3127 2005 titudo,
3174 1928 3534 1993 remedium
3571 1929 3879 2006 oblatum,
3925 1931 3982 1995 si
4016 1928 4208 1994 modo
4242 1928 4653 2007 advertisset,
4686 1927 4788 1991 reii-

2897 2012 3096 2083 ciens.
3184 2015 3388 2097 Atqui
3434 2024 3686 2081 certum
3731 2028 3832 2081 est
3874 2036 4006 2081 non
4048 2024 4382 2081 contemtu
4428 2025 4548 2079 aut
4580 2014 4790 2078 fastidio

2899 2096 3163 2165 Saulem
3230 2099 3355 2164 hoc
3420 2099 3807 2165 beneficium
3873 2100 4203 2168 reiecisse:
4272 2097 4391 2165 sed
4460 2109 4698 2164 terrore
4748 2108 4791 2162 et

2897 2194 3076 2250 metu
3119 2184 3494 2268 perculsum
3539 2186 3761 2265 fuisse,
3809 2196 3881 2252 ut
3923 2207 4134 2269 neque
4177 2185 4562 2251 meminerit
4602 2183 4789 2268 ephod.

2898 2291 3108 2353 neque
3166 2269 3541 2338 sacerdotis.
3629 2273 3740 2337 Ex
3797 2273 4034 2356 quibus
4088 2272 4285 2337 allata
4339 2271 4646 2354 superius
4681 2270 4793 2333 doc-

2897 2356 3075 2420 trina
3118 2354 3356 2424 clarius
3400 2356 3631 2438 elucet,
3674 2360 3769 2423 ita
3810 2379 3953 2425 esse
3996 2371 4255 2424 nostros
4297 2378 4532 2422 omnes
4568 2356 4793 2422 affectus

2898 2440 3291 2509 cohibendos
3348 2452 3417 2508 et
3467 2443 3878 2523 fraenandos,
3939 2453 4014 2509 ut
4056 2465 4173 2509 nos
4217 2454 4394 2509 totos
4438 2443 4515 2507 in
4560 2442 4679 2507 Dei
4715 2439 4794 2503 ob·

2898 2528 3193 2610 sequium
3253 2548 3738 2614 componamus,
3799 2539 3867 2594 et
3922 2551 4084 2595 vera
4123 2529 4254 2594 fide
4296 2529 4373 2593 in
4417 2549 4498 2593 eo
4542 2547 4794 2611 perseve-

2899 2634 3136 2679 remus.
3226 2616 3326 2681 Ac
3369 2616 3423 2680 si
3468 2616 3635 2679 forte
3677 2615 3864 2681 Deus
3905 2615 4230 2682 occultare
4271 2635 4347 2680 se
4394 2614 4708 2690 videatur,
4749 2622 4794 2675 et

2896 2700 2967 2763 in
3005 2699 3326 2765 maximas
3363 2702 3703 2784 angustias
3726 2701 4126 2786 redigamur,
4160 2700 4602 2765 nihilominus
4622 2712 4791 2763 tmen

2899 2782 2980 2850 de
3016 2785 3221 2868 ipsius
3254 2806 3412 2870 erga
3446 2807 3569 2852 nos
3602 2788 3867 2871 egregia
3902 2787 4237 2853 voluntate
4275 2785 4582 2870 persuasi
4615 2786 4790 2855 simus.

2897 2880 3350 2953 exspectantes
3409 2873 3549 2938 eius
3603 2872 3921 2939 auxilium
3967 2883 4335 2956 opportuno
4381 2892 4644 2953 semper
4680 2882 4793 2934 tem·

2896 2976 3055 3042 pore
3112 2978 3421 3040 praesens
3475 2957 3879 3042 adfuturum,
3933 2958 4126 3025 modo
4184 2960 4254 3024 in
4312 2957 4428 3023 illo
4473 2954 4792 3023 invocando

2898 3062 3406 3127 perseveremus.
3493 3043 3584 3109 Et
3625 3044 3996 3128 quicunque
4038 3066 4228 3112 casus
4273 3043 4642 3119 evenerint,
4694 3061 4792 3104 om·

2896 3128 3081 3194 nium
3142 3149 3361 3195 rerum
3417 3140 3789 3197 nostrarum
3848 3131 4097 3198 exitum
4151 3132 4224 3195 in
4267 3128 4454 3195 illius
4499 3126 4791 3213 providm·

2900 3214 3058 3280 tiam
3118 3214 3509 3297 reiiciamus,
3567 3227 3635 3280 et
3674 3216 3744 3281 ιιι
3789 3215 3903 3282 illo
3945 3217 4084 3283 solo
4127 3216 4700 3300 conquiescamus:
4742 3229 4792 3274 se

2897 3319 3307 3383 summopere
3363 3320 3708 3367 caveamus
3749 3323 3835 3367 ne
3878 3303 4156 3368 nimium
4202 3301 4393 3368 nobis
4437 3317 4793 3384 arrogemus,

2895 3406 3064 3452 neve
3129 3386 3271 3451 Deo
3338 3408 3458 3453 nos
3522 3387 3794 3471 regendi
3837 3388 4154 3454 rationem
4197 3387 4647 3471 praescribere
4684 3383 4795 3449 veli-

2895 3493 3064 3537 mus.
3153 3471 3413 3539 Deinde
3485 3471 3863 3539 discendum
3931 3495 4014 3539 ex
4080 3473 4206 3541 hoc
4270 3473 4435 3551 loco,
4527 3480 4698 3537 metu
4744 3469 4794 3532 ιιι

2895 3558 3083 3624 nobis
3129 3556 3507 3624 dominante
3550 3569 3618 3624 et
3659 3579 3895 3625 sensus
3937 3580 4164 3626 omnes
4200 3567 4571 3642 occupante
4605 3554 4792 3622 rationi

2896 3653 2964 3708 et
3005 3641 3245 3710 iudicio
3288 3643 3502 3710 locum
3538 3645 3738 3728 eripi:
3783 3644 3943 3711 adeo
3978 3656 4055 3711 ut
4091 3664 4525 3729 quaecunque
4559 3638 4793 3727 perionis

2895 3728 2969 3793 in
3018 3730 3290 3808 ruerint,
3368 3731 3660 3796 animum
3740 3732 3963 3815 statim
4045 3729 4589 3814 despondeamus.
4670 3727 4795 3793 Nam

2897 3834 2969 3880 re
3015 3835 3092 3880 us
3149 3815 3411 3898 quidem
3471 3816 3774 3883 secundis
3816 3827 3885 3881 et
3924 3817 4257 3901 prosperis
4300 3816 4509 3881 fidem
4555 3822 4793 3880 nostram

2896 3900 2967 3965 in
3011 3898 3225 3966 Deum
3271 3901 3607 3980 iactamus,
3653 3912 3719 3967 ει
3757 3923 3875 3987 pro
3919 3903 4055 3969 solo
4097 3901 4501 3967 auxiliatore
4545 3905 4615 3965 in
4649 3898 4793 3964 rebus

2899 3987 3196 4070 angustis
3265 3996 3330 4051 et
3388 3986 3756 4054 difficilibus
3818 3989 4150 4068 habemus,
4224 3988 4514 4070 denique
4572 3987 4792 4068 quisque

2898 4071 3199 4138 fiduciam
3243 4094 3410 4156 quae
3451 4073 3525 4137 in
3568 4096 3774 4138 unum
3819 4075 4039 4140 Deum
4083 4083 4184 4139 est
4219 4071 4630 4139 coniicienda
4661 4088 4791 4154 prse-

2901 4157 3075 4223 dicat
3131 4170 3199 4223 et
3254 4180 3649 4259 magnopere
3705 4161 3963 4226 laudat:
4023 4159 4137 4227 sed
4196 4160 4308 4226 ubi
4354 4158 4439 4225 ad
4486 4179 4631 4223 rem
4678 4176 4792 4219 ven·

2899 4252 3043 4308 tum
3086 4252 3201 4323 est,
3268 4254 3337 4310 et
3378 4267 3445 4310 m
3492 4267 3594 4312 res
3639 4245 3948 4311 adversas
3989 4245 4355 4323 incidimus,
4413 4244 4654 4327 quibus
4688 4258 4793 4324 pre·

2900 4329 3159 4405 mimur,
3207 4337 3387 4396 tanto
3430 4342 3608 4397 metu
3642 4331 4076 4415 percellimur,
4122 4340 4195 4396 ut
4235 4353 4317 4396 ex
4353 4344 4587 4395 mente
4619 4334 4791 4393 noem

2898 4414 3216 4481 iudicium
3283 4417 3489 4495 abeat,
3569 4426 3636 4484 et
3697 4416 3827 4483 Dei
3893 4417 4373 4500 promissiones,
4456 4416 4543 4481 de
4608 4410 4791 4498 quibus

2901 4500 3097 4584 paulo
3172 4512 3327 4566 ante
3387 4511 3726 4586 tantopere
3784 4503 4190 4569 laetabamur
4248 4513 4316 4568 et
4375 4501 4789 4587 gloriabamur.

2902 4587 3207 4652 effluant:
3265 4586 3394 4655 Dei
3453 4589 3854 4655 voluntatem
3912 4590 4190 4672 probare
4243 4608 4665 4672 nequeamus,
4708 4602 4787 4646 ne·

2902 4694 3029 4757 que
3085 4673 3289 4756 ipsius
3342 4674 3660 4741 virtutem
3718 4674 4049 4741 meditari:
4114 4673 4397 4758 denique
4456 4686 4641 4739 tanta
4684 4690 4789 4753 per·

2903 4757 3185 4825 turbatio
3230 4768 3482 4825 mentes
3526 4770 3815 4845 occupet,
3860 4770 3932 4826 ut
3975 4782 4101 4844 quo
4146 4783 4264 4827 nos
4308 4772 4646 4827 vertamus
4682 4772 4787 4819 uen-

2901 4846 3169 4911 ciamus.
3258 4844 3484 4926 Quare
3537 4846 3596 4911 si
3640 4868 3758 4912 nos
3803 4846 3928 4911 Dei
3976 4848 4171 4913 verbo
4217 4845 4543 4930 regendos
4586 4841 4788 4910 tradere

2906 4932 3226 5012 volumus,
3285 4929 3601 4998 adversus
3663 4932 4030 4998 istiusmodi
4087 4933 4414 4999 violentos
4460 4933 4787 5024 affectus‘et

2904 5018 3256 5100 passiones,
3314 5017 3547 5100 quibus
3588 5019 3682 5084 ita
3725 5019 4023 5102 rapimur
4065 5028 4133 5083 et
4176 5021 4436 5104 agimur
4480 5026 4558 5084 ut
4598 5018 4787 5081 besuae

2904 5104 3109 5168 simus
3176 5123 3258 5169 an
3330 5102 3625 5169 homines
3690 5106 4012 5170 incertum
4068 5105 4171 5183 sit,
4236 5103 4655 5189 pugnandum
4702 5108 4785 5160 683-

2905 5188 3349 5270 Quamobrem
3409 5189 3753 5255 utilissima
3797 5198 3896 5257 est
3942 5189 4237 5256 doctrina
4282 5192 4423 5270 ista,
4492 5208 4616 5273 qua
4652 5184 4785 5250 dooe-
