5059 6059
233 328 342 397 529

234 517 528 586 mimae
583 514 940 597 Israaeitas,
994 518 1051 580 et
1102 515 1297 584 ivisse
1340 536 1464 599 per
1518 517 1798 603 sinquloe

231 601 627 671 circumivisse
704 599 1040 683 Bethlem,
1133 605 1190 666 et
1273 600 1556 687 Galyala
1629 608 1685 670 et
1760 602 2130 686 mephath,

231 688 430 757 deinde
467 705 777 787 matun
825 688 902 788 jn
945 686 1334 753 Rhamatha:
1388 689 1551 772 quod
1590 689 1681 755 ibi
1720 689 2131 789 esset‘domus

233 861 414 927 altare
433 771 743 924 fferam.
787 770 2134 959 §upmfisswvidimhffsamueleffgabei?

231 964 399 1012 nasse
446 944 754 1027 populum
804 965 872 1009 1n
917 943 1292 1028 Masphath,
1351 945 1587 1029 quibus
1627 945 1845 1012 verbis
1893 943 2135 1010 indica·

236 1041 358 1097 tum
390 1039 505 1110 est,
547 1037 692 1094 tum
727 1030 1049 1112 accepisse
1082 1030 1298 1112 ipsum
1334 1030 1793 1113 gubernacula,
1829 1038 1897 1096 et
1930 1030 2134 1098 fuisse

233 1136 268 1182 a
301 1114 525 1199 populo
569 1114 872 1192 electum,
919 1126 1116 1198 atque
1159 1124 1297 1180 tum
1341 1117 1754 1182 autoritatem
1809 1116 2134 1199 accepisse

234 1198 704 1268 administrandi
749 1199 1009 1283 publica
1051 1201 1333 1285 negotia,
1437 1222 1593 1268 uum
1635 1202 1822 1286 prius
1877 1209 2132 1267 tantum

236 1288 361 1353 loco
427 1286 652 1352 eximii
716 1285 1070 1369 prophetae
1144 1306 1185 1352 a
1248 1306 1420 1370 popu
1445 1308 1484 1353 o
1549 1294 2009 1372 agnosceretur
2068 1293 2137 1351 et

230 1372 556 1439 coleretur:
604 1390 680 1437 ac
713 1369 987 1453 proinde
1022 1371 1314 1437 nondum
1350 1372 1608 1455 plenam
1649 1370 1919 1439 haberet
1954 1379 2134 1439 auto-

232 1458 467 1524 ritatem
520 1455 1020 1522 administrandi
1077 1455 1591 1541 remplublicam,
1648 1457 1852 1524 donec
1894 1457 2133 1542 populo

235 1545 297 1608 in
364 1540 721 1626 Masphath
792 1550 1188 1626 congregato
1266 1543 1571 1611 inivisset
1652 1544 2131 1643 magistratum.

232 1627 534 1711 Deinceps
566 1646 727 1693 vero
742 1625 993 1711 ,dicitur
1016 1626 1328 1712 populum
1359 1628 1844 1712 gubernassem
1858 1627 2133 1695 Bethele

234 1725 293 1779 et
327 1712 613 1798 Galgale,
682 1712 1073 1814 tandemque
1130 1734 1428 1814 reversus
1486 1715 1556 1780 in
1613 1712 2008 1815 Rhamatha,
2063 1714 2133 1780 in

237 1796 2014 1969 :nussidtttzifftffi’gesstz{tssfflffissssssssf·
2050 1808 2135 1951 Ρέ

236 1969 439 2053 primis
477 1970 686 2054 igitur
741 1969 849 2035 hic
892 1966 1220 2037 Samuelis
1271 1972 1342 2036 in
1383 1970 1594 2038 officio
1652 1970 1946 2038 faciendo
1987 1969 2133 2036 dili·

237 2055 433 2139 gentia
481 2054 810 2132 laudatur,
875 2075 1003 2138 quo
1059 2056 1342 2122 sciamus
1398 2055 1614 2140 ipsum
1678 2057 1840 2124 duce
1902 2055 2135 2142 spiritu

240 2148 437 2207 sancto
475 2147 739 2206 tantum
780 2159 1024 2207 munus
1067 2138 1572 2208 administrasse.
1662 2142 1759 2209 Ac
1801 2162 1958 2209 sane
1999 2147 2135 2208 tota

239 2226 382 2292 haec
426 2224 697 2292 historia
757 2232 1051 2305 testatur,
1108 2226 1326 2294 Deum

177 2327 187 2344 ⁹
239 2310 395 2378 hunc
441 2314 659 2378 virum
709 2311 1057 2378 excitasse:
1111 2332 1303 2396 quem
1389 2311 1657 2379 modum
1698 2315 1930 2398 cuique
1973 2313 2135 2380 satis

237 2403 323 2461 est
357 2406 774 2481 compertum,
836 2417 1094 2462 omnem
1137 2396 1531 2481 sapientiam
1572 2406 1641 2465 et
1682 2397 2133 2466 excellentiam

238 2481 305 2548 ab
352 2482 468 2548 hoc
508 2504 640 2548 uno
683 2483 882 2559 fonte,
940 2482 1083 2548 Deo
1127 2502 1381 2566 nempe,
1434 2503 1718 2549 manare.
1807 2483 2033 2565 Quare
2077 2485 2133 2549 si

238 2586 376 2718 2133:
409 2567 2133 2737 {¹3:252}ssffloe⁸¹3503233533223¹3223322³ffi

242 2739 485 2805 sciamus
527 2760 567 2804 a
607 2737 759 2805 Deo
791 2703 987 2806 ’nobis
1029 2739 1323 2824 proponi,
1365 2747 1445 2806 ut
1482 2741 1773 2806 omnium
1815 2704 2130 2806 bondrum

242 2835 295 2888 et
342 2825 652 2891 virtutum
707 2832 1003 2890 autorem
1060 2824 1247 2889 illum
1290 2844 1716 2908 agnoscamus
1757 2832 1828 2892 et
1867 2845 2132 2893 venere·

241 2929 381 2975 mur.
461 2909 687 2992 Quare
742 2911 800 2976 si
842 2909 926 2976 ad
984 2909 1423 2995 gubernacula
1464 2930 1683 2978 rerum
1727 2909 2132 2995 publicarum

242 3003 610 3075 praestantes
669 2993 1020 3078 prudentia
1075 3005 1141 3062 et
1180 2996 1449 3063 consilio
1493 2996 1614 3062 viri
1660 2994 1945 3075 sedeant,
2002 2995 2132 3063 Dei

243 3078 519 3148 beneficio
597 3087 670 3146 et
749 3081 1014 3165 speciali
1077 3081 1305 3147 favore
1380 3081 1764 3167 contingere
1834 3081 2131 3149 sciamus.

243 3163 441 3249 Neque
491 3165 673 3233 enim
728 3188 872 3232 sese
928 3167 1222 3234 homines
1279 3187 1500 3234 creare
1554 3177 1622 3232 et
1663 3168 1942 3234 formare
1982 3189 2129 3253 pos·

246 3261 404 3315 sunt:
464 3260 532 3317 et
583 3262 808 3318 tamen
864 3252 1061 3339 longe
1126 3253 1377 3319 homini
1450 3252 1703 3319 facilius
1763 3253 1934 3320 foret
1990 3274 2131 3320 sese

246 3352 450 3417 creare,
482 3358 679 3422 quam
714 3337 966 3422 ingenii
998 3338 1175 3404 vires
1210 3338 1384 3404 dare.
1427 3338 1601 3405 Nam
1635 3348 1879 3423 quanto
1914 3339 2134 3406 anima

245 3418 405 3506 longe
455 3422 719 3490 excellit
774 3442 1061 3507 corpore,
1119 3423 1439 3509 rebusque
1492 3423 1793 3491 omnibus
1836 3426 2131 3504 terrenis,

246 3513 398 3573 tanto
448 3507 775 3576 difficilius
830 3519 928 3574 est
972 3518 1209 3575 natura
1251 3516 1478 3576 nostra
1517 3510 1731 3576 coelos
1771 3520 2133 3596 penetrare,

246 3599 300 3654 et
326 3591 529 3660 divina
558 3593 698 3661 illic
732 3596 1048 3678 mysteria
1066 3604 1284 3661 mente
1312 3594 1877 3677 comprehendere.
1922 3596 2133 3662 Porro

248 3675 291 3739 si
314 3697 431 3744 non
462 3699 807 3763 possumus
841 3680 1074 3764 capitis
1102 3681 1310 3747 nostri
1332 3680 1639 3764 capillum
1673 3702 1879 3748 unum
1914 3681 2131 3749 album

246 3770 338 3826 aut
368 3764 616 3848 nigrum
666 3764 898 3846 facere,
940 3765 1133 3833 sicuti
1175 3765 1364 3833 docet
1394 3787 1516 3832 nos
1547 3765 1869 3832 Dominus
1911 3775 2133 3833 noster

245 3842 401 3914 Iesus
436 3849 758 3928 Christus,
801 3850 1012 3916 multo
1055 3851 1276 3917 minus
1314 3851 1517 3917 ullam
1539 3852 1852 3918 virtutem
1875 3860 1994 3917 aut
2016 3874 2132 3918 ex-

246 3931 572 4001 cellentiam
592 3936 800 4001 animi
821 3935 1007 4002 nobis
1026 3936 1185 4020 ipsis
1207 3956 1617 4020 comparare:
1650 3935 1764 4003 sed
1789 3937 1973 4003 Deus
1995 3939 2133 4021 ipse

248 4017 446 4103 cuique
486 4019 816 4087 distribuit
855 4021 1217 4087 secundum
1260 4043 1652 4101 mensuram,
1697 4041 1894 4107 quam
1934 4044 2132 4107 expe-

247 4099 362 4202 dire
419 4108 618 4173 novit.
703 4106 957 4173 Idcirco
1018 4108 1220 4191 igitur
1284 4105 1610 4175 Samuelis
1673 4108 2001 4174 industria
2063 4117 2131 4174 et

249 4184 549 4273 diligentia
588 4192 1153 4271 commendantur,
1213 4199 1287 4258 ut
1328 4194 1609 4260 sciamus
1665 4214 1705 4259 a
1746 4192 1889 4259 Deo
1930 4194 2129 4261 fuisse

248 4270 561 4343 formatum
592 4285 663 4345 et
694 4277 1077 4363 expolitum,
1122 4286 1189 4344 et
1224 4277 1361 4344 suis
1395 4278 1579 4345 donis
1613 4278 1871 4345 abunde
1904 4300 2130 4346 cumu-

248 4354 440 4440 latum,
482 4384 681 4447 quum
725 4364 951 4448 populi
992 4365 1093 4430 sui
1140 4362 1337 4431 vellet
1377 4365 1689 4431 misereri.
1778 4365 2126 4432 Caeterum

248 4460 439 4513 omnes
468 4449 579 4531 qui
612 4448 697 4513 ad
726 4469 945 4515 rerum
983 4449 1390 4534 publicarum
1422 4449 1865 4534 gubernacula
1884 4451 2130 4531 sedent,

248 4540 469 4625 pportet
524 4535 860 4619 exemplar
916 4535 1041 4602 sibi
1101 4533 1472 4603 Samuelem
1533 4556 1896 4620 proponere
1952 4535 2127 4619 quod

250 4615 565 4685 lmitentur.
651 4620 822 4685 Nam
877 4621 1262 4688 nominatim
1320 4619 1557 4688 dicitur
1618 4621 1891 4705 singulis
1935 4622 2126 4687 annis

252 4707 424 4796 totam
454 4706 778 4790 regionem
800 4706 1263 4786 circumivisse,
1298 4727 1511 4789 neque
1537 4706 1745 4773 labori
1765 4707 1886 4772 ulli
1905 4727 2128 4790 peper-

252 4803 388 4852 elsse
424 4797 498 4855 ut
549 4792 857 4875 populum
909 4812 1168 4859 summa
1220 4793 1596 4877 integritate
1651 4802 1716 4859 et
1757 4793 2128 4859 sinceritate

255 4881 490 4969 regeret.
572 4877 712 4944 Nae
769 4877 828 4945 si
886 4877 1060 4943 domi
1118 4900 1188 4944 se
1245 4879 1689 4958 continuisset,
1786 4878 1889 4944 uis
1946 4875 2013 4943 id
2067 4879 2128 4945 ei

256 4963 390 5052 vitio
408 4956 670 5029 dedisset
689 4974 802 5030 aut
836 4962 1272 5049 negligentiae
1307 4963 1719 5031 accusasset?
1811 4964 1890 5030 ed
1924 4984 2125 5048 quum

257 5034 457 5143 <heitar
506 5055 701 5114 totam
757 5052 1089 5134 regionem
1131 5070 1533 5135 peragrasse,
1587 5071 1798 5135 neque
1838 5070 1910 5116 se
1952 5047 2126 5114 domi

258 5131 626 5214 continuisse,
689 5156 771 5200 ex
829 5156 906 5202 eo
971 5143 1244 5219 apparet
1305 5137 1566 5220 qualem
1631 5157 1770 5203 esse
1834 5142 2128 5219 oporteat

261 5225 448 5280 euram
485 5226 548 5282 et
584 5220 1079 5287 sollicitudinem
1122 5241 1345 5289 eorum
1387 5222 1502 5306 qui
1544 5220 1625 5289 ad
1668 5242 1887 5288 rerum
1922 5221 2129 5304 publi-

436 5317 639 5377 Gavius·
659 5338 841 5393 opera.
887 5325 1009 5381 Vol.
1034 5321 1265 5384 xxm

1531 329 1632 395 IN
1674 329 1728 396 1.
1775 328 1956 397 LIB.
1998 328 2400 397 SAMUEL.
2446 326 2646 396 OAP.
2689 325 2839 394 VII.

1839 521 2458 584 mosaicarum

1414 2228 1591 2311 opuli
1633 2227 1737 2293 sui
1776 2227 2135 2307 misertum,
2172 2246 2177 2250 ’

4034 326 4164 396 530

2232 601 2499 668 habent.
2520 515 2916 686 gsuebgrssnge
2957 513 3304 667 aliielffaelite
3345 512 4163 668 sffntaffghiqffumdlffissroexdl.

2231 688 2403 755 Nam
2459 687 2618 755 olim
2676 685 2938 772 quidem
2997 687 3277 772 vestigia
3340 683 3659 769 quaedam
3712 706 3938 754 eorum
3997 706 4165 771 quae

2232 774 2342 842 hic
2385 773 2690 840 dicuntur
2733 772 2813 840 de
2856 771 3164 840 Samuele
3201 771 3629 839 exstiterunt:
3673 792 3877 855 quum
3919 771 4164 857 princi-

2231 878 2369 943 pes,
2431 879 2713 944 quorum
2790 857 3065 942 amplior
3126 867 3273 923 erat
3337 855 3522 958 ditio,
3601 856 3864 958 singula
3927 858 4166 942 oppida

2233 1029 2319 1097 tis
2361 942 3636 1113 iudiggfitaoogleogogiiffogfflngaz
3650 942 4166 1113 :Sthlii‘lzltg'isiui‘plsi

2236 1115 2540 1183 adessent
2590 1134 2707 1200 per
2762 1112 3013 1198 legatos
3067 1112 3136 1179 id
3191 1119 3621 1197 praestarent,
3688 1133 3818 1197 quo
3929 1113 4164 1198 opulus

2234 1201 2702 1282 sublevaretur,
2743 1205 2813 1267 et
2852 1219 3042 1267 suum
3085 1199 3316 1283 cuique
3358 1197 3785 1266 tribueretur:
3916 1221 3991 1267 eo
4029 1200 4167 1283 qui-

2236 1286 2384 1354 dem
2438 1294 2514 1353 ut
2570 1306 2657 1353 ne
2697 1305 2903 1369 pagus
2945 1284 3205 1369 quidem
3263 1292 3378 1351 aut
3417 1283 3578 1350 villa
3618 1283 3756 1350 ulla
3797 1294 4167 1371 superesset

2234 1372 2306 1438 in
2339 1392 2470 1456 qua
2501 1371 2609 1438 ius
2642 1389 2777 1437 non
2810 1370 3164 1438 diceretur:
3209 1391 3414 1454 quum
3447 1370 3518 1435 in
3552 1370 3695 1454 ipsa
3736 1369 3877 1437 loca
3919 1370 4166 1438 iudices

2235 1457 2673 1524 mitterentur.
2763 1454 2897 1524 Sed
2959 1456 3155 1541 longe
3211 1456 3342 1523 alia
3401 1463 3502 1523 est
3547 1454 3932 1522 iudiciorum
3976 1457 4164 1536 ratio,

2236 1551 2312 1608 ut
2386 1543 2495 1609 vel
2573 1541 2657 1609 ad
2720 1540 3194 1628 quinquaginta
3252 1539 3460 1608 millia
3524 1560 3715 1624 saepe
3766 1540 4159 1609 indiciorum

2234 1630 2423 1695 sedes
2456 1638 2746 1695 remotae
2759 1628 2924 1694 sint:
2968 1627 3106 1696 etsi
3134 1626 3362 1695 eodem
3388 1626 3531 1692 loco
3563 1626 3946 1708 habeantur,
3983 1635 4165 1694 tanta

2237 1722 2459 1781 tamen
2515 1713 2695 1781 hunc
2749 1711 3045 1780 ordinem
3086 1712 3334 1780 invasit
3372 1710 3760 1796 corruptela,
3806 1720 3885 1778 ut
3926 1712 3985 1780 si
4026 1734 4164 1780 me-

2236 1798 2472 1867 diocris
2524 1797 2912 1865 conditionis
3019 1799 3295 1883 uispiam
3351 1817 3459 1864 res
3522 1816 3676 1864 suas
3739 1807 4167 1882 persequatur

2233 1883 2340 1950 liti
2403 1892 2596 1968 atque
2649 1883 2889 1950 iudicio
3030 1905 3259 1953 versus
3300 1882 3808 1966 locupletiorem,
3867 1884 3983 1951 vix
4027 1890 4165 1951 toto

2234 1990 2407 2037 anno
2440 1970 2829 2037 sententiam
2862 1968 3106 2036 iudices
3141 1969 3597 2054 pronuntient:
3636 1976 3704 2034 et
3736 1987 3932 2052 saepe
3966 1988 4162 2037 causa

2235 2055 2496 2123 excidat
2538 2055 2693 2121 licet
2729 2055 2875 2123 iure
2915 2056 3185 2136 nitatur,
3228 2053 3344 2122 sed
3378 2053 3551 2138 quod
3592 2053 3816 2120 favore
3853 2055 3924 2120 in
3966 2055 4163 2121 aliam

2235 2148 2488 2242 partem
2528 2140 2863 2242 inclinent.
2952 2140 3166 2242 Tanta
3207 2147 3335 2240 est·
3350 2139 3560 2240 hodie·
3589 2137 3975 2241 indiciorum
4019 2162 4164 2208 cor-

2232 2224 4167 2397 {3503223}03:¹¹ssffiptffl‘z‘zzzutffiffiufflpffiess?

2236 2404 2457 2464 tamen
2498 2416 2577 2463 eo
2618 2405 2929 2480 tanquam
3139 2395 3221 2463 do
3254 2396 3524 2464 veniant
3563 2395 4002 2463 calamitatem
4045 2397 4168 2463 toti

2234 2483 2490 2568 regioni
2523 2481 2806 2564 allaturi,
2841 2502 2929 2565 qu
3044 2483 3141 2548 ita
3173 2480 3431 2548 sordide
3464 2489 3533 2549 et
3566 2501 3763 2549 avare
3786 2481 3890 2548 ius
3927 2480 4167 2564 dicant,

2234 2578 2314 2634 ut
2354 2567 2578 2634 nullus
2616 2569 2767 2634 finis
2808 2567 3025 2633 litium
3067 2573 3395 2651 appareat.
3441 2565 3574 2635 Sed
3619 2586 3695 2633 eo
3737 2587 3842 2633 res
3879 2566 4164 2649 devenit,

2237 2661 2310 2719 ut
2366 2653 2481 2738 qui
2522 2654 2739 2739 gratia
2782 2651 2955 2737 apud
2996 2673 3187 2737 reges
3231 2660 3348 2718 aut
3391 2650 3716 2738 principes
3757 2651 4024 2736 pollent,
4086 2673 4167 2721 ea

2238 2738 2600 2806 miserrime
2643 2737 3016 2805 abutantur.
3078 2736 3266 2820 Quae
3310 2758 3465 2805 vero
3487 2746 3821 2805 tantarum
3843 2738 4167 2807 confusio-

2235 2846 2395 2890 num
2458 2844 2654 2891 causa
2731 2833 2833 2890 est
2896 2823 3025 2888 alia
3085 2844 3280 2907 qnam
3344 2823 3714 2907 principum
3778 2823 4031 2891 incuria
4095 2832 4165 2891 et

2236 2931 2459 2976 eorum
2511 2909 2913 2995 negligentia
2967 2908 3204 2992 quibus
3256 2929 3473 2975 rerum
3584 2908 3943 2975 ublicarum
4007 2930 4164 2977 cura

2234 2995 2579 3061 commissa
2619 2994 2761 3061 est?
2835 2995 3188 3061 Caeterum
3230 2993 3498 3061 minime
3587 2992 3809 3059 ubium
3854 3001 3956 3060 est
3997 2996 4160 3080 quin

2234 3079 2420 3148 Deus
2475 3080 2601 3148 hac
2654 3080 2908 3148 ratione
2947 3079 3334 3166 populorum
3389 3088 3655 3162 peccata
3694 3079 3943 3163 puniat,
4002 3101 4159 3147 nam

2279 3175 2494 3233 eccata
2536 3164 2879 3233 hominum
2920 3186 3181 3233 causam
3224 3176 3292 3231 et
3332 3166 3648 3250 originem
3693 3165 3984 3230 omnium
4028 3186 4162 3232 ma-

2261 3272 2449 3318 orum
2504 3252 2779 3318 istorum
2835 3271 2992 3321 vere
3035 3248 3249 3319 dicere
3291 3271 3657 3336 possumus.
3744 3249 3990 3316 Parum
4035 3252 4159 3317 ita-

2234 3357 2364 3420 que
2405 3345 2810 3421 promovent,
2851 3338 2966 3421 qui
3007 3342 3268 3403 tantum
3308 3336 3625 3404 adversus
3668 3334 4049 3419 iniquitates
4092 3345 4161 3404 et

2233 3423 2525 3501 iniurias,
2585 3420 2900 3490 adversus
2954 3422 3335 3490 violentiam
3376 3420 3785 3488 invehuntur
3825 3442 4021 3505 quam
4065 3422 4160 3488 fa-

2234 3509 2414 3575 ciunt
2445 3527 2745 3594 proceres
2778 3508 2935 3577 viri:
2981 3527 3182 3593 quum
3217 3514 3446 3575 contra
3479 3527 3672 3592 saepe
3709 3506 3865 3572 inde
3898 3506 4161 3574 seditio-

2234 3614 2352 3660 nes
2394 3601 2461 3660 et
2501 3594 2892 3661 secessiones
2933 3593 3119 3677 fiant,
3163 3613 3443 3678 quarum
3476 3593 3674 3660 finem
3718 3592 4160 3659 miserrimum

2234 3689 2303 3746 et
2357 3679 2908 3746 luctuosissimum
2964 3699 3108 3745 esse
3170 3698 3433 3746 necesse
3495 3686 3612 3745 est.
3717 3676 3896 3758 Quid
3959 3679 4162 3764 igitur

2234 3765 2403 3833 facto
2446 3772 2548 3831 est
2587 3764 2795 3848 opus?
2880 3765 3136 3848 Nempe
3177 3770 3320 3830 tum
3362 3783 3483 3830 nos
3525 3762 3710 3830 decet
3750 3784 3970 3830 coram
4015 3765 4157 3831 Deo

2235 3850 2421 3918 deiici
2456 3860 2525 3917 et
2562 3848 2912 3929 humiliari,
2953 3869 3073 3917 nos
3115 3849 3291 3934 ipsos
3333 3848 3718 3933 expendere,
3762 3855 3956 3934 atquc
3999 3850 4158 3917 ista·

2233 3957 2378 4001 rum
2443 3936 2898 4003 confusionum
2973 3935 3043 4001 in
3108 3956 3227 4001 nos
3291 3934 3467 4018 ipsos
3533 3933 3832 4001 derivare
3895 3956 4157 4003 causam

2232 4043 2488 4088 omnem
2531 4020 2703 4105 quod
2747 4021 2929 4087 Deus
2974 4028 3239 4103 peccata
3277 4027 3503 4086 nostra
3545 4021 3640 4087 sic
3675 4019 3922 4104 puniat,
3967 4029 4160 4105 atque

2231 4108 2500 4173 unicum
2534 4106 2855 4189 optimum
2889 4105 3065 4173 istud
3108 4113 3208 4172 est
3248 4104 3562 4171 adversus
3605 4114 3702 4172 tot
3736 4106 3910 4172 mala
3951 4125 4158 4171 reme-

2233 4192 2433 4257 dium.
2520 4190 2966 4259 Nihilominus
3023 4197 3240 4257 tamen
3298 4188 3636 4256 sciendum
3702 4211 3867 4274 quae
3923 4190 4031 4258 hic
4075 4188 4155 4257 de

2230 4276 2561 4346 Samuelis
2618 4277 2960 4362 diligentia
3002 4274 3376 4344 scribuntur
3415 4276 3489 4342 in
3534 4275 3840 4342 iudicium
3886 4283 3952 4341 et
3992 4295 4145 4342 con-

2230 4364 2708 4430 demnationem
2768 4362 2924 4428 olim
2965 4381 3227 4428 cessura
3283 4361 3582 4428 omnibus
3625 4361 3737 4444 qui
3780 4381 3900 4427 sua
3941 4359 4144 4444 negli-

2227 4450 2453 4534 gentia
2508 4458 2626 4515 aut
2687 4447 2813 4513 alia
2875 4448 3065 4531 culpa
3128 4455 3222 4514 tot
3283 4446 3476 4514 malis
3537 4452 3606 4513 et
3665 4444 4147 4513 confusionibus

2226 4535 2630 4602 occasionem
2685 4531 3138 4618 praebuerint:
3195 4539 3392 4616 atque
3432 4531 3585 4598 olim
3628 4531 3945 4597 rationem
3989 4550 4145 4596 suae

2227 4619 2801 4687 administrationis
2827 4617 3214 4696 reddituros,
3258 4638 3389 4684 non
3424 4616 3685 4701 quidem
3720 4616 3802 4682 iis
3836 4637 3877 4681 a
3909 4615 4143 4700 quibus

2225 4705 2522 4772 advocati
2576 4704 2843 4786 fuerint,
2908 4725 3041 4770 non
3095 4701 3491 4781 mortalibus,
3557 4700 3671 4767 sed
3728 4720 3984 4766 summo
4045 4700 4142 4767 illi

2223 4791 2439 4871 iudici,
2482 4797 2740 4856 tantum

2224 4877 2280 4944 si
2323 4875 2726 4944 subditorum
2770 4895 2991 4941 curam
3033 4873 3403 4950 abiecerint,
3440 4880 3506 4937 et
3546 4892 3623 4938 ea
3666 4890 3797 4955 qua
3835 4891 3960 4954 par
4001 4880 4144 4937 erat

2224 4963 2548 5045 aequitate
2601 4960 2706 5027 ius
2765 4981 2896 5027 non
2953 4959 3253 5025 dixerint.
3341 4958 3545 5022 Porro
3602 4955 3662 5023 si
3703 4956 3812 5039 qui
3857 4954 4143 5039 amplam

2225 5047 2535 5114 ditionem
2598 5047 2807 5114 sortiti
2870 5054 3042 5125 sunt,
3106 5043 3372 5108 minime
3429 5041 3601 5108 domi
3664 5040 3964 5121 residere,
4030 5041 4147 5109 sed

2224 5154 2412 5201 snam
2446 5132 2777 5218 regionem
2811 5130 3164 5215 oppidatim
3199 5129 3480 5195 lustrare
3500 5136 3568 5195 et
3587 5146 3937 5211 peragrare
3956 5145 4149 5228 opor-

2225 5229 2338 5300 tet,
2380 5220 2611 5305 cuique
2652 5238 2843 5286 suum
2886 5214 3267 5296 reddituros,
3310 5211 3463 5297 quid
3507 5232 3617 5279 eos
3672 5212 3854 5281 decet
3912 5213 4149 5298 quibus

2773 4790 3093 4873 flagitium
3125 4807 3462 4872 nunquam
3494 4785 3781 4852 inultum
3812 4785 4142 4864 relictui-0,

3503 5314 3739 5386 ,1134
