5059 6059
734 280 860 348 651

738 470 1096 554 stupefieri‚
1137 478 1210 531 ut
1246 466 1367 533 sibi
1404 466 1844 549 persuadeant
1865 466 1934 530 id
1957 466 2128 550 quod
2167 487 2300 530 non
2329 474 2446 543 est,
2491 465 2694 546 siqui·

2476 274 2890 343 HOMILIA
2930 275 3009 343 Ο.

4617 278 4733 345 652

2798 466 2981 529 omni
3039 485 3201 532 aevo
3257 465 3586 547 imposuit,
3646 474 3713 531 et
3770 466 4071 533 incautos
4128 466 4410 550 populos
4467 466 4734 548 seduxit,

746 555 894 621 dem
914 554 1141 619 divino
1157 554 1233 618 fit
1246 552 1505 630 iudicio,
1535 551 1741 634 utqui
1756 551 1838 615 ab
1856 552 2065 635 ipsius
2089 552 2366 618 veritate
2384 549 2698 615 recedunt
2799 548 3168 615 admiscens
3226 549 3512 633 aliquam
3565 550 3919 617 veritatem
3977 551 4346 618 mendacio.
4436 554 4539 618 Ac
4595 573 4734 619 sane

745 640 920 706 iusta
955 640 1145 704 istius
1168 638 1496 704 caecitatis
1519 656 1728 719 poena
1763 638 2141 720 puniantur.
2200 635 2552 720 Spectrum
2573 636 2697 719 igi-

745 734 853 791 tur
881 726 1081 790 fuisse
1108 721 1386 789 dicimus
1410 722 1583 806 quod
1607 723 1676 786 in
1700 743 1984 806 persona
2005 721 2336 787 Samuelis
2370 722 2694 806 apparuit.

917 811 1128 876 Porro
1176 808 1444 875 Saulem
1492 808 1586 873 sic
1630 807 2012 890 alloquitur:
2065 807 2274 889 Quwre
2315 807 2700 874 commovisti

743 916 859 975 me,
903 896 1206 961 evocando
1249 914 1364 959 me.
1448 892 1795 976 Significat
1838 894 2016 958 enim
2061 914 2182 957 vox
2230 893 2512 959 hebraea
2557 900 2696 955 tur-

744 981 1075 1047 bationem
1120 988 1238 1045 aut
1280 979 1801 1045 commotionem.
1871 976 2205 1060 Quidquid
2250 980 2356 1054 sit,
2402 976 2698 1042 diabolus

750 1068 845 1133 ita
889 1085 1236 1149 personam
1275 1064 1606 1130 Samuelis
1650 1065 1804 1147 agit,
1848 1075 1925 1129 ut
1968 1063 2144 1146 quod
2188 1065 2404 1147 potuit
2426 1061 2697 1131 Samuel

749 1153 966 1218 dicere
1012 1151 1093 1216 de
1139 1171 1209 1216 se
1255 1152 1451 1215 etiam
1501 1149 1799 1215 diabolus
1844 1149 2035 1229 dicat,
2085 1160 2159 1213 ut
2207 1146 2395 1215 Sauli
2439 1147 2698 1214 facilius

748 1238 972 1303 fucum
1019 1236 1235 1313 faciat,
1283 1246 1349 1301 et
1387 1233 1558 1318 quod
1578 1234 1990 1318 responderit
2020 1234 2234 1299 maius
2256 1233 2431 1317 apud
2476 1234 2697 1316 ipsum

749 1322 1007 1408 pondus
1052 1322 1307 1388 habeat.
1400 1320 1532 1387 Sed
1590 1321 1855 1384 interim
1903 1320 2087 1385 Deus
2144 1320 2343 1385 etiam
2391 1320 2499 1384 hic
2543 1338 2698 1384 suas

747 1418 970 1492 partes
1013 1408 1172 1492 agit.
1238 1407 1411 1472 Nam
1456 1404 2004 1488 quemadmodum
2044 1405 2342 1470 diabolus
2378 1404 2696 1469 mendacii

748 1504 938 1578 pater
982 1502 1243 1558 tantum
1289 1493 1539 1574 expetit
1585 1491 1881 1557 homines
1926 1489 2261 1570 seducere,
2302 1498 2371 1555 et
2402 1491 2586 1555 Deus
2628 1490 2698 1554 in

750 1578 1125 1645 incredulos
1185 1578 1367 1642 illam
1427 1586 1819 1660 potestatem
1874 1576 1996 1659 ipsi
2054 1576 2398 1660 permittit,
2460 1574 2544 1638 ad
2590 1594 2700 1640 eos

749 1686 870 1748 pro
929 1664 1181 1729 meritis
1246 1660 1694 1746 castigandos:
1761 1662 1853 1727 ita
1921 1661 2121 1726 etiam
2184 1663 2367 1726 Deus
2433 1681 2517 1725 ex
2582 1680 2704 1725 sua

750 1758 937 1833 parte
982 1770 1145 1832 opus
1191 1769 1381 1814 suum
1429 1747 1583 1831 agit,
1647 1757 1713 1812 et
1759 1747 1883 1814 hac
1917 1747 2173 1813 ratione
2216 1747 2390 1812 servi
2437 1746 2542 1811 sui
2586 1744 2706 1811 Sa-

749 1836 985 1900 muelis
1009 1842 1156 1918 post
1177 1834 1427 1899 obitum
1453 1833 1869 1905 autoritatem
1896 1833 2089 1899 etiam
2117 1833 2330 1916 magis
2367 1853 2444 1898 ac
2491 1832 2704 1915 magis

752 1921 897 1986 vult
939 1922 1344 1989 confirmare.
1433 1916 1768 1999 Quamdiu
1815 1917 2084 1985 Samuel
2130 1917 2302 1983 vixit
2360 1918 2428 1981 in
2483 1916 2703 1981 terris.

752 2006 1202 2071 testimonium
1247 2004 1479 2070 habuit
1500 2012 1569 2067 et
1601 2004 1889 2087 insignia
1908 2004 2277 2069 certissima
2321 2001 2700 2085 prophetae,

750 2092 1005 2174 fuitque
1065 2091 1276 2156 sancti
1335 2089 1609 2172 spiritus
1667 2109 2023 2174 organum,
2092 2089 2274 2154 cuius
2334 2086 2705 2154 doctrinam

753 2177 1044 2259 oportuit
1111 2175 1458 2240 admittere
1524 2182 1833 2257 tanquam
1904 2175 2030 2257 legi
2096 2172 2228 2238 Dei
2303 2173 2704 2239 conformem

754 2262 943 2329 cuius
987 2261 1203 2327 fidelis
1246 2268 1393 2326 erat
1434 2261 1792 2344 interpres:
1838 2259 1967 2323 iam
2014 2267 2163 2342 post
2203 2259 2416 2342 ipsius
2452 2257 2704 2324 obitum

753 2348 873 2413 etsi
920 2346 1217 2412 diabolus
1262 2346 1406 2410 eius
1451 2365 1803 2428 personam
1846 2344 2078 2409 induat
2112 2354 2178 2410 et
2214 2344 2464 2412 veritas
2509 2343 2704 2408 aliam

753 2432 1033 2498 formam
1080 2431 1373 2514 accipiat,
1422 2431 1606 2495 Deus
1650 2440 1871 2494 tamen
1894 2429 2107 2495 fidelis
2138 2432 2317 2496 servi
2362 2431 2465 2494 sui
2488 2427 2704 2512 digni-

754 2524 960 2582 tatem
1004 2525 1371 2594 conservat,
1419 2515 1697 2598 facitque
1738 2523 1817 2580 ut
1860 2515 2177 2599 quidquid
2223 2515 2520 2582 diabolus
2564 2535 2705 2579 mo-

754 2602 976 2679 liatur,
1039 2601 1468 2666 nihilominus
1520 2608 1834 2684 appareat
1890 2621 2027 2666 non
2084 2621 2273 2684 posse
2316 2599 2705 2685 dignitatem

758 2709 956 2771 quam
1004 2686 1161 2753 olim
1222 2688 1414 2753 vivus
1461 2684 1728 2752 Samuel
1780 2684 2083 2765 obtinuit,
2145 2694 2402 2752 mortuo
2447 2684 2708 2750 detrahi

757 2774 917 2858 quin
965 2792 1162 2837 verus
1184 2771 1313 2837 Dei
1356 2770 1674 2855 propheta
1710 2773 1796 2836 sit
1839 2783 1904 2836 et
1950 2771 2290 2837 habeatur.
2337 2773 2446 2838 En
2468 2768 2707 2855 quibus

753 2858 965 2924 modis
1008 2858 1195 2923 Deus
1246 2856 1531 2923 Satanae
1587 2854 1850 2922 fraudes
1904 2858 1977 2921 in
2033 2858 2435 2923 contrarium
2487 2856 2705 2934 vertit,

755 2960 832 3011 ut
902 2964 1023 3028 pro
1101 2941 1441 3009 mendacio
1503 2941 1671 3024 quod
1736 2940 2054 3007 invehere
2119 2953 2395 3010 conatur
2458 2941 2707 3009 veritas

757 3030 968 3114 magis
1012 3049 1089 3095 ac
1131 3029 1345 3112 magis
1389 3028 1733 3094 elucescat.
1816 3027 2085 3094 Saulem
2132 3049 2292 3095 vero
2336 3026 2511 3111 quod
2557 3026 2707 3092 atti-

754 3126 890 3194 net,
952 3114 1191 3199 dignus
1249 3134 1410 3179 sane
1463 3112 1589 3178 fuit
1648 3114 1761 3195 qui
1816 3113 2187 3190 falleretur,
2244 3123 2314 3179 et
2371 3112 2708 3180 Samuelis

752 3201 879 3267 hac
922 3199 1325 3283 apparitione
1378 3197 1732 3279 luderetur,
1791 3207 1871 3263 ut
1911 3220 2041 3264 non
2102 3197 2294 3265 modo
2346 3220 2482 3265 non
2527 3198 2708 3263 utilis

755 3286 903 3370 ipsi.
950 3285 1064 3350 sed
1110 3284 1327 3367 potius
1349 3285 1547 3350 noxia
1569 3292 1759 3364 esset,
1803 3283 1965 3349 adeo
1986 3292 2059 3348 ut
2094 3284 2268 3351 iusto
2291 3286 2415 3351 Dei
2464 3283 2706 3350 iudicio

755 3372 828 3436 in
875 3371 1397 3454 desperationem
1436 3370 1707 3435 veniret.
1770 3370 2122 3435 Caeterum
2167 3380 2248 3435 ut
2290 3378 2442 3436 ante
2487 3370 2707 3454 attigi·

757 3478 927 3534 mus,
989 3455 1286 3522 diabolus
1335 3456 1429 3520 ita
1484 3475 1830 3538 personam
1879 3453 2211 3522 Samuelis
2269 3455 2573 3532 sustinet,
2633 3461 2710 3520 ut

760 3541 931 3626 quod
975 3541 1338 3606 verisimile
1384 3548 1526 3607 erat
1560 3541 1848 3621 simulet,
1893 3560 2133 3624 nempe
2161 3540 2539 3608 Samuelem
2587 3541 2710 3605 hac

762 3627 1139 3693 evocatione
1163 3627 1590 3693 vehementer
1630 3627 2066 3711 indignatum,
2104 3626 2278 3708 quod
2314 3626 2711 3709 iniuria.ipsi

760 3714 965 3786 fieret,
1028 3733 1229 3794 quum
1292 3734 1376 3777 ex
1415 3713 1636 3794 quiete
1681 3720 1749 3777 et
1809 3710 2287 3794 tranquillitate
2332 3712 2437 3778 sui
2480 3732 2710 3777 manes

763 3804 1211 3865 evocarentur.
1256 3797 1434 3863 Hinc
1456 3796 1878 3863 observemus
1903 3796 2251 3874 diabolum,
2286 3819 2416 3881 quo
2452 3797 2712 3864 facilius

810 3882 1155 3947 ersuadeat
1176 3882 1538 3962 veritatem,
1583 3882 1922 3949 mendacia
1956 3882 2055 3946 illi
2090 3902 2288 3966 saepe
2331 3883 2710 3950 admiscere.

830 3989 936 4033 am
984 3969 1038 4032 si
1085 3966 1299 4049 qualis
1343 3978 1442 4031 est
1486 3980 1849 4050 appareret,
1910 3976 1977 4032 et
2019 3990 2091 4034 se
2138 3968 2514 4035 hominibus
2558 3989 2710 4035 con-

760 4050 1169 4137 spiciendum
1207 4052 1564 4135 praeberet,
1610 4054 2047 4120 certissimum
2079 4063 2181 4118 est
2214 4053 2471 4120 horrori
2497 4051 2713 4118 omni-

762 4140 884 4205 bus
929 4139 1249 4212 futurum,
1307 4144 1373 4201 et
1416 4138 1590 4219 ipsos
1634 4137 1986 4205 seducendi
2031 4138 2413 4205 facultatem
2460 4147 2713 4205 tantam

706 4278 717 4287 .
762 4246 895 4289 non
942 4223 1339 4288 habiturum.
1402 4222 1556 4288 Istis
1593 4224 1797 4306 igitur
1838 4225 2094 4290 artibus
2141 4225 2441 4290 homines
2485 4223 2711 4302 eludit,

762 4319 838 4375 ιιι
881 4309 1163 4391 speciem
1225 4308 1523 4372 veritatis
1578 4308 1863 4391 aliquam
1925 4318 2271 4392 proponat,
2304 4320 2398 4389 ,et
2441 4317 2711 4394 gustum

764 4395 1047 4478 aliquem
1109 4392 1381 4472 iniiciat,
1449 4401 1521 4458 ut
1574 4394 1666 4458 ita
1724 4394 2060 4460 oculorum
2114 4404 2182 4461 et
2240 4396 2482 4461 mentis
2540 4398 2712 4461 acies

761 4480 1186 4565 perturbetur
1242 4489 1308 4544 et
1363 4480 1713 4558 caecutiat,
1783 4487 1857 4544 ut
1912 4479 2122 4564 ipsius
2180 4480 2524 4548 mendacia
2582 4501 2711 4545 non

757 4568 1219 4634 discernantur
1300 4586 1342 4630 a
1419 4563 1546 4629 Dei
1622 4563 1921 4630 veritate.
2034 4564 2147 4633 Sic
2224 4568 2500 4633 venefici
2577 4587 2711 4631 non

762 4652 1116 4738 propinant
1161 4649 1441 4733 simplex
1487 4670 1817 4715 venenum
1857 4671 1938 4715 ne
1980 4651 2122 4732 ipso
2168 4660 2366 4736 gustu
2388 4653 2711 4720 admoniti

764 4738 1001 4822 quibus
1044 4736 1436 4819 propinatur
1489 4735 1896 4801 abstineant:
1956 4736 2072 4801 sed
2130 4758 2383 4804 veneno
2440 4759 2710 4805 suavem

762 4823 1045 4905 aliquem
1091 4831 1360 4904 gustum
1417 4820 1807 4901 immiscent,
1868 4829 1945 4886 ut
2001 4822 2096 4886 sic
2151 4823 2452 4890 incautos
2496 4827 2714 4908 oppri-

761 4916 968 4973 mant.
1060 4906 1174 4973 Sic
1233 4906 1410 4989 apud
1468 4906 1786 4973 Ioannem
1841 4907 1911 4973 in
1954 4907 2354 4993 Apocalypsi
2401 4909 2713 4976 dicuntur

764 4993 1284 5059 abominationes
1329 4994 1397 5058 in
1435 5013 1634 5058 aureo
1679 5001 1935 5059 cratere
1977 4995 2333 5078 propinari,
2379 4997 2460 5060 ad
2485 5016 2712 5064 omnes

765 5080 876 5164 qui
921 5098 1005 5141 ex
1067 5099 1142 5143 eo
1186 5077 1474 5144 biberint
1530 5078 1946 5161 decipiendos
2000 5086 2067 5144 et
2112 5100 2370 5145 veneno
2412 5082 2710 5147 inficien-

766 5167 901 5232 dos.
950 5162 1127 5228 Istae
1172 5172 1330 5229 sunt
1375 5163 1614 5230 diaboli
1658 5165 1938 5244 fraudes,
1982 5165 2219 5248 quibus
2253 5167 2385 5231 iam
2429 5166 2586 5233 inde
2630 5170 2710 5234 ab

2794 642 3109 718 quotquot
3150 634 3554 703 idololatriae
3599 638 3850 720 species
3887 638 3960 701 in
3996 637 4248 703 mundo
4291 637 4734 716 obtinuerunt,

2798 721 2879 785 ab
2927 720 3048 786 hoc
3093 720 3274 785 fonte
3319 741 3617 788 manasse
3673 721 3997 799 videntur,
4056 744 4294 807 nempe
4338 723 4560 789 Deum
4607 725 4741 806 qui·

2798 806 2945 874 dem
2992 805 3334 871 adoratum
3380 806 3599 886 fuisse,
3645 808 3758 873 sed
3805 829 3925 891 pro
3951 828 4107 873 vero
4150 808 4340 874 cultu
4384 818 4454 874 et
4496 808 4744 874 sincero

2797 893 2859 957 ei
2903 911 3164 975 semper
3205 891 3455 974 aliquid
3498 892 3862 959 humanum
3908 892 4274 959 admixtum
4307 895 4528 960 fuisse.
4573 893 4743 975 Quin

2800 977 2996 1041 etiam
3042 978 3308 1043 obsecro
3362 997 3559 1060 quam
3618 980 3688 1044 in
3746 988 3989 1062 papatu
4035 980 4374 1063 religionis
4415 980 4743 1062 speciosus

3995 1064 4124 1129 Dei
4185 1065 4526 1142 voluntas,
4594 1065 4745 1131 fides

2799 1145 3143 1226 catholica,
3190 1160 3458 1213 sanctae
3503 1151 3736 1215 matris
3780 1150 4094 1216 ecclesiae
4138 1160 4205 1215 et
4232 1152 4434 1217 totius
4458 1150 4748 1217 christin-

2800 1232 3044 1299 nisimi.
3124 1232 3260 1299 Sed
3304 1232 3601 1301 diabolus
3645 1236 3766 1301 sub
3812 1236 3960 1301 istis
4005 1236 4454 1301 velaminibus
4497 1257 4643 1315 sua,
4681 1244 4748 1302 ut

2801 1319 3012 1396 aiunt,
3059 1338 3142 1383 ne
3181 1328 3616 1403 cognoscatur
3658 1319 3947 1387 occultat
3988 1341 4256 1388 cornua.
4303 1320 4747 1403 Quamobrem

2802 1424 2921 1468 nos
2965 1405 3287 1469 cautiores
3331 1425 3474 1471 esse
3533 1414 3790 1489 oportet
3831 1428 3916 1470 ne
3975 1407 4356 1485 istiusmodi
4415 1407 4750 1473 fraudibus

2800 1489 3047 1553 incauti
3091 1487 3511 1573 decipiamur.
3602 1491 3959 1558 anterum
4016 1492 4186 1575 quod
4235 1513 4309 1558 se
4352 1502 4749 1558 commotum

2802 1595 2842 1639 a
2887 1594 3008 1639 sua
3052 1575 3269 1656 quiete
3294 1574 3565 1642 Samuel
3601 1588 3936 1660 queratur,
3980 1600 4066 1644 ex
4094 1577 4583 1662 eocolligimus
4603 1579 4753 1644 fidos

2803 1658 2936 1724 Dei
2979 1680 3203 1725 servos
3260 1669 3410 1743 post
3452 1661 3586 1727 fata
3646 1663 3998 1746 quiescere,
4058 1672 4126 1728 et
4180 1665 4250 1729 in
4297 1664 4450 1729 Deo
4509 1663 4750 1741 laem-i,

2804 1753 3019 1811 certos
3063 1743 3144 1810 de
3164 1746 3357 1831 regni
3392 1749 3644 1813 aeterni
3689 1748 4118 1833 possessione,
4163 1768 4362 1833 quam
4410 1750 4560 1831 ipse
4581 1750 4754 1815 Deus

2804 1839 2906 1897 est
2948 1829 3153 1914 ipsius
3195 1829 3544 1913 pollicitus.
3614 1834 3801 1900 Haec
3844 1833 4053 1917 igitur
4090 1836 4384 1917 ipsorum
4433 1844 4542 1900 est
4586 1844 4753 1900 tran-

2805 1915 3096 1998 quillitas
3156 1926 3221 1982 et
3274 1937 3534 1983 summa
3591 1939 3723 2001 pax
3779 1918 3952 2003 quod
4009 1919 4284 1987 decurso
4358 1920 4554 1985 vitae
4612 1941 4757 1986 suae

2806 2000 3041 2082 stadio,
3096 2012 3163 2066 et
3205 2010 3395 2067 extra
3437 2023 3633 2069 omne
3674 2004 4038 2088 periculum
4087 2006 4218 2069 iam
4264 2006 4491 2088 quiete
4537 2006 4756 2072 fruan-

2808 2095 2918 2151 tur
2960 2088 3287 2169 superatis
3346 2088 3654 2156 omnibus
3698 2088 4196 2158 difficultatibus
4240 2090 4488 2174 quibus
4558 2091 4760 2159 adhue

2806 2171 3043 2237 luctari
3087 2194 3208 2238 nos
3249 2172 3321 2237 in
3367 2173 3473 2238 his
3514 2175 3712 2241 terris
3749 2184 4041 2258 oportet:
4085 2197 4160 2243 ac
4205 2176 4491 2260 proinde
4517 2178 4758 2242 turbari

2805 2258 3099 2340 ipsorum
3169 2258 3451 2341 quietem
3518 2281 3727 2343 quum
3793 2261 3874 2327 ab
3934 2260 4316 2328 hominibus
4383 2274 4758 2327 evocantur.

2805 2343 3090 2407 Interim
3146 2353 3368 2408 tamen
3429 2344 3760 2411 diabolum
3806 2345 4106 2413 videmus
4152 2346 4427 2414 Saulem
4483 2348 4564 2411 in
4611 2346 4761 2413 falsa

2806 2429 2937 2493 ista
2976 2429 3283 2512 opinione
3326 2429 3614 2497 voluisse
3648 2433 4057 2511 confirmare,
4101 2432 4672 2499 coniurationibus
4701 2446 4762 2497 st

2809 2514 3144 2580 veneficiis
3180 2535 3369 2597 posse
3392 2524 3656 2583 sanctos
3697 2518 4053 2600 prophetas
4076 2519 4359 2596 evocari,
4407 2527 4477 2583 et
4513 2520 4759 2584 animas

2809 2619 2977 2682 quae
3020 2601 3088 2663 in
3135 2598 3263 2664 Dei
3306 2607 3463 2665 sunt
3506 2609 3852 2683 potestate.
3913 2602 4052 2670 Nos
4095 2624 4256 2669 vero
4301 2603 4635 2671 discamus
4676 2605 4761 2670 eis

2810 2682 3168 2750 adhaerere
3208 2685 3470 2749 veritati
3507 2698 3581 2751 ut
3618 2708 4047 2771 quaecunque
4069 2688 4370 2756 diabolus
4402 2689 4760 2756 admiscue-

2811 2770 2900 2835 rit
2964 2768 3452 2849 abominemur,
3519 2793 3605 2836 ne
3667 2774 3916 2839 incauti
3981 2773 4065 2839 ab
4127 2775 4273 2858 ipso
4335 2774 4758 2859 decipiamur.

2812 2854 3140 2937 Quoniam
3192 2876 3348 2920 vero
3395 2857 3646 2922 infirmi
3703 2865 3861 2924 sunt
3929 2878 4166 2926 sensus
4239 2861 4449 2926 nostri
4470 2910 4487 2939 ,

2811 2961 3159 3026 precemur
3184 2950 3256 3006 ut
3280 2962 3399 3007 nos
3443 2941 3796 3025 prudentia
3817 2950 3885 3008 et
3926 2947 4216 3027 puritate
4251 2953 4557 3023 exornet,
4600 2947 4758 3012 eim-

2811 3047 2939 3110 que
2979 3026 3254 3093 verbum
3281 3047 3633 3109 sequamur
3654 3027 3826 3112 quod
3843 3039 3945 3095 est
3979 3031 4192 3097 instar
4215 3031 4454 3098 ardent
4503 3032 4756 3097 issimse

2812 3113 2992 3190 facis,
3053 3132 3249 3195 quam
3310 3113 3369 3177 si
3426 3115 3689 3195 sequuti
3737 3114 4058 3180 fuerimus
4113 3119 4187 3181 in
4229 3117 4536 3183 tenebris
4575 3117 4757 3182 huius

2811 3197 3043 3263 mundi
3099 3198 3425 3263 lucentem
3469 3219 3809 3282 nunquam
3861 3201 4232 3273 aberraturi
4277 3202 4514 3270 simus.
4597 3202 4756 3268 Nam

2812 3283 2937 3350 etsi
2979 3283 3049 3348 in
3086 3282 3316 3348 multis
3350 3285 3773 3370 oaecutimus,
3818 3285 4254 3353 nihilominus
4284 3296 4518 3353 tamen
4563 3289 4624 3355 si
4645 3287 4758 3352 Du?

2811 3370 3025 3454 legem
3069 3368 3330 3451 sequuti
3375 3369 3713 3450 fuerimus,
3777 3392 4108 3455 nunquam
4158 3374 4232 3439 in
4287 3374 4470 3438 ullos
4515 3391 4758 3439 errores

2812 3454 3247 3521 deducemur:
3307 3454 3640 3521 sufficiens
3683 3457 3860 3522 enim
3905 3468 4005 3522 est
4050 3458 4132 3523 ad
4180 3458 4360 3526 viam
4404 3461 4476 3524 in
4527 3459 4633 3525 his
4673 3466 4760 3525 te-

2811 3539 3032 3607 nebris
3055 3539 3571 3624 monstrandam,
3614 3542 3819 3609 donec
3850 3541 3933 3607 ad
3969 3544 4383 3626 propositum
4415 3543 4614 3610 nobis
4635 3564 4762 3609 ace-

2812 3647 2969 3710 pum
3007 3626 3518 3708 pervenerimus.
3564 3627 3800 3710 Neque
3821 3628 3998 3693 enim
4035 3629 4287 3696 frustra
4306 3629 4570 3697 Paulus
4589 3629 4764 3696 docet

2813 3713 2991 3779 viam
3051 3731 3193 3777 esse
3247 3711 3319 3775 in
3376 3731 3510 3794 qua
3564 3711 3870 3778 insistere
3930 3711 4264 3795 debemus,
4321 3736 4534 3798 quum
4595 3716 4764 3781 iubet

2814 3819 2933 3863 nos
2972 3796 3042 3861 in
3085 3817 3163 3862 ea
3204 3796 3505 3863 incedere
3560 3804 3627 3862 et
3686 3797 3766 3864 de
3813 3810 4038 3865 nostra
4092 3799 4306 3866 salute
4351 3809 4571 3866 certos
4614 3821 4764 3867 eoee

2987 3882 3194 3947 Porro
3253 3880 3561 3965 deinceps
3608 3881 3770 3949 Saul
3832 3893 4102 3950 excusat
4146 3905 4219 3949 se
4263 3885 4448 3969 apud
4494 3885 4766 3952 Samue-

2814 3969 2944 4034 lem
2993 3968 3137 4033 istis
3182 3968 3428 4033 verbis:
3491 3967 3814 4052 Anyustia
3846 3974 3938 4035 est
3976 3970 4139 4034 mihi
4172 3971 4377 4047 valde,
4421 3990 4578 4038 nam
4619 3971 4766 4037 Pia·-

2816 4054 3028 4123 listaei
3069 4052 3293 4119 bellum
3330 4058 3557 4136 yerunt
3596 4060 3809 4120 contra
3853 4075 3968 4134 me,
4028 4055 4212 4122 Deus
4255 4060 4474 4123 autam
4528 4058 4764 4123 remed

2816 4164 2860 4208 a
2901 4160 3019 4220 me,
3063 4159 3171 4204 nec
3214 4139 3396 4204 audit
3437 4158 3533 4204 me
3575 4141 3874 4220 amplius,
3921 4142 4054 4207 sive
4089 4162 4213 4222 per
4240 4140 4602 4223 prophetae
4645 4145 4762 4207 ,πᾶσι

2804 4247 2929 4309 per
2983 4225 3250 4305 somnia,
3308 4230 3688 4306 quapropter
3746 4227 4089 4292 inclamavi
4143 4233 4200 4292 te
4238 4232 4308 4293 ut
4347 4228 4582 4293 ἅοοεαε
4623 4227 4763 4311 quid

2813 4314 2939 4378 sim
2978 4311 3286 4392 facturus,
3322 4308 3406 4373 In
3452 4310 3690 4392 quibus
3713 4311 3935 4377 verbis
3958 4320 4237 4396 apparet
4258 4310 4546 4379 Saulem
4585 4332 4764 4398 qnae-

2817 4399 2967 4465 dam
3030 4394 3245 4462 adhuc
3302 4394 3638 4478 religionis
3697 4396 3964 4481 vistigia
4005 4398 4380 4481 retinuisse,
4443 4398 4762 4483 siquiden

2815 4504 3017 4569 quum
3063 4502 3103 4545 a
3146 4480 3522 4564 potentibus
3565 4482 3850 4548 inimicis
3898 4493 4251 4568 urgeretur
4272 4504 4315 4548 a
4359 4484 4618 4567 quibm
4658 4482 4762 4549 sihi

2815 4569 3166 4643 metuebat,
3212 4564 3295 4629 ad
3340 4564 3557 4630 Deum
3602 4567 4120 4652 confugiendum
4157 4590 4302 4635 esse
4345 4571 4560 4647 novit.

2814 4654 3076 4740 pietatis
3134 4649 3396 4735 aliquod
3454 4653 3716 4736 signum
3775 4662 3896 4719 est.
3984 4652 4260 4720 Saulem
4325 4654 4543 4740 igitur
4653 4657 4670 4669 '

2814 4761 2968 4808 vere
3012 4740 3215 4805 fuisse
3256 4737 3440 4822 pium
3486 4738 3804 4821 siquidem
3849 4737 4059 4804 divini
4102 4741 4397 4807 nominis
4449 4742 4766 4809 invocatio

2814 4825 3209 4893 sacrificium
3272 4823 3416 4886 Deo
3481 4833 3583 4888 est
3648 4824 4100 4908 gratissimum
4121 4877 4135 4901 ,
4214 4827 4767 4909 quemadmodum

2813 4911 3078 4978 Psalmo
3123 4909 3210 4974 50
3252 4910 3432 4974 Deus
3478 4929 3593 4991 per
3636 4910 4030 4993 prophetam
4090 4911 4321 4979 docet:
4371 4913 4636 4980 Invoca
4677 4933 4767 4977 me

2815 4999 2920 5064 die
2964 4995 3373 5062 necessitatis
3417 5003 3483 5057 et
3526 5015 3648 5079 ego
3667 4996 4038 5061 exaudiam
4061 5004 4149 5063 te.
4197 4997 4350 5064 Iam
4385 4998 4600 5084 igitur
4621 4996 4772 5064 Saul

2814 5105 2974 5150 suae
3029 5080 3452 5164 impotentiae
3522 5091 3588 5145 et
3671 5080 4153 5149 imbecillitatis
4211 5085 4382 5151 satis
4457 5085 4768 5159 comus

2815 5168 2990 5254 quod
3032 5188 3166 5235 non
3212 5172 3384 5233 esset
3427 5165 3723 5232 hostibus
3764 5167 4130 5235 resistendo
4169 5189 4320 5255 par,
4363 5170 4515 5238 Deo
4549 5168 4770 5237 tribuit

2800 1069 2900 1128 est
2957 1062 3155 1127 hodie
3210 1071 3620 1145 praetextus,
3696 1084 3935 1148 nempe
