5059 6059
264 316 335 386 89
1556 314 1655 381 IN
1699 314 1757 382 L
1800 315 1982 383 LIB.
2027 307 2429 382 SAMUEL.
2472 313 2671 380 GAP.
2714 315 2868 382 XV.
4115 316 4203 382 90

260 508 650 582 invexerunt,
707 513 775 568 et
831 502 1060 571 turbas
1121 503 1458 585 dederunt,
1517 504 1859 572 veritatem
1906 504 2032 571 Dei
2091 505 2160 568 in

261 589 646 658 mendacium
690 595 1176 671 converterunt,
1217 590 1344 656 Dei
1388 610 1629 656 nomen
1674 609 1934 675 semper
1969 609 2162 674 prae·

262 677 552 753 dicarunt,
596 683 665 740 et
707 696 784 740 eo
827 675 1087 759 gloriati
1131 685 1307 743 sunt.
1396 674 1837 758 Quamobrem
1895 696 2163 744 necesse

261 773 348 830 est
385 761 754 846 diligentem
797 759 1096 829 adhiberi
1137 763 1524 841 emtionem,
1568 770 1642 826 nt
1686 761 1828 827 veri
1869 770 2166 846 pastores

259 858 316 915 et
365 846 502 912 Dec
561 866 718 912 vere
777 841 1118 931 approbati
1181 849 1262 913 ab
1328 847 1474 915 aliis
1538 847 2020 914 discernantur:
2088 866 2165 913 ac

256 932 504 1018 proinde
547 932 804 997 vocatio
861 933 1152 1016 ipsorum
1205 954 1338 1000 non
1397 931 1612 999 dubiis
1665 933 1870 1018 signis
1928 933 2166 1000 confir·

257 1029 484 1085 inetur:
555 1030 629 1083 ut
703 1017 826 1086 hac
893 1020 1150 1086 ratione
1203 1019 1580 1086 seductores
1637 1029 1704 1085 et
1761 1019 2165 1102 impostores,

257 1124 602 1188 quenquam
651 1103 775 1169 Dei
819 1125 1055 1170 nomen
1100 1103 1475 1180 obtendant,
1518 1104 1741 1188 procul
1788 1114 2006 1170 tamen
2054 1102 2165 1170 ab·

254 1188 533 1273 legentm
593 1198 664 1253 et
740 1199 1177 1256 coerceantur.
1284 1188 1536 1257 Idcirco
1599 1187 1972 1257 Samuelem
2056 1188 2165 1253 hic

254 1274 528 1374 videmus
588 1272 775 1340 Sauli
835 1296 1142 1375 revocare
1207 1277 1273 1341 in
1333 1276 1737 1354 memoriam,
1793 1296 1865 1340 se
1921 1296 1962 1340 a
2018 1274 2163 1340 Deo

251 1380 720 1511 ffiffiffss
748 1370 1301 1510 ffissffssffmffis.
1348 1367 1914 1511 fastam?
1953 1380 2162 1510 {²233

252 1529 300 1595 si
336 1527 703 1596 Samuelem
747 1537 884 1598 tam
929 1530 1254 1614 insignem
1297 1531 1705 1614 prophetam,
1757 1541 1825 1595 et
1867 1540 2003 1596 tam
2045 1549 2159 1613 ap-

249 1617 580 1699 probatum
636 1615 858 1681 multis
913 1615 1306 1683 testimoniis
1361 1636 1527 1700 quae
1569 1636 1612 1679 a
1653 1617 1885 1699 spiritu
1934 1625 2160 1681 sancto

248 1709 586 1783 moepemt,
629 1700 918 1784 oportuit
959 1721 1117 1766 suae
1159 1701 1520 1768 vocationis
1563 1701 1757 1767 fidem
1803 1702 2033 1778 facere,
2093 1706 2161 1766 et

250 1807 364 1850 non
407 1785 619 1852 dubiis
660 1785 872 1870 signis
914 1786 1301 1853 confirmare
1344 1807 1414 1851 se
1446 1806 1485 1850 a
1511 1787 1653 1852 Deo
1689 1785 1995 1852 mandata
2030 1785 2161 1851 ista

245 1871 568 2022 „aasz
596 1870 891 2041 {2⁰25}
931 1869 1199 2040 Ἧι
1215 1869 2160 2041 ,emissarius

244 2062 404 2119 esse,
469 2061 633 2126 qnos
690 2041 877 2107 Deus
943 2042 1230 2109 nondum
1297 2043 1379 2110 ad
1447 2051 1700 2109 tantam
1767 2043 2159 2128 dignitatem

242 2128 460 2208 evexit,
503 2148 718 2210 neque
756 2127 971 2195 adhuc
1013 2126 1162 2194 ullis
1207 2129 1415 2215 signis
1456 2130 1608 2197 fecit
1651 2129 2032 2213 conspicuos
2074 2149 2158 2193 ex

280 2213 459 2279 uibus
501 2213 652 2279 illos
696 2221 1006 2298 appareat
1048 2235 1087 2279 a
1132 2212 1418 2281 Domino
1461 2215 1732 2283 selectos
1775 2224 1843 2280 et
1884 2213 1966 2280 ad
2010 2234 2156 2279 eam

244 2235 613 2383 dignitatem
671 2298 973 2366 vocatos?
1062 2298 1503 2382 Quamobrem
1567 2300 1676 2368 hic
1737 2300 2158 2366 observemus

237 2394 515 2469 oportere
554 2384 737 2450 verbi
774 2384 904 2449 Dei
937 2405 1286 2468 praecones
1329 2407 1484 2454 suae
1521 2387 1880 2452 vocationis
1915 2384 2158 2451 habere

237 2470 686 2549 tsuimonium,
755 2485 828 2534 ut
887 2471 1200 2555 populum
1261 2472 1492 2540 docere
1548 2471 1829 2538 fideliter
1886 2471 2155 2555 possint,

234 2564 292 2620 et
329 2556 557 2622 falsam
603 2553 1314 2641 pseudoprophetarum
1361 2569 1428 2624 et
1471 2557 1885 2625 seductorum
1922 2556 2155 2622 doctri·

237 2661 370 2706 nam
413 2640 729 2707 refellere.
796 2641 999 2725 Atqui
1039 2642 1233 2709 hodie
1279 2663 1537 2710 neccsse
1581 2652 1681 2709 est
1723 2643 2151 2709 constitutum

238 2726 514 2792 ordinem
537 2727 1008 2794 ecclesiasticae
1030 2729 1385 2795 vocationis
1417 2728 1769 2808 observari,
1804 2736 1882 2794 ut
1916 2746 2150 2812 nempe

237 2812 348 2877 rite
389 2812 724 2897 eligantur
768 2812 880 2897 qui
923 2812 1054 2879 Dei
1112 2816 1390 2882 verbum
1448 2815 1903 2881 annuntiaturi
1961 2821 2150 2880 sunt:

236 2897 452 2964 deinde
497 2906 572 2964 ut
617 2897 895 2964 fideliter
939 2899 1154 2966 officio
1199 2901 1578 2985 fungantur.
1666 2901 1913 2967 Parum
1972 2899 2151 2965 enim

235 2996 326 3048 est
365 2995 662 3050 vocatum
709 2984 991 3067 aliquem
1050 2986 1130 3051 ad
1188 2986 1591 3054 functionem
1651 2986 2150 3053 ecclesiasticam

235 3089 379 3148 esse,
424 3069 554 3136 nisi
596 3069 809 3136 officio
853 3093 973 3137 suo
1018 3071 1351 3157 fungatur.
1439 3073 1645 3139 Porro
1687 3070 1814 3137 Dei
1874 3071 2150 3137 verbum

235 3163 324 3222 est
362 3154 582 3241 lydius
627 3154 737 3222 ille
779 3156 946 3239 lapis
989 3158 1068 3223 ad
1115 3178 1307 3242 quem
1332 3158 1767 3225 examinanda
1810 3166 1910 3225 est
1952 3178 2149 3242 quae·

233 3240 377 3308 libet
410 3327 423 3340 .
465 3241 780 3309 doctrina.
912 3241 1353 3324 Quamobrem
1433 3249 1802 3395 ‹ffiiicunque
1879 3242 2147 3310 docendi

233 3336 636 3394 autoritatem
679 3328 749 3393 in
794 3329 1066 3395 ecclesia
1109 3330 1381 3413 cupiunt
1425 3354 1462 3394 0
1509 3332 1738 3409 tinere,
1795 3330 1966 3397 hanc
2009 3328 2150 3413 pati

232 3412 428 3498 legem
474 3413 729 3494 debent,
797 3427 868 3479 ut
913 3413 995 3479 ad
1040 3435 1258 3483 sacrae
1301 3417 1662 3500 scripturae
1706 3436 2001 3483 normam
2047 3416 2146 3500 ip-

234 3519 444 3564 sorum
486 3498 784 3567 doctrina
847 3499 1285 3584 expendatur:
1361 3512 1433 3567 ut
1492 3503 1605 3568 flat
1655 3502 2017 3586 pericnlum
2065 3521 2148 3566 an

234 3604 269 3649 a
305 3583 444 3650 Deo
503 3585 648 3670 ipso
705 3585 874 3652 docti
931 3585 1083 3668 sint,
1139 3601 1207 3653 et
1264 3595 1482 3653 tantos
1537 3589 1604 3653 in
1665 3589 1869 3672 ipsius
1926 3588 2149 3655 schola

226 3691 602 3755 progressus
657 3671 947 3752 fecerint,
1011 3685 1086 3737 ut
1151 3673 1358 3756 ipsius
1425 3675 1686 3741 nomine
1753 3675 2147 3761 legationem

227 3756 408 3836 obire,
452 3765 518 3821 et
561 3779 596 3823 s
643 3757 834 3823 iritns
877 3757 1080 3840 ipsius
1124 3780 1268 3825 esse
1309 3780 1556 3844 organa
1598 3767 1665 3827 et
1706 3762 2148 3827 instrumenta

225 3843 478 3922 possint.
648 3851 800 3926 tque
865 3842 1025 3909 haec
1097 3844 1286 3910 nobis
1342 3845 1632 3913 eruenda
1686 3846 1984 3913 doctrina
2048 3855 2148 3913 est

229 3947 303 3991 ex
344 3926 563 3994 verbis
604 3928 733 3995 illis
781 3926 1128 4014 Samuelis,
1174 3930 1408 4015 quibus
1452 3932 1787 4016 praefatur
1830 3953 1900 3998 se
1944 3953 1983 3997 a
2005 3931 2146 3997 Do·

229 4012 392 4078 mino
438 4013 712 4080 missum
757 4014 958 4080 fuisse
999 4016 1184 4099 prius
1228 4016 1310 4082 ad
1356 4040 1388 4082 r
1449 4015 1450 4018 ’
1513 4040 1575 4083 ιιι
1625 4016 1999 4103 ungendum
2046 4018 2144 4102 ip·

229 4118 364 4163 sum
404 4098 699 4165 Saulem.
787 4099 1135 4167 Caeterum
1183 4100 1426 4169 Samus
1495 4105 1640 4169 istis
1685 4104 1904 4170 verbis
1947 4104 2145 4170 etiam

230 4179 486 4250 Saulem
512 4184 716 4266 docet,
752 4186 1268 4270 quandoquidem
1294 4188 1420 4254 Dei
1459 4190 1660 4273 ipsius
1683 4189 1890 4256 veluti
1923 4210 2148 4269 manu,

229 4290 348 4334 non
412 4280 636 4337 autem
700 4273 836 4340 suis
899 4272 1162 4351 viribus,
1224 4294 1434 4357 neque
1490 4275 1813 4342 industria
1871 4296 2147 4360 regnum

232 4357 482 4440 accepit,
545 4358 689 4423 Deo
745 4355 909 4423 illud
964 4378 1093 4424 non
1150 4358 1521 4427 hominibus
1575 4362 1744 4428 ferre
1810 4370 2146 4445 acceptum

231 4439 428 4522 ipsum
473 4451 806 4526 oportere:
865 4453 931 4508 et
989 4443 1228 4511 ideirco
1282 4448 1670 4513 nominatim
1731 4446 1887 4513 dicit
1929 4447 2145 4530 ipsum

230 4528 546 4613 accepisse
585 4550 864 4615 regnum
908 4530 1266 4598 ministerio
1310 4531 1659 4613 Samuelis,
1715 4535 1901 4600 cuius
1962 4534 2148 4599 Deus

230 4621 406 4677 autor
452 4615 682 4681 fuerat.
774 4613 1212 4697 Quamobrem
1274 4638 1537 4684 necesse
1593 4628 1693 4684 est
1737 4618 2008 4686 Saulem
2053 4620 2147 4686 sic

231 4717 266 4760 a
305 4698 444 4764 Deo
492 4710 815 4786 vocatum,
875 4703 1072 4767 totius
1130 4704 1234 4768 sui
1279 4704 1466 4788 regni
1511 4703 2146 4771 administrationem

231 4781 304 4846 ad
363 4782 488 4852 Dei
559 4786 954 4854 voluntatem
1021 4787 1314 4872 exigere:
1384 4788 1544 4855 adeo
1611 4799 1685 4856 ut
1750 4792 1893 4857 Deo
1960 4792 2147 4877 regni

230 4871 588 4952 proprietas
641 4882 957 4952 servetur,
1016 4875 1204 4940 cuius
1249 4873 1410 4942 Saul
1467 4882 1724 4942 tantum
1765 4876 2017 4961 legatus
2060 4879 2148 4944 sit

233 4961 292 5017 et
332 4955 729 5024 administer.
817 4959 1031 5041 Quam
1098 4960 1284 5026 foeda
1340 4961 1511 5026 enim
1573 4972 1638 5028 et
1696 4983 1891 5046 quam
1939 4965 2148 5048 turpis

229 5036 338 5138 illa
375 5042 546 5108 foret
586 5043 1010 5130 ingratitudO,
1065 5045 1122 5110 si
1167 5044 1328 5113 Saul
1375 5047 1440 5112 in
1487 5050 1734 5133 regiam
1779 5047 1956 5114 illam
2003 5049 2146 5135 dig-

232 5135 494 5192 nitatem
540 5137 800 5197 evectus
844 5151 883 5196 a
918 5130 1222 5212 Domino,
1270 5132 1394 5198 Dei
1439 5133 1750 5199 mandata
1792 5145 2144 5218 sperneret,

233 5219 296 5275 et
329 5232 408 5276 ex
453 5214 653 5281 animi
698 5217 800 5283 sui
841 5217 1169 5283 sententia
1211 5226 1277 5284 et
1320 5218 1587 5285 arbitrio
1634 5220 1832 5286 vellet
1871 5243 2146 5309 regnum

2263 499 2767 569 administrare?
2812 501 3065 570 Idcirco
3097 503 3313 587 itaque
3336 500 3607 570 Samuel
3645 502 3831 574 illum
3867 501 4193 586 admonet,

2263 586 2476 670 ipsum
2521 607 2563 651 a
2603 587 2748 655 Deo
2792 589 2859 653 in
2905 588 3082 654 hunc
3136 589 3335 654 finem
3379 589 3448 654 in
3506 597 3758 656 tantam
3805 588 4193 674 dignitatem

2265 680 2586 751 evectum,
2632 681 2705 739 ut
2748 672 2893 738 Deo
2936 693 3183 740 morem
3274 683 3501 751 ereret,
3549 695 3821 759 seseque
3863 675 3945 740 ad
3991 674 4197 761 ipsius

2265 757 2665 824 voluntatem
2710 767 3145 843 componeret.
3228 695 3552 844 {quidem
3598 779 3752 826 vero
3794 761 4015 840 fateor,
4060 780 4194 828 non

2265 860 2490 909 omnes
2554 844 2667 929 qui
2729 844 2924 910 hodie
2984 844 3064 910 ad
3130 865 3348 911 rerum
3427 844 3866 931 gubernacula
3941 844 4192 930 sedent,

2265 926 2487 993 eodem
2525 929 2717 994 modo
2751 951 2879 1013 quo
2903 927 3063 997 Saul
3102 930 3305 997 fuisse
3340 938 3615 1011 vocatos,
3659 953 3787 997 non
3832 930 4190 999 adhibitam

2264 1013 2611 1162 ⁸f²{.⁰¹⁶¹¹¹
2623 1015 3049 1167 ¹pactionem,
3095 1023 3164 1080 et
3219 1015 3381 1166 rzihil
3439 1016 3568 1081 talo
3612 1017 3815 1167 quallel·
3855 1019 3920 1082 in
3967 1016 4192 1168 ¹Saulis

2264 1119 2580 1166 eecione
2650 1121 2689 1166 a
2755 1120 2903 1166 um:
2957 1121 3186 1167 verum
3275 1121 3467 1167 amen
3526 1123 3680 1168 vera
3738 1123 3759 1167 ι
3815 1124 3855 1169 a
3897 1125 3966 1169 es
4038 1124 4189 1169 sen-

2266 1185 2468 1249 tentia
2511 1196 2580 1250 et
2621 1184 3008 1266 indubitata,
3052 1207 3308 1253 omnem
3355 1195 3738 1271 potestatem
3784 1209 3925 1255 esse
3967 1211 4008 1255 a
4048 1188 4193 1254 Do-

2263 1270 2461 1336 mino.
2529 1270 2969 1353 Quamobrem
3014 1293 3276 1340 necesse
3315 1281 3417 1338 est
3458 1294 3567 1340 eos
3608 1274 3720 1357 qui
3762 1275 4034 1341 caeteris
4078 1274 4189 1341 do-

2263 1356 2604 1422 minantur
2645 1356 2822 1423 hunc
2864 1357 3075 1424 locum
3121 1356 3471 1443 diligenter
3513 1357 3880 1439 observare,
3925 1370 3999 1426 ut
4041 1380 4187 1426 mu·

2263 1441 2438 1506 neris
2479 1442 2584 1506 sui
2714 1451 2849 1508 rtes
2894 1464 3117 1510 omnes
3162 1443 3242 1509 ad
3267 1441 3395 1509 Dei
3437 1444 3837 1510 voluntatem
3881 1447 4186 1526 referant,

2261 1535 2326 1589 et
2369 1547 2526 1626 suae
2653 1528 3148 1629 ministrationis
3202 1528 3371 1594 ratio
3429 1529 3581 1595 inde
3622 1531 3833 1597 omnis
3874 1531 4187 1616 pendeat:

2260 1611 3309 1767 311ss'3ff2.¹20¹32‘?..¹33⁰2ffi.
3347 1616 4191 1786 333513‘1’23503233

2259 1780 2413 1846 olim
2457 1783 2603 1848 Deo
2646 1783 2926 1851 fideliter
2969 1786 3288 1851 rationem
3334 1784 3634 1852 reddant:
3670 1786 4187 1872 quandoquidem

2259 1868 2329 1932 in
2373 1888 2516 1933 eam
2564 1868 2948 1953 dignitatem
2996 1872 3169 1955 ipsos
3213 1874 3450 1951 evexit,
3510 1871 3632 1939 hcc
3688 1875 3820 1940 fine
3864 1895 3944 1939 ne
3988 1896 4029 1940 a
4072 1894 4195 1941 sna

2261 1952 2601 2019 voluntate
2648 1956 2971 2022 recedant.
3056 1955 3285 2040 Itaque
3327 1956 3455 2023 Dei
3522 1957 3905 2024 mandatum
3963 1959 4191 2026 sedulo

2259 2039 2627 2121 exquirant,
2663 2060 2739 2107 ac
2775 2040 3124 2126 diligenter
3146 2042 3559 2123 meditentur,
3599 2057 3673 2109 ut
3706 2065 3932 2110 revera
3964 2045 4191 2111 testari

2260 2125 2532 2207 possint,
2591 2147 2661 2192 se
2718 2127 2882 2192 nihil
2931 2128 3057 2193 nisi
3103 2127 3271 2211 quod
3315 2128 3477 2214 Deo,
3533 2150 3574 2195 a
3616 2150 3744 2213 quo
3803 2129 4189 2215 dignitatem

2261 2218 2513 2276 tantam
2558 2223 2962 2296 acceperunt,
3014 2221 3276 2298 gratum
3334 2224 3402 2278 et
3443 2224 3778 2299 acceptum
3825 2216 3930 2294 sit,
3972 2237 4191 2284 susce-

2259 2294 2431 2381 pisse
2475 2309 2541 2362 et
2583 2300 2879 2383 gessisse.
3792 2299 3801 2306 ’

2431 2383 2520 2448 Et
2556 2382 2636 2448 de
2670 2383 2813 2450 istis
2850 2384 3198 2451 hactenus:
3349 2385 3527 2451 uitur
3561 2385 3881 2472 deinceps,
3919 2385 4187 2453 Saulem

2259 2469 2478 2535 statim
2546 2476 2692 2552 post
2758 2478 3091 2555 acceptum
3144 2491 3297 2536 man
3347 2482 3547 2551 atum,
3616 2470 3682 2536 id
3736 2471 3996 2622 promul
4153 2494 4191 2539 e

2258 2554 2429 2640 apud
2473 2555 2805 2638 populum,
2850 2566 2918 2621 et
2953 2575 3065 2621 eos
3100 2557 3501 2623 recensuisse
3535 2557 3604 2621 in
3643 2558 3735 2624 '1⁸0
3762 2557 3936 2624 aiim.
4073 2579 4189 2626 aec

2257 2661 2384 2707 vox
2429 2640 2724 2721 Telaiim,
2769 2649 2987 2726 potest
3030 2641 3232 2723 accipi
3279 2662 3398 2726 pro
3441 2642 3581 2707 loco
3625 2643 3902 2727 quodam
3949 2644 4016 2709 in
4058 2665 4187 2729 quo

2255 2725 2611 2793 recensitus
2681 2728 2770 2793 sit
2842 2726 3137 2811 populus,
3226 2738 3298 2792 ut
3368 2730 3457 2793 sit
3526 2747 3761 2795 nomen
3831 2730 4185 2816 proprium.

2256 2812 2651 2896 Quanquam
2695 2814 3002 2898 quoniam
3046 2812 3393 2895 aliquando
3434 2826 3531 2880 est
3574 2814 4067 2900 appellativum,
4122 2824 4191 2881 et

2254 2898 2310 2963 si
2400 2899 2578 2965 ificat
2636 2919 2875 2985 agnose
2937 2897 3200 2983 quidam
3260 2897 3483 2966 dicunt
3540 2901 3836 2986 singulos
3890 2901 4187 2967 attulisse

2254 3005 2293 3049 a
2399 2983 2665 3051 Saulem
2732 3006 2995 3071 agnum,
3063 2995 3137 3049 ut
3201 2982 3599 3051 dinumerari
3655 2993 3946 3070 possent,
4012 2985 4183 3070 quod

2255 3069 2435 3137 Deus
2480 3072 2813 3137 numerari
2857 3071 3163 3156 populum
3259 3070 3672 3139 rohibuisset.
3761 3069 3893 3138 Sed
3940 3072 4188 3139 coniec-

2253 3163 2406 3222 tura
2456 3155 2575 3222 illa
2615 3164 2714 3223 est
2758 3157 2977 3223 inanis
3020 3165 3087 3222 et
3129 3156 3184 3220 ri
3230 3155 3423 3222 icula.
3511 3155 3681 3239 Quis
3723 3157 3897 3222 enim
3944 3155 4187 3223 dixerit

2253 3262 2290 3305 e
2355 3249 2542 3307 tantu
2606 3241 3027 3308 multitudine
3091 3240 3382 3327 singulos
3438 3261 3684 3328 agnum
3728 3242 4043 3322 attulisse,
4109 3249 4186 3307 ut

2250 3344 2448 3410 quum
2495 3326 2771 3394 ducenta
2805 3327 3014 3394 millia
3046 3325 3341 3411 peditum
3378 3326 3641 3403 fuerint.
3682 3329 3881 3393 etiam
3920 3326 4183 3395 ducenti

2251 3413 2432 3478 mille
2474 3413 2628 3499 agni
2671 3414 2805 3480 sint
2849 3413 3047 3496 allati,
3109 3413 3250 3479 sine
3312 3413 3392 3478 iis
3453 3414 3564 3497 qui
3630 3435 3713 3478 ex
3778 3413 3960 3480 tribu
4018 3412 4186 3480 Iuda

2250 3497 2470 3565 decem
2529 3499 2739 3565 millia
2795 3499 3077 3566 fuerunt.
3171 3499 3392 3565 Merae
3448 3499 3609 3564 istae
3663 3507 3817 3564 sunt
3860 3520 4072 3584 nugae
4119 3507 4187 3564 et

2248 3584 2477 3651 inanes
2543 3606 2618 3651 ac
2683 3584 3015 3653 ridiculae.
3105 3584 3240 3651 Alii
3304 3584 3419 3669 qui
3478 3583 3642 3651 haec
3696 3605 3815 3669 per
3856 3585 4184 3670 quandam

2249 3670 2743 3737 similitudinem
2770 3670 2897 3737 dici
2921 3671 3167 3749 volunt,
3191 3669 3408 3753 aliqua
3430 3673 3679 3736 ratione
3702 3670 3825 3735 niti
3852 3669 4180 3736 videntur:

2248 3754 2515 3823 Saulem
2572 3778 2690 3824 eos
2746 3757 2856 3841 qui
2916 3756 2998 3823 ad
3058 3777 3128 3822 se
3171 3756 3374 3823 coacti
3419 3765 3577 3821 sunt
3617 3771 3993 3822 numerasse
4036 3765 4181 3821 tan-

2248 3863 2442 3926 quam
2481 3863 2521 3908 a
2615 3863 2712 3925 os,
2754 3841 2820 3908 id
2858 3852 2975 3921 est,
3012 3851 3090 3908 ut
3125 3842 3339 3908 solent
3371 3839 3687 3927 opiliones
3721 3841 3867 3907 illas
3899 3839 4185 3924 pecudes

2249 3949 2365 4012 pro
2425 3951 2506 3996 vo
2538 3937 2769 3995 nntate
2828 3935 3109 3994 tractare
3164 3937 3235 3993 et
3277 3947 3524 4013 regere,
3577 3925 3745 4011 quod
3791 3926 3924 3991 sint
3964 3926 4187 3992 faciles

2250 4015 2632 4094 animantes,
2678 4015 2771 4082 sic
2815 4015 3010 4079 etiam
3048 4012 3317 4081 Saulem
3356 4013 3664 4097 populum
3704 4010 3889 4076 illum
3928 4010 4185 4078 facilem

2249 4111 2591 4184 expertum
2628 4101 2846 4166 fuisse.
2926 4100 3017 4165 Et
3052 4119 3212 4165 sane
3246 4098 3408 4164 haec
3444 4095 3763 4181 expositio
3798 4093 3946 4181 plus
3982 4095 4183 4162 habet

2249 4185 2835 4253 verisimilitudinis
2869 4205 3066 4270 quam
3104 4184 3219 4249 illa
3256 4184 3453 4268 prior.
3506 4182 3773 4265 Nempe,
3810 4201 3942 4246 non
3977 4181 4179 4247 fuisse

2247 4272 2560 4355 populum
2628 4271 3076 4338 refractarium
3142 4291 3354 4354 neque
3418 4277 3873 4345 contumacem,
3964 4286 4174 4350 noque

2249 4358 2446 4422 etiam
2494 4356 2752 4424 tardum
2797 4358 2877 4424 ad
2929 4357 3331 4440 obsequium,
3371 4353 3480 4420 sed
3520 4351 3715 4419 simul
3758 4372 3985 4417 omnes
4027 4373 4174 4418 con·

2248 4442 2530 4524 venisse,
2609 4451 2686 4508 ut
2759 4443 2966 4509 instar
3048 4461 3361 4526 agnorum
3430 4437 3756 4504 numerari
3823 4437 4169 4521 potuerint.

2251 4527 2601 4595 Caeterum
2664 4550 2861 4612 quum
2909 4528 3239 4593 numerari
3282 4522 3585 4610 populum
3632 4521 3932 4588 audimus
3976 4524 4172 4588 fuisse

2247 4615 2655 4763 prohibitum
2692 4634 2729 4677 a
2765 4614 2925 4694 Deo,
2968 4634 3098 4678 non
3135 4613 3227 4677 ita
3262 4607 3773 4693 intelligendum,
3818 4609 3998 4691 quasi
4036 4629 4169 4674 non

2276 4701 2474 4767 iceret
2530 4700 2813 4766 lustrare
2870 4699 3226 4765 exercitum
3285 4703 3350 4761 et
3404 4713 3741 4760 recensere
3800 4693 4042 4760 milites
4095 4695 4163 4759 in

2250 4785 2487 4851 bellum
2555 4787 2973 4871 profecturos,
3038 4778 3574 4866 quemadmodum
3634 4779 3701 4843 in
3757 4776 3939 4844 libris
3996 4778 4170 4845 Iudi·

2250 4892 2399 4937 cum
2466 4891 2660 4955 saepe
2722 4879 2973 4938 coactos
3039 4875 3107 4932 et
3144 4866 3494 4932 recensitos
3561 4863 3801 4930 milites
3864 4863 4163 4949 legimus,

2249 4978 2520 5040 quorum
2607 4957 2799 5023 etiam
2890 4974 3198 5019 numerus
3275 4949 3684 5034 exprimitur.
3767 4947 3899 5016 Sed
3980 4951 4167 5017 Dcus

2250 5044 2426 5109 hunc
2485 5044 2794 5108 honorem
2856 5039 3172 5105 illibatum
3236 5036 3352 5102 sibi
3412 5036 3728 5101 reservari
3789 5034 4015 5118 voluit,
4079 5058 4167 5103 ne

2251 5139 2493 5195 temere
2536 5136 2987 5194 numeraretur
3029 5122 3330 5208 populus,
3372 5139 3558 5204 quem
3605 5120 3997 5205 peculiarem
4043 5123 4163 5190 sibi

2253 5213 2617 5301 delegerat:
2660 5233 2787 5298 qua
2831 5211 3081 5277 ratione
3117 5207 3323 5275 voluit
3357 5205 3727 5273 ambitionis
3761 5209 4169 5275 occasionem
