5059 6059
860 291 990 360 695

862 482 1031 549 iniit.
1124 482 1254 551 Sed
1301 492 1479 552 tanto
1520 487 1732 572 magis
1775 508 1846 553 se
1887 487 2033 553 Deo
2070 487 2406 555 devinctos
2442 507 2796 573 agnoscere

870 569 1209 650 dehebant,
1276 592 1502 636 verum
1564 573 1714 639 inde
1772 594 1914 639 sese
1978 572 2290 640 efferendi
2349 586 2416 641 et
2518 572 2795 639 loriandi

868 656 1266 723 occasionem
1323 658 1666 741 arripiunt,
1724 658 1895 724 unde
1940 661 2250 731 maiorem
2297 659 2482 725 humi
2511 658 2689 724 ‘tatis
2732 667 2800 723 et

869 741 1242 809 deiectionis
1304 742 1649 823 habebant,
1709 758 1782 810 ut
1837 768 1914 811 eo
1959 745 2345 812 submissius
2409 752 2476 811 et
2519 741 2797 830 diligen-

864 827 999 893 tius
1041 826 1186 893 Deo
1230 829 1576 896 servirent.
1623 829 1817 897 Hanc
1860 832 2064 916 igitur
2105 831 2186 898 ob
2231 851 2492 898 oausam
2532 828 2798 898 Samuel

866 912 1026 996 ipsis
1090 913 1409 981 maiorum
1475 914 1861 1000 dignitatem
1925 919 1995 983 in
2056 917 2437 983 memoriam
2503 924 2797 983 revocat:

881 998 1111 1079 Videte,
1154 1000 1392 1084 inquit,
1432 1002 1598 1068 unde
1636 1022 1745 1069 vos
1786 1002 1966 1069 Deus
2008 1003 2309 1070 adamarit.
2377 1002 2579 1069 Pater
2622 1000 2798 1067 enim

866 1084 981 1151 ille
1038 1095 1258 1152 vester
1299 1087 1595 1167 Iacobus,
1650 1110 1690 1154 a
1748 1109 1876 1171 quo
1919 1097 1993 1155 ut
2050 1088 2235 1157 vobis
2280 1089 2540 1154 videtur
2585 1087 2800 1153 omnis

870 1171 1079 1256 gloria
1135 1180 1355 1239 vestra
1416 1183 1480 1238 et
1541 1172 1828 1259 dignitas
1870 1183 2108 1253 manat,
2167 1175 2238 1239 in
2280 1173 2657 1259 Aegyptum
2716 1172 2799 1238 ad

872 1256 1287 1324 Pharaonem
1348 1267 1621 1343 urgente
1673 1260 1847 1326 fame
1904 1261 2207 1346 profugit.
2296 1259 2484 1340 Quae
2538 1258 2800 1342 quidem

876 1344 1100 1427 paucis
1156 1344 1263 1409 hic
1319 1347 1534 1412 verbis
1593 1344 2068 1430 deseribuntur,
2125 1346 2237 1411 sed
2295 1367 2460 1431 quae
2503 1344 2801 1429 pluribus

873 1438 1015 1494 tum
1075 1428 1340 1497 Samuel
1401 1431 1616 1497 verbis
1675 1441 1774 1498 est
1837 1440 2290 1515 prosequutus,
2351 1452 2630 1515 quorum
2691 1429 2801 1495 hic

872 1523 1129 1581 tantum
1183 1536 1436 1583 summa
1494 1516 1895 1582 describitur.
1983 1517 2109 1583 Ille
2159 1518 2361 1602 igitur
2415 1515 2797 1582 descensum

867 1611 1129 1684 patrum
1175 1601 1245 1666 in
1288 1603 1671 1687 Aegyptum
1730 1602 1863 1669 illis
1905 1603 1978 1668 in
2022 1604 2397 1669 memoriam
2445 1601 2798 1677 revocavit,

873 1699 939 1752 et
996 1686 1227 1753 duram
1283 1687 1466 1753 illam
1529 1687 1936 1772 tyrannidem
1993 1709 2187 1772 quam
2230 1697 2327 1755 tot
2371 1710 2578 1754 annos
2624 1687 2797 1770 passi

870 1785 1077 1850 erant,
1115 1782 1190 1838 ut-
1222 1794 1353 1839 non
1389 1772 1581 1839 modo
1614 1782 1929 1858 tanquam
1962 1775 2306 1859 mancipia,
2340 1774 2454 1840 sed
2491 1784 2799 1856 tanquam

870 1859 1119 1924 bestiae
1178 1859 1594 1937 haberentur,
1652 1860 1793 1926 istis
1841 1859 2073 1939 verbis,
2131 1860 2319 1942 quasi
2362 1859 2639 1927 diceret:
2696 1857 2800 1925 Ite

868 1944 1018 2023 iam,
1095 1956 1163 2010 et
1225 1944 1601 2029 gloriamini
1667 1944 1748 2013 de
1811 1954 2034 2013 vestra
2096 1946 2367 2031 origine,
2448 1944 2800 2011 maioribus

869 2031 1120 2111 vestris,
1178 2030 1699 2114 quandoquidem
1756 2038 1890 2097 tam
1946 2031 2183 2097 misera
2238 2032 2364 2097 fuit
2424 2041 2489 2097 et
2549 2031 2800 2096 abiecta

868 2128 934 2180 et
993 2117 1251 2183 servilis
1294 2116 1600 2195 conditio,
1659 2125 1731 2181 ut
1776 2116 1944 2182 nihil
1988 2116 2070 2181 ad
2114 2117 2293 2183 illam
2338 2117 2528 2183 adiici
2573 2128 2797 2200 potue-

863 2206 970 2280 rit,
1030 2203 1156 2269 nisi
1218 2209 1296 2268 ut
1348 2201 1419 2266 in
1478 2201 1712 2269 faciem
1757 2211 2174 2286 exspuerent,
2234 2212 2298 2268 et
2339 2202 2614 2286 pedibus
2659 2202 2796 2267 suis

864 2310 983 2354 vos
1036 2288 1516 2354 conculcarent.
1604 2287 1740 2354 Sed
1785 2288 1934 2372 quis
1992 2288 2251 2353 tandem
2297 2288 2425 2354 illis
2469 2309 2551 2354 ex
2599 2287 2799 2352 tantis

865 2375 1147 2440 miseriis
1191 2376 1426 2455 exitus,
1483 2373 1631 2458 quis
1675 2373 2076 2440 liberationis
2120 2372 2348 2441 modus
2392 2372 2795 2458 apparebat?

869 2458 1341 2527 clamaverunt
1402 2457 1484 2524 ad
1553 2460 1767 2525 Deum
1831 2470 2051 2543 patres
2112 2460 2336 2526 vestri.
2433 2458 2569 2527 Sed
2633 2480 2798 2543 qnae

873 2554 1124 2611 vestrae
1165 2543 1565 2610 liberationis
1601 2544 1766 2609 ratio
1802 2544 2064 2612 tandem
2110 2544 2296 2611 erat?
2342 2544 2529 2611 Deus
2566 2545 2797 2611 Mosen

873 2639 939 2697 et
988 2633 1308 2696 Aaronem
1346 2631 1672 2709 excitavit,
1716 2631 1951 2716 quibus
1993 2630 2392 2698 administris
2426 2630 2611 2697 Deus
2656 2652 2799 2714 pro·

875 2716 1213 2783 missiones
1273 2736 1427 2782 suas
1481 2716 1799 2800 implevit,
1853 2716 1933 2782 ad
1998 2738 2111 2782 vos
2167 2738 2251 2783 ex
2290 2717 2597 2802 Aegypto
2641 2715 2795 2782 edu·

873 2801 1129 2870 cendos.
1238 2801 1539 2886 Denique
1616 2800 1884 2868 Samuel
1962 2802 2106 2868 vult
2182 2803 2491 2886 populum
2571 2800 2797 2868 docere

873 2888 1002 2955 Dei
1045 2887 1242 2954 unius
1285 2887 1761 2956 misericordiae
1804 2896 2065 2972 accepta
2109 2909 2249 2955 esse
2293 2886 2559 2954 ferenda
2603 2908 2796 2971 quae·

874 2995 1127 3059 cunque
1186 2973 1496 3039 beneficia
1550 2994 1700 3040 cons
1786 2975 1922 3038 uuti
1989 2986 2161 3049 sunt,
2229 2974 2380 3041 licet
2442 2975 2601 3058 ipsis
2667 2995 2797 3039 non

875 3058 1288 3135 deberentur,
1354 3059 1467 3125 sed
1527 3061 1679 3143 quia
1804 3081 1878 3125 eo
1942 3059 2189 3143 placuit
2253 3081 2408 3143 erga
2464 3061 2485 3124 i
2536 3081 2638 3125 sos
2701 3058 2797 3124 uti

875 3144 1392 3223 mansuetudine,
1468 3152 1541 3210 ut
1598 3166 1746 3210 eum
1808 3144 2117 3215 laudandi
2166 3153 2231 3210 et
2286 3147 2469 3211 colen
2517 3146 2541 3210 i
2599 3146 2795 3210 maio·

874 3251 1013 3297 rem
1079 3230 1202 3296 sibi
1268 3233 1361 3298 sic
1427 3232 1646 3296 datam
1712 3230 2113 3296 occasionem
2182 3231 2444 3298 scirent.
2547 3229 2794 3296 Verum

875 3315 1403 3401 quandoquidem
1447 3329 1581 3381 tam
1626 3316 1983 3382 beneficum
2028 3325 2096 3382 et
2130 3315 2609 3384 misericordem
2647 3336 2801 3399 erga

872 3404 1048 3486 ipsos
1091 3400 1309 3468 Deum
1353 3401 1536 3469 obliti
1581 3422 1711 3467 non
1747 3414 2179 3485 agnoverunt,
2224 3422 2441 3468 nonne
2477 3423 2552 3468 eo
2588 3401 2799 3468 detes-

870 3488 1131 3554 tabilior
1188 3498 1290 3554 est
1348 3489 1634 3572 ipsorum
1692 3487 2113 3571 ingratitudo,
2171 3496 2237 3554 et
2293 3489 2537 3553 maiore
2600 3486 2802 3573 digna

869 3574 1228 3659 punitione,
1311 3575 1686 3657 crimenque
1764 3571 2054 3657 ipsoru‘m
2137 3582 2321 3639 tanto
2403 3573 2670 3658 gravius
2734 3583 2801 3637 et

870 3658 1282 3746 gravioribus
1327 3659 1661 3744 suppliciis
1706 3659 1770 3725 di
1865 3656 2022 3724 um?
2109 3657 2235 3725 Ille
2280 3659 2479 3744 igitur
2522 3668 2621 3725 est
2664 3679 2797 3724 ser·

870 3746 1083 3811 monis
1141 3745 1341 3810 huius
1383 3766 1633 3829 scopus.
1796 3747 1900 3812 ‘nc
1942 3745 2266 3812 discamus
2313 3745 2493 3811 nobis
2537 3743 2800 3829 quidem

868 3831 1106 3898 factam
1164 3830 1683 3915 promissionem,
1746 3831 1886 3898 fore
1945 3840 2018 3896 ut
2084 3832 2290 3897 nostri
2354 3830 2671 3897 clamores
2734 3841 2801 3895 et

870 3937 1096 4002 preces
1147 3914 1227 3982 ad
1274 3914 1491 3982 Deum
1550 3919 1935 4000 perveniant
1980 3927 2044 3982 et
2089 3915 2544 3993 exaudiantur,
2603 3926 2675 3980 ut
2718 3916 2800 3980 ad

870 4004 1089 4069 Deum
1146 4021 1370 4068 omnes
1428 4022 1651 4085 preces
1709 4013 1967 4069 nostras
2027 4001 2408 4087 dirigamus.
2495 4001 2588 4067 Et
2630 4000 2799 4067 velle

870 4089 1092 4155 Deum
1137 4094 1211 4153 ut
1264 4108 1459 4154 sensu
1505 4099 1875 4154 nostrarum
1931 4088 2338 4153 miseriarum
2381 4088 2672 4171 oppressi
2717 4086 2798 4152 ad

869 4176 1085 4257 ipsum
1162 4172 1630 4257 confugiamus,
1705 4195 1853 4241 cum
1932 4182 2109 4240 certa
2186 4193 2299 4256 spe
2365 4173 2800 4239 liberationis:

870 4280 1102 4326 verum
1163 4265 1382 4324 tamen
1442 4280 1574 4325 non
1630 4258 1925 4326 exaudiri
1982 4279 2022 4325 a
2064 4258 2227 4336 Deo,
2294 4259 2422 4325 nisi
2478 4279 2562 4324 ex
2618 4279 2798 4324 mera

868 4346 1077 4430 ipsius
1130 4343 1520 4411 liberalitate
1576 4355 1642 4411 et
1680 4344 1987 4412 bonitate.
2073 4343 2265 4423 Nam,
2325 4343 2607 4428 exempli
2654 4364 2799 4429 gra·

874 4433 982 4510 tia,
1028 4431 1180 4497 licet
1241 4429 1611 4515 proximum
1670 4432 1898 4496 iuvare
1953 4438 2271 4510 tenemur,
2324 4429 2558 4513 stipem
2618 4429 2795 4514 flagi·

873 4526 1146 4595 tantem,
1212 4524 1279 4583 et
1340 4515 1643 4582 iuramus
1707 4516 1949 4582 nostris
2014 4514 2241 4600 opibus
2306 4514 2605 4598 inopem,
2670 4534 2798 4581 non

873 4604 1020 4671 ideo
1085 4611 1305 4669 tamen
1374 4601 1610 4667 dixerit
1673 4601 1804 4680 ille,
1873 4622 1989 4667 nos
2064 4601 2186 4668 sibi
2253 4600 2606 4679 devinctos,
2686 4599 2799 4667 sed

876 4698 1140 4757 nostrae
1218 4687 1589 4754 liberalitati
1671 4697 2002 4771 acceptam
2071 4686 2551 4771 eleemosynam
2614 4686 2799 4753 feret.

876 4775 971 4843 At
1024 4776 1217 4860 longe
1274 4773 1402 4840 alia
1444 4783 1542 4841 est
1598 4774 1796 4840 etiam
1841 4774 1967 4840 Dei
2010 4773 2175 4840 ratio
2235 4772 2443 4839 nostri
2484 4782 2798 4857 respectu.

878 4862 1060 4929 Nihil
1114 4867 1295 4928 enim
1350 4860 1492 4944 ipse
1549 4861 1735 4927 nobis
1793 4857 2007 4925 debet:
2068 4879 2186 4925 nos
2243 4878 2399 4924 vero
2435 4859 2800 4940 proximum

877 4949 1104 5014 iuvare
1156 4955 1458 5013 tenemur
1516 4968 1597 5012 ex
1639 4946 1904 5012 vinculo
1947 4953 2237 5029 naturae,
2292 4946 2463 5028 quod
2508 4944 2801 5027 utrisque

879 5034 1191 5101 habemus
1245 5053 1611 5098 commune.
1697 5030 1949 5099 Idcirco
2015 5029 2271 5097 dicebat
2324 5029 2590 5097 Esaias:
2660 5029 2806 5096 Non

879 5124 1212 5187 contemnes
1272 5138 1521 5186 carnem
1592 5122 1786 5184 tuam.
1892 5114 2114 5200 Quare
2190 5116 2609 5200 conspicuum
2685 5125 2804 5195 est,

882 5205 1100 5271 Deum
1143 5224 1363 5289 preces
1408 5212 1663 5271 nostras
1697 5203 2176 5282 exaudientem,
2217 5221 2346 5269 non
2391 5201 2602 5269 facere
2636 5203 2801 5287 quod

2525 294 2937 363 HOMILIA
2981 297 3170 365 XLI.
4658 302 4745 369 696

2899 486 3130 554 debeat
3171 508 3255 554 ex
3296 486 3689 573 obligatione
3733 496 3798 553 et
3839 486 4077 554 officio:
4137 486 4250 553 sed
4309 488 4475 570 quod
4515 510 4588 554 ex
4621 512 4749 558 mers

2898 592 3019 638 sua
3076 574 3364 640 bonitate
3426 574 3829 639 misereatur.
3921 572 4271 640 Caeterum
4327 573 4748 642 immoderatum

2897 658 3116 743 populi
3176 660 3521 726 clamorem
3579 659 3777 725 fuisse
3817 667 4071 725 certum
4129 674 4247 726 est.
4340 657 4583 726 Scimus
4628 665 4751 728 enim

2899 744 3214 811 clamasse
3270 744 3419 812 illos
3465 745 3643 811 velut
3699 744 3769 809 in
3811 746 4184 829 quaestione
4228 742 4499 828 positos:
4553 745 4754 814 Clamor

2900 831 3122 913 itaque
3178 830 3288 896 ille
3344 831 3468 897 fuit
3507 852 3641 895 non
3686 829 4000 896 absimilis
4042 829 4153 896 ille
4215 831 4295 896 de
4339 851 4464 914 quo
4505 831 4757 915 propheta

2899 916 3077 983 Psal.
3134 916 3280 983 107.
3325 917 3613 999 loquitur
3654 937 3853 1000 quum
3902 916 4119 982 miseri
4164 917 4233 982 in
4277 919 4542 983 summis
4578 939 4757 1003 angus-

2900 1001 3010 1066 tiis
3067 1002 3150 1069 ad
3194 1003 3411 1068 Deum
3468 1001 3923 1081 vociferantur,
3977 1024 4109 1067 non
4170 1001 4426 1086 quidem
4482 1024 4623 1069 vero
4670 1004 4758 1070 Dei

2901 1088 3119 1154 cultus
3184 1108 3429 1167 amore,
3490 1087 3603 1154 sed
3671 1086 3966 1153 dolorum
4028 1088 4481 1173 magnitudine
4540 1088 4759 1156 adducti

2902 1171 3037 1240 Sed
3094 1174 3208 1240 illo
3268 1174 3554 1239 naturali
3598 1184 3780 1239 motu
3824 1173 3906 1238 ad
3950 1172 4435 1240 vociferandum
4481 1174 4759 1258 impellun-

2903 1268 3032 1339 tur,
3078 1270 3144 1325 et
3186 1279 3262 1324 eo
3306 1261 3590 1325 maxime
3633 1268 4000 1343 arguuntur
4045 1260 4345 1335 malitiae,
4392 1270 4459 1324 et
4499 1259 4576 1325 ad
4610 1260 4762 1325 {aten-

2902 1342 3059 1411 dum
3125 1345 3409 1428 pendere
3483 1346 3703 1411 omnia
3766 1346 3847 1410 ab
3915 1345 4111 1411 unius
4173 1344 4300 1410 Dei
4368 1346 4671 1411 voluntate
4718 1358 4763 1411 et

2900 1429 3190 1497 bonitate
3248 1430 3746 1514 compelluntur.
3832 1430 4020 1497 Istud
4078 1431 4146 1496 in
4205 1431 4437 1514 populo
4483 1431 4765 1498 israelitico

2903 1515 3369 1600 expendamus.
3458 1515 3933 1584 clamaverunt
3990 1515 4246 1600 quidem
4312 1516 4410 1582 illi
4464 1516 4544 1583 ad
4584 1517 4764 1595 Deum,

2902 1604 3014 1669 sed
3081 1604 3324 1669 clamor
3378 1601 3488 1668 ille
3531 1602 3655 1667 fuit
3709 1600 4195 1679 immoderatus,
4258 1612 4324 1668 et
4367 1602 4578 1686 potius
4617 1604 4767 1688 gemi-

2901 1697 3010 1754 tus
3050 1696 3117 1754 et
3159 1688 3446 1754 ululatus
3478 1686 3850 1766 bestiarum,
3894 1709 4088 1771 quam
4122 1686 4339 1754 Deum
4383 1689 4765 1755 invocantium

2902 1773 3260 1839 hominum.
3348 1772 3543 1855 Nam,
3586 1773 3870 1850 obsecro,
3916 1774 4101 1839 Mose
4142 1795 4213 1839 se
4257 1796 4296 1839 a
4338 1774 4620 1840 Domino
4654 1774 4764 1838 mis·

2902 1881 3044 1925 sum
3104 1858 3515 1925 liberatorem
3550 1858 3887 1939 offerente,
3947 1880 4032 1924 an
4075 1872 4176 1925 est
4216 1860 4298 1924 ab
4341 1859 4477 1925 illis
4518 1872 4766 1942 tanquam

2900 1945 3030 2011 Dei
3071 1945 3391 2029 propheta
3433 1942 3774 2029 receptus?
3863 1945 3973 2010 An
4018 1966 4158 2010 sese
4203 1944 4300 2010 illi
4346 1945 4518 2012 dicto
4558 1945 4768 2011 audien·

2900 2042 3003 2097 tes
3059 2029 3545 2115 praebuerunt?
3634 2030 3910 2096 Minime
3968 2030 4287 2115 gentium.
4375 2030 4555 2112 Quin
4596 2030 4770 2114 procul

2900 2116 3086 2183 illum
3145 2118 3561 2201 repulerunt:
3617 2124 3684 2180 et
3742 2117 3797 2180 si
3841 2118 3909 2181 in
3953 2117 4245 2199 ipsorum
4290 2117 4560 2183 arbitrio
4600 2128 4659 2181 et
4692 2136 4770 2199 po·

2900 2209 3134 2268 testate
3178 2203 3403 2268 fuisset
3463 2201 3766 2286 positum,
3825 2201 4108 2266 oblatam
4152 2201 4334 2268 illam
4378 2201 4512 2268 Dei
4551 2202 4772 2286 gratim

2902 2301 2968 2353 et
3022 2287 3536 2355 misericordiam
3591 2287 3662 2352 in
3730 2286 4297 2369 profundissimam
4351 2289 4650 2374 abyssum
4697 2287 4772 2350 de-

2901 2394 3184 2440 mersam
3226 2374 3609 2439 obruissent.
3696 2373 3925 2458 Neque
3970 2393 4126 2439 vero
4166 2372 4369 2439 semel
4412 2384 4658 2439 tantum
4694 2384 4776 2437 aut

2900 2461 3139 2526 iterum
3196 2459 3515 2525 adversus
3569 2458 3785 2527 Deum
3853 2469 4203 2544 peccarunt
4266 2470 4333 2524 et
4395 2459 4772 2525 rebellarunt:

2901 2544 3014 2612 sed
3076 2555 3259 2612 tanta
3315 2543 3444 2610 fuit
3501 2544 3760 2611 illorum
3820 2544 4242 2612 incredulitas
4301 2556 4363 2611 et
4407 2546 4480 2610 in
4600 2543 4775 2617 titudo.

2901 2639 2975 2696 ut
3017 2631 3168 2699 lieet
3211 2631 3438 2697 multis
3472 2630 3805 2698 miraculis
3850 2638 3916 2695 et
3950 2631 4156 2714 signis
4198 2631 4489 2695 evidenti
4536 2652 4609 2697 us
4640 2650 4775 2714 prae·

2900 2716 3150 2784 sentiae
3206 2728 3273 2782 et
3323 2716 3568 2783 favoris
3626 2716 3832 2782 divini
3893 2717 4277 2791 confirmati,
4345 2728 4566 2783 tamen
4625 2737 4775 2799 quum

2902 2804 3141 2869 iratum
3184 2802 3622 2887 Pharaonem,
3682 2812 3748 2867 et
3804 2800 4172 2867 saevientes
4220 2804 4585 2887 Aegyptios
4622 2802 4776 2867 senti·

2902 2898 3042 2967 unt,
3100 2888 3334 2955 Mosen
3377 2896 3445 2953 et
3502 2891 3832 2971 Aaronem
3886 2886 4207 2953 facessere
4260 2887 4492 2971 procul
4552 2888 4777 2959 iubeant.

2899 2973 3005 3040 his
3047 2973 3297 3040 verbis:
3359 2972 3645 3039 Recedite
3700 2994 3744 3039 a
3798 2971 3990 3053 nobis,
4050 2977 4107 3037 et
4147 2974 4332 3038 sinite
4383 2993 4507 3039 nos
4563 2974 4778 3056 quietas

2901 3060 3099 3126 vitam
3160 3079 3366 3144 agere,
3442 3079 3553 3125 vos
3612 3058 3927 3124 malorum
3987 3062 4341 3125 nostrorum
4405 3079 4600 3125 eausa
4652 3057 4777 3123 estis.

2902 3145 3045 3211 Nae
3087 3142 3365 3210 libenter
3409 3144 3635 3210 Mosen
3696 3153 3764 3210 et
3806 3148 4135 3209 Aaronem
4179 3145 4307 3227 ipsi
4351 3146 4494 3211 suis
4536 3142 4779 3210 manibus

2902 3230 3298 3298 lacerassent
3341 3240 3409 3296 et
3451 3229 3948 3310 interfecissent,
4005 3229 4158 3296 licet
4200 3231 4280 3295 ad
4327 3231 4657 3296 cumulum
4694 3228 4776 3292 mi·

2903 3317 3220 3384 seriarum
3279 3316 3759 3401 pervenissent,
3827 3324 3893 3380 et
3951 3313 4030 3381 de
4096 3316 4341 3382 auxilio
4400 3319 4685 3400 proximo
4734 3324 4780 3377 et

2902 3402 3286 3470 liberatione
3342 3422 3456 3485 per
3512 3402 3749 3468 Mosen
3809 3408 3877 3467 et
3927 3403 4255 3467 Aaronem
4313 3405 4619 3468 certiores
4669 3399 4779 3465 facti

2904 3498 3138 3554 essent.
3225 3488 3335 3553 Ex
3392 3485 3622 3570 quibus
3679 3496 3951 3569 apparet
4007 3486 4322 3554 clamores
4368 3489 4649 3571 ipsorum
4686 3504 4778 3550 non

2902 3574 3102 3639 fuisse
3167 3573 3334 3639 bene
3397 3572 3730 3638 institutas
3794 3580 3859 3637 et
3938 3571 4303 3638 moderatas
4382 3594 4631 3657 preces:
4698 3568 4776 3634 sed

2906 3668 3163 3727 tantum
3217 3679 3510 3726 summae
3574 3657 3962 3725 calamitatis
4015 3666 4084 3722 et
4148 3656 4530 3743 desperatae
4584 3654 4780 3731 saluus,

2903 3744 3033 3811 nisi
3078 3746 3262 3810 Deus
3317 3745 3458 3827 ipse
3502 3744 3809 3810 liberator
3854 3742 4125 3818 adesset,
4187 3763 4382 3810 voces
4427 3754 4496 3809 et
4539 3744 4777 3810 testimo-

2903 3831 3032 3896 nia.
3123 3828 3308 3896 Deus
3354 3831 3572 3912 itaque
3613 3829 3919 3894 misertus
3969 3848 4193 3894 eorum
4236 3829 4472 3896 Mosen
4515 3841 4582 3895 et
4620 3832 4777 3894 Aaro-

2902 3937 3054 3982 nem
3112 3915 3492 3981 liberatores
3535 3915 3732 3980 misit.
3824 3911 3956 3980 Sed
3999 3914 4317 3998 quomodo
4370 3937 4444 3983 se
4486 3938 4524 3982 e
4672 3912 4778 3978 illos

2902 4000 3285 4087 gesserunt?
3373 3999 3643 4067 Samuel
3698 4000 3821 4065 hoo
3866 3999 4005 4067 loco
4063 4021 4195 4065 non
4239 4002 4530 4067 instituit
4595 4018 4776 4084 ongam

2903 4088 3344 4152 narrationem
3408 4106 3631 4152 eorum
3711 4107 3876 4169 quae
3941 4085 4012 4150 in
4076 4083 4332 4152 deserto
4399 4089 4779 4172 contigerunt,
4868 4124 4869 4127 κ

2901 4181 3084 4256 puta,
3126 4172 3586 4250 contumaciae,
3634 4172 4168 4237 murmurationis
4210 4172 4579 4253 continuae,
4621 4169 4777 4237 rebel·
4868 4236 4869 4241 ,

2902 4258 3099 4323 lionis
3137 4257 3450 4323 adversus
3486 4259 3715 4324 Mosen
3753 4266 3822 4322 et
3854 4256 4208 4339 Aaronem,
4243 4267 4310 4323 et
4349 4259 4561 4324 Deum
4597 4258 4779 4341 ipsum.

2903 4342 3016 4410 sed
3079 4363 3157 4408 ea
3213 4352 3433 4409 tamon
3495 4343 3682 4409 docet
3734 4363 3902 4426 quae
3963 4342 4044 4408 ad
4090 4343 4311 4427 populi
4354 4344 4776 4411 institutionem
4868 4348 4869 4365 ³

2903 4438 2970 4496 et
3012 4424 3570 4513 reprehensionem
3610 4429 3935 4513 pertinere
3970 4427 4398 4495 videbantur:
4442 4450 4517 4495 ac
4561 4423 4778 4513 proinde

2901 4516 3123 4599 paucis
3175 4515 3302 4580 ista
3357 4514 3752 4597 perstringit,
3811 4535 4014 4597 eaque
4072 4526 4410 4595 memorat,
4469 4536 4553 4581 ex
4594 4514 4777 4600 quibus

2904 4619 3335 4685 agnoscamus
3390 4599 3837 4667 admirabilem
3895 4599 4019 4664 Dei
4083 4620 4242 4686 erga
4298 4601 4475 4667 hune
4516 4598 4776 4686 populum

2904 4686 3396 4772 benignitatem,
3464 4694 3559 4752 tot
3626 4685 3950 4770 tantisque
4007 4706 4164 4771 erga
4221 4686 4434 4770 ipsum
4498 4681 4777 4752 beneficiis
4868 4712 4869 4715 ¹

2903 4770 3513 4840 commendabilem:
3572 4780 3640 4838 et
3696 4779 3922 4839 contra
3978 4790 4301 4838 summam
4363 4794 4446 4857 po
4491 4770 4581 4838 uli
4634 4766 4775 4837 mali·

2905 4858 3062 4924 tiam
3129 4864 3196 4923 et
3259 4856 3811 4940 ingratitudinem,
3881 4857 4115 4940 quibus
4179 4877 4397 4924 coram
4530 4878 4605 4923 eo
4664 4871 4777 4922 reus

2904 4944 3143 5010 summi
3184 4942 3474 5009 criminis
3519 4944 3726 5009 factus
3770 4953 3888 5009 est.

3075 5029 3338 5096 Transit
3394 5031 3610 5113 itaque
3657 5027 3919 5096 Samuel
3965 5029 4046 5095 ad
4087 5049 4310 5096 eorum
4364 5044 4774 5096 commemora·

2906 5117 3169 5192 tionem,
3237 5135 3402 5199 quae
3467 5127 3611 5199 post
3676 5115 4041 5200 ingressum
4109 5115 4177 5182 in
4243 5124 4455 5182 terrae
4505 5115 4770 5182 chanaan

2904 5202 3372 5288 possessionem
3417 5201 3848 5287 contigerunt.
3934 5201 4135 5278 Deus,
4179 5201 4413 5285 inquit,
4466 5223 4584 5268 non
4627 5193 4772 5264 modo

4868 4388 4874 4477 ι

4868 4492 4874 4637 ἶ

4868 4730 4874 4741 ι.
