5059 6059
300 351 421 421 121

294 549 460 616 eatis
504 550 664 615 satis
706 548 944 615 factum
992 547 1396 614 existimans.
1475 547 1712 614 Nonne
1754 568 1914 614 vero
1959 546 2114 614 hinc
2156 548 2234 614 fit

295 635 722 719 conspicuum
766 634 788 699 i
836 636 891 701 si
936 634 1081 699 Deo
1127 632 1366 701 bellum
1406 632 1624 715 indici,
1670 641 1754 712 et,
1801 654 1972 718 quae
2007 633 2233 699 Domi-

295 741 427 789 nus
493 735 716 787 noster
831 741 980 787 esus
1054 719 1361 786 Christus
1438 727 1847 787 sacramenta
1924 719 2229 798 instituit,

340 808 532 874 uibus
570 808 650 873 ad
696 809 908 891 ipsum
954 805 1438 885 deduceremur,
1496 827 1749 872 summa
1796 806 1863 872 vi
1905 803 2230 872 convelli?

294 828 736 975 Quamobrem
776 895 1069 979 papistae
1104 891 1352 958 iactent
1386 892 1537 957 licet
1570 912 1893 958 summam
1928 891 2232 957 obedien·

291 979 457 1044 tiam
477 1031 493 1058 ,
561 979 988 1045 nihilominus
1048 990 1269 1044 tamen
1343 998 1599 1062 semper
1657 978 2095 1043 incantatores
2164 983 2229 1042 et

291 1065 572 1130 venefici
617 1064 904 1148 audient,
963 1063 1474 1148 quotiescunque
1515 1063 1763 1149 templa
1806 1084 1924 1129 sua
1965 1062 2075 1128 vel
2119 1084 2229 1146 po·

289 1152 429 1218 tius
489 1149 830 1234 lupanaria
886 1149 1351 1235 ingrediuntur
1416 1149 1686 1216 missam
1741 1149 1923 1214 illam
1969 1147 2229 1228 facturi,

337 1256 427 1302 ua
471 1247 647 1304 totus
689 1251 801 1303 aer
845 1235 1170 1320 polluitur,
1215 1234 1735 1319 quandoquidem
1779 1255 1897 1319 pro
1940 1256 2017 1301 eo
2061 1233 2229 1319 quod

359 1325 617 1389 ominus
662 1331 883 1389 noster
925 1322 1114 1388 Iesus
1155 1320 1465 1388 Christus
1508 1320 1812 1397 instituit,
1859 1340 2014 1387 suas
2057 1320 2228 1386 blas·

285 1408 589 1494 phemias
647 1417 992 1493 reponunt,
1049 1416 1115 1472 et
1170 1407 1496 1492 reliquum
1545 1406 1671 1472 Dei
1729 1405 1979 1472 cultum
2025 1406 2229 1472 foedis

288 1504 359 1558 et
405 1496 621 1579 impiis
661 1494 898 1561 ritibus
941 1492 1262 1577 polluunt.
1325 1492 1507 1561 Sane
1553 1492 1734 1559 Deus
1781 1512 1912 1558 non
1957 1491 2230 1558 obscure

287 1578 604 1664 loquutus
648 1588 765 1657 est,
811 1599 1014 1664 quum
1062 1600 1133 1644 se
1176 1578 1388 1646 vetuit
1423 1579 1564 1644 ulla
1597 1599 1818 1644 rerum
1856 1587 2227 1646 creatarum

281 1663 582 1752 imagine
641 1666 796 1731 viva
851 1665 963 1730 vel
1022 1671 1279 1730 mort-ua
1337 1665 1833 1748 repraesentari.
1921 1662 2054 1730 Sed
2100 1662 2229 1743 isti,

283 1749 511 1817 Deum
560 1773 630 1817 se
674 1771 867 1817 nosse
911 1772 1045 1818 non
1088 1770 1276 1835 posse
1320 1749 1564 1829 dicunt,
1605 1749 1737 1815 nisi
1781 1749 2004 1833 aliqua
2047 1748 2228 1815 simi·

283 1837 572 1904 litudine
613 1844 1156 1921 repraesentetur.
1245 1835 1477 1921 Itaque
1538 1835 1769 1901 volunt
1825 1835 2063 1902 idiotas
2111 1833 2228 1900 ha·

283 1922 451 1989 bere
472 1924 811 2009 imagines,
847 1923 1082 2007 quibus
1104 1919 1290 1987 Dens
1328 1931 1857 2005 repraesentetur
1891 1929 1958 1986 et
2001 1919 2228 1998 sancti,

282 2010 407 2093 qui
451 2031 570 2095 pro
611 2009 770 2095 ipsis
812 2006 986 2094 apud
1029 2007 1245 2073 Deum
1292 2005 1728 2087 intercedunt,
1789 2004 1963 2090 quod
2023 2026 2100 2072 ea
2145 2006 2231 2072 sit

279 2095 636 2162 hominum
678 2093 1052 2181 ignorantia
1096 2101 1161 2158 et
1201 2092 1456 2178 ingenii
1501 2103 1751 2177 stupor,
1810 2101 1886 2158 ut
1943 2099 2078 2156 tam
2123 2111 2226 2157 ar·

281 2181 459 2250 duas
515 2203 624 2247 res
682 2181 808 2246 nisi
866 2176 1252 2262 quibusdam
1296 2179 1697 2265 imaginibus
1736 2176 2229 2264 apprehendere

279 2290 431 2334 non
488 2268 758 2352 possint.
844 2265 1082 2331 Nonne
1135 2285 1295 2330 vero
1351 2264 1699 2333 manifesta
1768 2266 1894 2330 ista
1960 2262 2229 2330 rebellio

281 2366 414 2432 est,
477 2373 678 2437 quum
737 2352 880 2417 Deo
947 2350 1372 2436 sapientiores
1437 2369 1580 2416 esse
1644 2349 1897 2427 volunt,
1962 2360 2027 2415 et
2089 2350 2229 2415 eius

279 2448 639 2525 praecepta
663 2437 1021 2524 negligant,
1060 2436 1464 2522 gloriamque
1484 2435 1929 2502 imminuant?
1974 2433 2226 2500 Verum

279 2547 416 2611 age
459 2523 889 2591 concedamus
931 2523 1091 2607 ipsis
1134 2522 1417 2606 aliquam
1463 2523 1529 2587 in
1578 2523 1723 2589 istis
1766 2522 1906 2588 suis
1949 2521 2230 2607 gesticu-

275 2611 644 2677 lationibus
689 2628 829 2675 esse
876 2608 1083 2674 divini
1126 2607 1339 2674 cultus
1396 2609 1700 2693 speciem,
1760 2628 1974 2692 neque
2030 2606 2229 2674 fuisse

278 2718 328 2763 a
352 2697 498 2763 Deo
539 2695 953 2780 prohibitam.
998 2694 1207 2761 veluti
1250 2714 1449 2778 quum
1497 2692 1929 2760 auricularem
1975 2693 2226 2760 confes·

279 2783 547 2851 sionem
594 2781 898 2858 retinent,
965 2790 1029 2845 et
1085 2779 1292 2846 multa
1345 2779 1582 2845 similia
1626 2786 2014 2854 commenta,
2060 2798 2227 2863 quae

279 2868 585 2935 dicamus
642 2887 786 2934 esse
835 2875 989 2948 μέσα
1057 2875 1126 2931 et
1180 2864 1655 2932 indifferentia:
1725 2866 1940 2950 legem
2002 2872 2224 2930 tamen

275 2952 672 3021 diabolicam
707 2951 1121 3019 conscientiis
1156 2951 1492 3019 hominum
1528 2951 1779 3034 imponi
1815 2957 2068 3016 certum
2105 2957 2223 3016 est.

273 3039 524 3124 Neque
567 3040 737 3104 enim
785 3038 1079 3104 confiteri
1122 3045 1336 3124 potest
1377 3038 1721 3122 qnisquam
1781 3044 2045 3121 peccata
2087 3054 2223 3114 sua,

277 3126 422 3192 nisi
481 3126 648 3193 serio
704 3124 964 3189 illorum
1023 3144 1218 3189 sensu
1277 3123 1622 3202 afficiatur,
1682 3131 1749 3188 et
1805 3142 2023 3188 coram
2083 3121 2224 3187 Deo

271 3233 411 3298 pro
470 3211 600 3277 illis
657 3221 895 3298 gemat,
951 3209 1339 3292 veniamque
1395 3208 1796 3294 deprecetur.
1888 3207 1980 3273 At
2024 3227 2222 3292 quum

271 3297 551 3384 singula
591 3317 710 3363 sua
744 3299 1028 3380 peccata,
1064 3294 1265 3363 semel
1301 3294 1653 3380 quotannis
1684 3294 1977 3360 confiteri
2001 3294 2224 3360 miseri

271 3392 630 3469 cogantur,
688 3391 756 3448 et
799 3381 1056 3466 quidem
1102 3379 1365 3460 indicta,
1423 3382 1491 3445 ni
1534 3381 1668 3457 fiat,
1727 3400 1935 3464 poena
1977 3378 2226 3463 peccati

270 3469 604 3548 mortalis,
662 3468 848 3536 cuius
905 3466 1086 3533 nulla
1143 3468 1229 3532 sit
1286 3485 1574 3550 unquam
1633 3466 1946 3543 remissio,
2007 3485 2225 3532 nonne

269 3555 637 3622 manifesta
680 3561 781 3621 es't
823 3552 1085 3620 divinae
1129 3552 1497 3619 autoritatis
1542 3574 1664 3618 usu
1751 3550 1927 3618 atio?
2016 3550 2225 3619 Cuius

271 3642 487 3721 enim,
532 3640 813 3722 obsecro,
857 3647 959 3705 est
1001 3639 1330 3706 coelorum
1375 3636 1626 3703 aditum
1672 3657 1708 3703 c
1736 3635 2023 3704 audere?
2095 3637 2224 3704 Oui

266 3727 551 3796 mortali
616 3726 714 3792 rei
777 3733 1034 3792 creatae
1100 3723 1254 3791 data
1317 3725 1445 3789 ista
1524 3722 1856 3808 potestas?
1964 3722 2225 3789 Deinde

257 3821 569 3902 quantus
634 3811 1049 3879 conscientiis
1114 3809 1460 3895 scrupulus
1537 3809 1861 3891 iniicitur,
1939 3816 2224 3894 quantus

258 3903 286 3969 i
402 3899 458 3965 is
525 3898 903 3965 accenditur
959 3915 1089 3980 quo
1147 3897 1214 3962 in
1273 3894 1782 3980 profundissima
1832 3895 2072 3981 abysso
2117 3915 2222 3960 ar·

320 3994 510 4063 eant,
576 4004 778 4068 quum
845 3982 1196 4067 quotannis
1263 3981 1483 4048 omnia
1542 3989 1805 4065 peccata
1870 3980 2221 4047 confitendi

267 4069 644 4139 necessitas
686 4068 1085 4154 imponitur?
1171 4068 1378 4151 Euge,
1424 4065 1571 4152 quis
1615 4067 2028 4132 millesimam
2075 4086 2222 4151 pec-

269 4167 587 4227 catorum
628 4175 894 4221 suorum
940 4161 1187 4238 partem
1226 4153 1431 4228 novit,
1476 4161 1545 4217 et
1579 4153 1892 4218 memoria
1925 4162 2224 4237 repetere

267 4241 550 4348 potest?
639 4239 842 4307 Nulla
884 4241 1061 4306 enim
1107 4237 1245 4306 dies
1290 4238 1620 4324 praeterit,
1679 4239 1838 4323 quin
1881 4259 2223 4324 peccemus

271 4352 351 4397 in
406 4326 664 4394 multis:
725 4325 872 4409 quis
927 4347 1082 4411 ergo
1141 4346 1313 4392 anno
1357 4324 1575 4412 elapso
1619 4333 1866 4408 repetet
1910 4325 2221 4391 memoria

274 4427 349 4483 et
411 4411 819 4479 enumerabit
884 4411 1145 4497 singula
1253 4420 1474 4477 eccata
1536 4432 1676 4491 sua,
1735 4431 1937 4495 quum
1998 4411 2222 4476 miseri

271 4499 765 4569 homunciones
821 4498 1027 4563 simus
1083 4498 1216 4563 lum
1267 4497 1548 4563 ricorum
1594 4497 1805 4562 instar
1848 4497 2032 4563 humi
2074 4517 2224 4580 rep·

274 4599 528 4665 tantes,
588 4595 654 4652 et
711 4584 822 4668 qui
880 4605 1010 4649 non
1058 4585 1362 4649 novimus
1408 4592 1624 4650 atrum
1671 4583 1751 4649 ab
1795 4582 1943 4647 albo
1988 4592 2226 4649 natura

276 4669 745 4758 distinguere?
831 4668 974 4735 Nae
1034 4670 1376 4735 manifesta
1422 4670 1489 4734 in
1532 4668 1676 4734 istis
1719 4667 2007 4747 rebellio,
2065 4689 2225 4752 quo-

275 4761 472 4827 niam
535 4757 716 4823 Deus
771 4756 1157 4840 gravissime
1215 4754 1511 4832 laeditur,
1571 4775 1822 4838 suoque
1875 4754 2019 4820 iure
2075 4773 2224 4839 spo-

277 4846 513 4919 liatur,
579 4852 645 4908 et
709 4860 828 4908 sua
896 4849 1230 4924 potestate,
1297 4861 1489 4925 quam
1559 4840 1682 4906 sibi
1749 4839 1857 4907 isti
1925 4840 2226 4906 homines

279 4928 676 5009 vendicant,
739 4925 1127 5011 plebemque
1190 4925 1318 4992 Dei
1383 4926 1749 4992 miserrime
1827 4926 2223 4993 excruciant.

276 5018 713 5102 Quapropter
763 5015 1008 5079 iactent
1062 5011 1160 5076 illi
1220 5013 1466 5078 cultum
1514 5011 1811 5078 divinum
1857 5032 1969 5077 ore
2012 5012 2223 5095 pleno,

278 5101 693 5172 contrarium
752 5108 969 5163 tamen
1029 5118 1293 5182 prorsus
1351 5105 1648 5182 apparet,
1703 5096 2224 5182 quandoquidem

280 5187 507 5258 cultus
563 5185 675 5251 ille
731 5181 839 5249 vel
885 5184 1102 5268 potius
1145 5185 1519 5270 superstitio
1563 5184 1745 5249 nullo
1789 5183 1979 5250 modo
2024 5185 2225 5250 verbo

281 5273 421 5341 Dei
490 5271 738 5352 nititur,
805 5290 879 5338 ac
944 5268 1215 5355 proinde
1279 5291 1461 5335 mera
1513 5278 1771 5336 tantum
1830 5269 2227 5336 idolomania

1625 356 1728 424 IN
1767 357 1822 423 1.
1868 357 2050 425 LIB.
2098 354 2498 425 SAMUEL.
2543 356 2741 424 OAP.
2785 355 2942 423 XV.

4154 362 4279 436 122

2336 554 2454 613 est.
2546 547 2767 630 Atque
2810 567 2882 613 se
2922 546 3019 612 ita
3061 567 3200 614 rem
3249 548 3509 630 habere,
3565 551 3696 617 iam
3741 557 3897 616 ante
3941 550 4278 621 docuimus

2334 631 2551 699 Isaiae
2605 632 3000 714 testimonio,
3058 634 3280 700 Deum
3336 656 3455 700 suo
3514 636 3656 702 iure
3709 634 4021 718 fraudari,
4072 658 4275 720 quum

2336 719 2541 784 alium
2582 720 2708 802 ipsi
2754 719 3007 784 cultum
3040 740 3238 804 quam
3275 721 3386 805 qui
3424 722 3623 788 verbo
3662 722 3867 806 ipsius
3904 722 4277 791 continetur

2335 804 2743 882 exhibemus,
2802 802 2976 889 quod
3033 805 3242 871 solum
3302 806 3494 872 illum
3550 829 3692 874 esse
3736 817 4033 874 nostrum
4081 809 4274 894 legis·

2333 890 2608 956 latorem
2654 901 2966 973 oporteat.
3056 890 3398 973 Quaenam
3443 914 3598 979 ergo
3642 895 3770 959 ista
3829 894 4114 960 amentia
4157 907 4277 976 est,

2336 996 2761 1061 quaecunque
2801 977 2869 1042 in
2913 982 3202 1044 mentem
3247 979 3571 1060 venerint,
3616 979 3760 1046 Deo
3805 979 4168 1046 adscribere
4203 981 4276 1048 in

2336 1062 2623 1130 cultum:
2681 1069 2751 1127 et
2808 1062 2984 1130 hunc
3043 1070 3158 1130 aut
3215 1063 3401 1130 illum
3448 1067 3631 1150 sequi
3677 1065 4006 1132 doctorem
4051 1068 4275 1150 potius

2335 1166 2532 1231 quam
2578 1146 2813 1226 Deum,
2874 1157 2943 1213 et
2998 1148 3566 1235 ignorantissimos
3626 1172 3908 1236 quosque
3951 1153 4094 1217 fieri
4141 1173 4279 1217 om-

2334 1235 2521 1299 nium
2566 1231 3082 1301 audacissimos?
3168 1235 3364 1303 Unde
3408 1255 3564 1302 vero
3609 1237 3801 1303 duxit
3857 1236 4122 1303 initium
4172 1239 4280 1306 hic

2336 1339 2539 1399 error,
2597 1328 2674 1385 ut
2730 1319 3041 1404 quidquid
3098 1320 3400 1388 homines
3464 1323 3956 1402 somniaverint,
4022 1324 4273 1390 cultum

2333 1406 2480 1472 Deo
2523 1414 2789 1491 gratum
2836 1408 3236 1485 existiment,
3297 1409 3422 1473 nisi
3468 1430 3550 1475 ex
3594 1410 3759 1476 falsa
3801 1411 3903 1474 sui
3947 1410 4272 1494 opinione,

2334 1512 2461 1643 {lm
2520 1494 2596 1556 fit
2654 1501 2728 1556 ut
2771 1491 3062 1591 ’quisque
3118 1493 3242 1560 sibi
3299 1496 3509 1579 fingat
3572 1494 3821 1561 idolum
3886 1495 4273 1579 proprium?

2402 1598 2474 1642 os
2501 1596 2655 1642 vero
2694 1595 2978 1642 sciamus
3013 1579 3393 1662 quotiescun
3442 1601 3526 1646 ue
3562 1581 3894 1648 reiicimus
3917 1582 4278 1668 praescrip-

2336 1673 2475 1727 tum
2521 1682 2561 1727 a
2595 1659 2741 1727 Deo
2787 1662 3056 1742 cultum,
3103 1665 3292 1731 toties
3337 1666 3410 1730 in
3503 1687 3651 1732 eum
3740 1686 3979 1748 eccare,
4025 1677 4091 1734 et
4136 1678 4276 1734 tan-

2336 1748 2608 1814 tundem
2658 1747 2737 1813 de
2782 1749 2990 1833 ipsius
3034 1750 3281 1817 honore
3323 1760 3392 1818 et
3434 1752 3642 1838 gloria
3721 1753 4060 1820 atrahere:
4099 1754 4270 1837 quod

2335 1854 2442 1899 res
2485 1841 2740 1900 creatas
2783 1834 2853 1898 in
2896 1835 3106 1917 ipsius
3160 1836 3372 1903 locum
3432 1839 3923 1904 substituamus.
4012 1840 4271 1905 Trium-

2336 1919 2544 2004 phent
2601 1919 2822 2003 itaque
2880 1922 3172 2005 papistae
3230 1920 3312 1987 de
3370 1944 3488 1988 suo
3548 1923 3662 1989 illo
3721 1924 3900 1989 cultu
3955 1934 4276 2010 quantum

2335 2005 2582 2084 volent,
2650 2013 2718 2071 et
2782 2025 2936 2071 suas
3001 2006 3238 2073 stultas
3303 2008 3640 2091 opiniones
3702 2020 4079 2094 sequantur,
4146 2010 4276 2078 Dei

2336 2091 2662 2176 sapientia
2726 2111 2860 2156 non
2922 2092 3229 2171 contenti,
3296 2113 3531 2160 verum
3593 2107 3812 2163 tamen
3871 2096 4017 2162 illos
4061 2103 4273 2162 totum

2334 2177 2463 2244 Dei
2506 2177 2759 2243 cultum
2804 2189 2869 2242 et
2927 2177 3280 2246 obscurare
3323 2190 3391 2245 et
3434 2191 3811 2264 pervertere
3854 2190 4105 2248 certum
4153 2191 4270 2248 est.

2335 2263 2589 2329 Idcimo
2634 2262 2959 2330 Dominus
3018 2275 3240 2332 noster
3295 2265 3483 2332 Iesus
3526 2265 3834 2334 Christus
3880 2267 3982 2333 15.
4028 2267 4270 2334 Matth.

2335 2348 2708 2415 Pharisaeis
2743 2349 3199 2435 exprobrabat,
3238 2351 3386 2418 illos
3423 2353 3561 2419 suis
3583 2352 4040 2420 traditionibus
4065 2351 4273 2436 legem

2334 2435 2464 2501 Dei
2530 2434 2796 2500 violare.
2885 2435 3054 2501 Nam
3110 2438 3623 2523 quotiescunque
3676 2439 3986 2504 mortales
4037 2438 4273 2505 stultas

2333 2541 2485 2587 snas
2548 2521 3048 2606 imaginationes
3113 2523 3598 2608 amplectuntur
3660 2533 3728 2590 et
3804 2526 3877 2590 in
3941 2544 4065 2589 usu
4130 2545 4273 2591 esse

2334 2606 2583 2686 volunt,
2630 2607 2757 2674 Dei
2801 2607 3207 2675 maiestatem
3269 2609 3390 2676 sibi
3453 2609 3764 2677 vilescere
3822 2610 3982 2676 satis
4047 2621 4272 2694 aperte

2330 2701 2679 2759 testantur.
2764 2693 2859 2759 Et
2901 2715 2983 2759 ex
3026 2692 3147 2761 hoc
3201 2694 3381 2760 fonte
3439 2696 3607 2762 alins
3664 2717 3847 2762 error
3903 2707 4269 2779 promanat.

2330 2778 2503 2844 Nam
2550 2779 2659 2844 nbi
2696 2777 2820 2844 sibi
2857 2778 2981 2844 hoc
3015 2779 3453 2862 indulserunt,
3489 2783 3686 2847 etiam
3726 2781 3848 2848 sibi
3875 2781 4275 2866 persuadent

2331 2864 2475 2929 Deo
2534 2871 2796 2949 gratum
2853 2876 3316 2950 acceptumque
3386 2887 3530 2932 esse
3594 2876 3893 2952 oportere
3959 2866 4275 2950 quidquid

2331 2949 2684 3016 commenti
2725 2950 2988 3015 fuerint.
3077 2950 3259 3034 Quin
3304 2952 3499 3017 etiam
3546 2953 3834 3019 inventis
3877 2954 4016 3019 suis
4059 2962 4277 3019 tanto·

2411 3057 2485 3100 re
2530 3035 2910 3120 gloriantur,
2968 3045 3045 3101 ut
3083 3058 3242 3121 prae
3285 3035 3417 3103 illis
3461 3036 3714 3123 reliqua
3758 3038 3982 3103 inania
4024 3038 4157 3103 sint
4202 3046 4268 3103 et

2402 3120 2563 3187 tilia.
2631 3119 2763 3188 Sed
2808 3122 2931 3189 hoc
2975 3132 3204 3190 contra
3248 3122 3598 3194 tenendum
3647 3133 3764 3203 est,
3810 3144 3919 3190 eos
3963 3122 4118 3189 licet
4139 3121 4268 3189 Dei

2329 3206 2580 3275 cultum
2641 3205 2989 3293 diligenter
3047 3208 3502 3291 observarent,
3570 3209 3992 3276 nihilominus
4045 3217 4266 3278 tamen

2327 3294 2453 3444 ilpsi
2517 3293 3025 3378 permixtionem
3087 3294 3272 3361 illam
3341 3295 3694 3380 displicere.
3797 3293 4023 3379 Neque
4087 3295 4269 3360 enim

2398 3397 2549 3444 eum
2594 3378 2805 3445 colere
2840 3379 3182 3464 quisquam
3228 3382 3350 3448 rite
3385 3389 3618 3465 potest,
3653 3381 3781 3447 nisi
3821 3380 4024 3447 verbo
4056 3379 4266 3464 ipsius

2327 3463 2399 3532 in
2442 3462 2728 3530 solidum
2774 3466 3158 3549 acquiescat.
3246 3465 3381 3548 Qui
3425 3485 3580 3533 vero
3638 3466 3816 3532 intra
3857 3466 3983 3532 hos
4026 3464 4267 3533 limites

2330 3571 2464 3617 non
2524 3571 2594 3617 se
2654 3550 2964 3629 continet,
3027 3572 3103 3617 eo
3161 3550 3427 3620 devenit
3483 3551 3857 3637 impietatis,
3925 3560 4000 3618 ut
4065 3572 4268 3636 supra

2329 3636 2546 3702 Deum
2609 3656 2681 3701 sa
2763 3657 2836 3703 re
2890 3636 3208 3704 videatur.
3295 3637 3533 3704 Nonne
3591 3637 3767 3703 enim
3812 3638 3956 3705 Deo
4014 3638 4265 3706 socium

2330 3721 2485 3788 dare
2530 3731 2629 3789 est
2699 3723 2878 3805 psius
2925 3725 3338 3790 autoritatem
3382 3724 3669 3804 reiicere,
3713 3726 3899 3807 quasi
3946 3745 4078 3790 non
4124 3745 4265 3790 am-

2327 3808 2499 3958 Blius
2544 3829 2620 3874 eo
2662 3809 3101 3892 gubernatore
3146 3818 3212 3874 et
3253 3807 3628 3894 legislatore
3664 3829 3825 3894 opus
3857 3809 4262 3876 habeamus?

2398 3894 2635 3978 eniqns
2693 3915 2776 3960 ex
2836 3915 3036 3980 supra
3090 3894 3283 3961 dictis
3340 3903 3612 3980 apparet
3669 3895 4080 3962 verissimam
4124 3916 4265 3962 esse

2330 3978 2655 4047 Samuelis
2721 3981 2893 4048 hanc
2958 3980 3387 4060 sententiam,
3470 4001 3610 4047 esse
3676 3982 3861 4065 quasi
3924 3991 4264 4066 peccatum

2326 4066 2666 4146 ariolandi,
2712 4065 3015 4133 recedere
3057 4086 3097 4131 a
3142 4066 3412 4133 Domini
3454 4065 3794 4133 mandato:
3858 4087 3933 4133 ac
3991 4067 4264 4152 proinde

2325 4159 2501 4218 totus
2544 4150 2658 4218 ille
2703 4152 2918 4218 cultus
2962 4151 3234 4219 fictitius
3278 4153 3513 4219 merito
3555 4153 3943 4220 veneficium
3991 4161 4060 4218 et
4105 4153 4267 4217 divi-

2327 4237 2504 4304 natio
2548 4237 2679 4305 dici
2720 4245 2953 4322 potest.
3043 4236 3379 4388 Quidquid
3424 4237 3601 4305 enim
3644 4238 3953 4305 mortales
4002 4240 4092 4303 fin
4144 4244 4265 4303 unt

2326 4333 2576 4390 certum
2635 4333 2733 4390 est
2790 4322 2872 4388 ab
2931 4331 3155 4391 autore
3257 4323 3472 4391 iabolo
3564 4325 3869 4392 roficisci:
3929 4333 3992 4390 et
4036 4344 4074 4388 a
4186 4343 4262 4388 eo

2327 4409 2553 4495 procul
2598 4408 2899 4476 recedere
2943 4411 3053 4493 qui
3100 4410 3427 4478 doctorem
3472 4409 3656 4475 ilum
3705 4410 3891 4476 audit
3933 4418 4002 4474 et
4044 4408 4263 4492 sequi-

2328 4506 2454 4560 tur.
2543 4494 2715 4561 Nam
2778 4516 2982 4578 quum
3050 4495 3292 4562 veritas
3358 4505 3426 4562 et
3489 4495 3902 4563 mendacium
3959 4495 4132 4560 inter
4190 4512 4262 4558 se

2328 4588 2646 4667 pugnent,
2715 4580 2824 4665 qui
2891 4602 3019 4647 non
3088 4582 3399 4648 adhaeret
3463 4603 3728 4666 prorsus
3783 4580 3909 4646 Dei
3975 4579 4260 4659 veritati,

2329 4668 2554 4750 procul
2602 4665 2793 4733 dubio
2840 4666 3174 4735 diabolicis
3216 4667 3629 4734 illusionibus
3674 4666 4039 4751 abducitur,
4085 4663 4261 4750 quod

2330 4751 2622 4819 diabolus
2667 4773 2793 4817 non
2840 4753 2982 4820 sine
3026 4774 3221 4821 causa
3265 4754 3641 4819 nominetur
3697 4760 3882 4837 pater
3918 4750 4257 4817 mendacii.

2329 4837 2552 4920 Quare
2613 4839 2669 4905 si
2729 4839 2807 4903 de
2863 4840 3008 4906 istis
3063 4839 3363 4906 homines
3422 4839 3590 4904 serio
3657 4839 4035 4922 cogitarent,
4100 4857 4260 4904 sane

2328 4924 2676 4990 horrerent
2729 4924 2838 4989 vel
2900 4923 2979 4989 ad
3035 4926 3240 4992 solam
3299 4924 3754 5009 cogitationem
3818 4922 4162 4990 recedendi
4221 4940 4262 4985 a

2329 5011 2526 5076 verbo
2571 5009 2720 5077 Dei.
2808 5010 2940 5077 Sed
2986 5032 3228 5090 eorum,
3274 5029 3531 5095 quaeso,
3591 5016 3920 5093 stuporem
3967 5005 4261 5076 animad-

2328 5095 2584 5174 vertite,
2630 5117 2793 5181 quos
2836 5096 3075 5163 mirum
3121 5105 3221 5163 est
3262 5097 3357 5161 ita
3402 5095 3766 5175 fascinatos,
3812 5103 3888 5159 ut
3931 5117 4060 5161 non
4106 5113 4259 5181 pos-

2327 5181 2460 5245 sint
2503 5181 2885 5266 persuaderi
2929 5204 2999 5248 se
3042 5183 3107 5247 in
3155 5201 3372 5248 errore
3414 5183 3687 5262 versari,
3747 5201 3954 5263 neque
4014 5182 4095 5248 ab
4140 5181 4255 5247 illo

2327 5266 2593 5334 abduci:
2630 5266 2883 5351 sibique
2906 5269 3230 5353 insignem
3256 5267 3562 5333 iniuriam
3585 5267 3727 5333 fieri
3752 5276 4257 5351 conquerantur,
