5059 6059
907 355 1008 420 47

917 544 1139 609 fauces
1204 541 1283 605 ad
1356 539 1624 604 miseros
1688 537 2140 623 deglutiendos
2206 548 2616 620 apparantee.
2718 533 2851 601 Sed

921 649 1069 695 ecce
1114 625 1493 710 repentinus
1536 624 1717 690 furor
1759 646 1798 688 a
1842 624 1985 688 Deo
2031 623 2363 688 immissus
2409 622 2503 687 sic
2548 622 2692 686 illos
2735 623 2854 685 im-

2519 345 2929 413 HOMILIA
2965 349 3294 416 XLVIII.
4718 360 4772 427 48

2954 558 3110 622 ergo
3170 538 3380 604 baculi
3425 552 3717 604 extremo
3761 538 3827 603 in
3886 538 4107 605 favum
4158 539 4368 604 mellis
4410 540 4667 617 intincto.
4698 544 4776 609 sli-

2952 624 3335 707 quantulum
3384 624 3595 691 suxit:
3651 624 3764 707 qui
3822 646 3861 689 a
3916 625 4193 706 quodam
4252 645 4290 689 e
4347 623 4525 708 plebe
4560 626 4626 691 de
4658 649 4781 697 exte-

920 716 1104 798 pulit‚
1163 723 1240 777 ut
1297 723 1529 776 mutuo
1587 731 1728 775 sese
1795 710 2140 774 laniarint:
2208 720 2275 772 et
2333 707 2518 772 Deus
2586 707 2849 772 illorum
2949 710 3237 775 cratione
3283 711 3488 792 patris
3554 709 3944 790 admonitus,
4011 712 4297 793 excepit:
4366 712 4560 791 Atqui
4592 715 4784 781 hoeboeit

919 797 1470 898 conspirationem
1530 796 1598 860 in
1644 808 1836 878 caput
1878 796 2171 877 ipsorum
2221 795 2527 858 verterit:
2586 805 2848 858 servata
2938 800 3127 876 pater
3167 816 3340 860 meus
3381 801 3647 861 terram.-
3682 797 3935 862 vidistis
3965 798 4132 861 enim
4164 798 4317 878 quia
4350 797 4664 863 illuminati
4686 808 4783 867 sunt

917 885 1226 952 eeclesiae
1289 903 1446 966 pace
1513 895 1578 945 et
1645 882 2135 964 tranquillitate,
2216 901 2381 962 quae
2461 890 2698 956 tamen,
2775 888 2851 943 ut

920 970 1073 1050 dixi,
1131 982 1439 1052 tanquam
1494 967 1637 1033 ovis
1684 977 1825 1033 erat
1868 966 2164 1031 lanienae
2210 965 2556 1030 destinata.
2646 965 2850 1029 Mira-

918 1058 1137 1124 culum
1185 1055 1407 1138 procul
1454 1053 1651 1118 dubio
1699 1053 2153 1117 manifestum:
2198 1052 2266 1115 in
2304 1073 2428 1134 quo
2463 1050 2592 1115 Dei
2645 1053 2847 1114 nostri

919 1164 1077 1225 erga
1119 1163 1271 1207 suos
1316 1140 1671 1205 bonitatem
1733 1139 1885 1205 licet
1943 1138 2347 1220 apertissime
2405 1136 2845 1218 contemplari.

922 1228 1150 1311 Neque
1213 1247 1362 1291 vero
1409 1223 1609 1291 semel
1669 1235 1926 1288 tantum
1972 1234 2086 1288 aut
2123 1224 2361 1288 iterum
2406 1243 2621 1288 caesos
2669 1223 2846 1304 fuga-

920 1325 1147 1395 tosque
1206 1311 1427 1377 hostes
1482 1332 1521 1376 a
1567 1309 1870 1386 Domine,
1945 1308 2056 1374 sed
2115 1309 2286 1373 idem
2334 1308 2624 1391 quotidie
2668 1308 2846 1371 facti·

921 1401 1045 1464 tari
1103 1399 1414 1463 videmus.
1503 1396 1601 1461 Ac
1661 1416 1816 1460 sane
1874 1417 2002 1460 non
2069 1395 2212 1459 sine
2276 1414 2473 1459 causa
2534 1394 2847 1476 propheta

919 1485 1105 1551 dicit:
1153 1484 1418 1548 Domini
1468 1482 1673 1547 nostri
1718 1482 1868 1546 Iesu
1912 1480 2158 1546 Christi
2203 1501 2478 1564 regnum
2539 1481 2675 1545 fore
2715 1479 2841 1561 spi-

915 1571 1170 1637 rituale.
1260 1568 1698 1650 Quamobrem
1743 1568 1820 1632 iis
1865 1565 2214 1631 adversum
2256 1567 2592 1632 ecclesiam
2640 1565 2842 1630 hosti-

915 1658 1039 1723 bus
1097 1654 1535 1738 surgentibus,
1602 1653 1836 1735 quibus
1897 1651 2267 1735 repellendo
2332 1663 2399 1716 et
2462 1650 2841 1716 sustinendo

905 1743 1134 1807 miseri
1193 1740 1417 1805 fideles
1460 1749 1614 1803 sunt
1656 1739 1958 1821 impares,
2018 1736 2187 1820 quod
2235 1737 2564 1801 fortissimi
2623 1737 2844 1801 hostes

917 1839 984 1892 et
1039 1825 1549 1891 numerosissimi
1613 1824 1763 1897 sint,
1827 1834 1893 1887 et
1937 1823 2242 1887 omnibus
2284 1823 2366 1887 iis
2411 1822 2735 1886 machinis
2779 1832 2844 1885 et

917 1924 1233 1997 apparatu
1316 1911 1545 1975 bellico
1604 1908 2108 1984 instructissimi,
2192 1909 2426 1990 quibus
2510 1908 2610 1972 vel
2703 1928 2843 1971 mo-

917 2013 1137 2064 mento
1196 1999 1653 2062 obrueremur:
1727 1994 1797 2058 iu
1856 1996 2239 2058 memoriam
2285 1994 2647 2059 revocanda
2690 2004 2844 2058 sunt

918 2083 1363 2150 memorabilia
1423 2082 1544 2146 Dei
1613 2080 1720 2143 illa
1786 2080 2097 2145 facinora:
2166 2080 2375 2162 qualis
2454 2079 2578 2144 fuit
2639 2081 2835 2145 victo·

917 2173 1014 2235 ria
1058 2169 1137 2234 de
1185 2167 1580 2243 Madianitis,
1647 2186 1774 2248 qua
1833 2166 2018 2230 Deus
2083 2166 2391 2248 populum
2448 2185 2641 2229 suum
2698 2165 2840 2229 sine

916 2256 1149 2320 mediis
1231 2254 1505 2317 terrenis
1591 2273 1671 2315 ex
1761 2252 2130 2314 imminenti
2211 2250 2499 2334 periculo
2581 2250 2835 2332 eripuit.

917 2341 1152 2422 Qualis
1220 2339 1415 2403 etiam
1496 2338 1768 2403 victoria
1848 2337 1928 2400 de
1994 2336 2387 2413 Philistaeis,
2456 2357 2649 2418 quam
2716 2335 2839 2400 hoc

913 2426 1056 2491 loco
1118 2435 1607 2507 pertractamus.
1698 2422 1787 2485 Et
1855 2422 2014 2486 haec
2081 2421 2161 2487 de
2221 2422 2363 2487 istis
2428 2422 2589 2486 satis
2669 2421 2839 2485 dicta

913 2524 1138 2587 sunto;
1233 2531 1316 2574 ex
1395 2508 1628 2590 quibus
1710 2507 2033 2572 discamus
2112 2509 2205 2571 ita
2270 2509 2339 2571 in
2399 2507 2522 2572 Dei
2606 2508 2838 2571 timore

914 2609 979 2662 et
1057 2595 1420 2660 obedientia
1498 2593 1813 2668 incedere,
1904 2604 1976 2657 ut
2062 2606 2356 2658 mutuam
2424 2591 2834 2658 concordiam

913 2682 1067 2747 fidei
1128 2679 1382 2745 vinculo
1427 2681 1801 2753 excitemus,
1874 2699 2219 2761 veramque
2279 2691 2343 2741 et
2407 2687 2651 2742 rectam
2709 2679 2835 2742 fra-

911 2768 1281 2834 ternitatem
1357 2765 1464 2830 alii
1543 2785 1697 2847 erga
1776 2763 1939 2828 alios
2000 2765 2352 2844 foveamus,
2423 2775 2490 2828 et
2547 2762 2832 2846 quando·

907 2854 1167 2937 quidem
1217 2853 1383 2917 hanc
1425 2872 1466 2915 a
1511 2850 1650 2914 Deo
1712 2851 1990 2932 gratiam
2035 2851 2413 2932 consequuti
2459 2870 2705 2928 sumus,
2760 2858 2835 2912 ut

908 2941 973 3004 in
1033 2940 1315 3003 filiorum
1380 2957 1648 3001 numero
1712 2935 2080 3011 habeamur,
2149 2934 2419 3000 eandem
2487 2936 2554 2998 in
2623 2934 2836 3017 proxi-

910 3047 1050 3091 mos
1117 3023 1571 3107 rependamus.
1668 3024 1883 3103 Atque
1950 3021 2043 3084 ita
2107 3021 2259 3085 fidei
2327 3021 2576 3085 unitate
2641 3019 2833 3085 simul

912 3110 1379 3183 devinciamur,
1439 3119 1513 3171 ut
1569 3107 1682 3171 illa
1736 3108 1821 3171 sit
1865 3108 2336 3171 coniunctionis
2378 3120 2643 3171 mutuae
2690 3107 2834 3169 vin·

909 3197 1169 3263 culum:
1239 3208 1314 3258 ut
1370 3194 1640 3277 quisque
1708 3193 1904 3256 alium
1967 3192 2164 3257 alacri
2228 3193 2442 3256 animo
2498 3193 2700 3265 iuvet,
2768 3200 2853 3255 et.

912 3283 992 3349 ad
1037 3282 1256 3345 Deum
1306 3300 1424 3345 nos
1470 3290 1809 3343 vocantem
1860 3278 2153 3342 unanimi
2195 3299 2513 3343 consensu
2575 3291 2833 3342 conten·

909 3369 1175 3445 damna,
1262 3365 1683 3446 certatimque
1771 3364 2083 3447 proximis
2170 3363 2676 3429 benefaciamus:
2767 3374 2837 3428 ut

910 3454 1034 3520 hac
1102 3452 1356 3517 ratione
1413 3468 1656 3515 certam
1716 3464 1780 3511 et
1839 3449 2245 3515 indelebilem
2317 3459 2537 3514 notam
2606 3448 2836 3513 habea-

911 3561 1058 3605 mus
1123 3560 1161 3603 a
1219 3538 1361 3602 Deo
1421 3558 1537 3601 nos
1590 3536 1660 3599 in
1723 3535 2030 3617 populum
2095 3536 2324 3618 recipi:
2385 3547 2451 3599 et
2503 3557 2651 3600 eum
2725 3537 2833 3618 qui

913 3624 1095 3690 Deus
1160 3641 1260 3688 est
1315 3624 1487 3705 pacis
1545 3636 1610 3685 et
1664 3621 2041 3685 concordiae
2101 3642 2328 3686 revera
2388 3622 2571 3686 nobis
2629 3621 2833 3684 domi·

914 3732 1079 3778 nari.

1082 3796 1518 3859 Transeamus
1577 3792 1656 3856 ad
1715 3792 2076 3874 sequentia.
2168 3791 2328 3855 Saul
2384 3791 2623 3857 dicitur
2665 3812 2836 3857 exse-

909 3882 1184 3947 eratione
1234 3879 1536 3960 populum
1599 3878 2019 3956 obstrinxisse,
2090 3877 2388 3942 dicendo:
2456 3876 2834 3942 Maledictus

910 3973 1035 4033 esto
1080 3967 1178 4029 vir
1222 3965 1327 4029 ille
1361 3966 1470 4046 qui
1511 3964 1836 4029 consederit
1859 3983 2094 4043 panem
2135 3983 2330 4043 usque
2371 3963 2457 4027 ad
2497 3983 2830 4044 vesperam.

910 4054 1115 4119 Panis
1160 4070 1355 4133 porro
1399 4049 1659 4113 nomine
1696 4048 1969 4131 quilibet
2011 4049 2192 4113 cibus
2235 4048 2645 4129 intelligitur.
2706 4047 2835 4112 Ita-

908 4160 1035 4222 que
1094 4134 1423 4201 maledicit
1478 4135 1776 4200 omnibus
1833 4134 1914 4200 iis
1972 4137 2080 4216 qui
2127 4146 2276 4198 ante
2320 4145 2573 4198 noctem
2619 4133 2830 4199 cibum

907 4225 1114 4289 ullum
1162 4222 1592 4305 gustaverint,
1639 4219 1807 4302 quod
1845 4218 2236 4284 Philistaeos
2277 4220 2578 4303 persequi
2617 4219 2831 4293 vellet,

908 4322 976 4376 et
1018 4326 1433 4390 quoscunque
1475 4306 1745 4371 haberet
1788 4305 2014 4370 obvios
2061 4306 2253 4369 morti
2301 4304 2573 4370 tradere.
2643 4306 2831 4370 Iona·

908 4397 1153 4460 thanus
1198 4396 1461 4467 interea,
1522 4391 1831 4455 victoriae
1875 4402 2102 4455 auctor
2144 4401 2209 4454 et
2253 4392 2663 4474 principium,
2726 4393 2831 4456 ab·

908 4505 1057 4548 sens
1137 4482 1643 4545 exsecrationem
1712 4476 1892 4540 illam
1976 4498 2104 4541 non
2164 4476 2519 4552 audiverat,
2603 4498 2834 4558 nempe

909 4566 1203 4633 hostibus
1264 4564 1646 4648 permixtus.
1737 4561 1960 4643 Quare
2025 4584 2220 4644 quum
2284 4583 2416 4627 non
2475 4562 2831 4628 audivisset

905 4662 1156 4737 patrem
1203 4670 1397 4714 suum
1446 4648 1855 4714 adiurantem
1902 4648 2228 4730 populum,
2275 4649 2342 4712 in
2391 4649 2674 4713 transitu
2719 4669 2832 4712 ex-

905 4750 1188 4804 tremum
1235 4736 1443 4801 baculi
1488 4736 1552 4798 in
1603 4737 1826 4799 favum
1874 4734 2087 4798 mellis
2141 4735 2436 4805 intinxit,
2497 4744 2565 4797 et
2623 4733 2703 4797 ad
2761 4756 2833 4799 os

903 4824 1230 4889 admovit:
1291 4834 1430 4885 erat
1490 4821 1664 4885 enim
1724 4832 1901 4884 terra
1956 4820 2069 4882 illa
2127 4818 2341 4884 mellis
2400 4820 2829 4884 feracissima:

905 4931 1115 4992 neque
1172 4908 1347 4972 enim
1411 4919 1748 4988 tantopere
1793 4908 1859 4969 in
1904 4905 2035 4969 illis
2081 4904 2455 4988 regionibus
2499 4905 2833 4969 laboratur

906 4994 986 5060 de
1030 4995 1259 5079 apibus
1303 4990 1673 5067 educandis,
1720 5001 2119 5074 quantopere
2163 4991 2233 5054 in
2279 4990 2399 5056 his.
2461 4990 2634 5055 Nam
2678 5011 2833 5073 apes

905 5091 1137 5163 sponte
1195 5078 1296 5145 vel
1340 5080 1409 5142 in
1455 5078 1748 5161 rupibus,
1811 5077 1915 5142 vel
1961 5077 2033 5141 in
2075 5076 2253 5142 cavis
2297 5075 2604 5141 arborum
2648 5077 2833 5141 favos

904 5166 1188 5250 fingunt,
1244 5173 1317 5229 ut
1371 5186 1503 5228 non
1563 5164 1705 5229 sine
1763 5182 1958 5229 causa
2018 5174 2193 5227 terra
2250 5162 2601 5228 israelitica
2655 5182 2829 5228 com·

903 5250 1249 5317 mendetur
1290 5270 1331 5313 a
1373 5249 1584 5314 mellis
1626 5258 1693 5314 et
1734 5249 1922 5314 lactis
1979 5248 2329 5314 feracitate.
2419 5248 2831 5314 Ionathanus

2949 881 3111 946 oculi
3171 883 3312 960 mei,
3376 903 3444 947 eo
3714 883 4098 965 qustaverim
4149 882 4485 965 pandulum
4540 884 4609 949 de
4669 886 4786 953 mue

2950 967 3088 1031 isto.
3155 966 3363 1046 Quasi
3408 967 3614 1032 dicat:
3661 966 4054 1032 Debilitatae
4101 989 4279 1033 meae
4325 968 4495 1033 vires
4532 969 4783 1036 oculorum

2949 1072 3241 1117 meorum
3290 1053 3663 1135 adspectum
3712 1051 4155 1119 turbaverant.
4254 1053 4428 1118 Nam
4471 1053 4679 1119 scimus
4709 1079 4785 1120 ex·

2949 1138 3286 1220 perientia,
3349 1139 3550 1203 nimia
3604 1138 3998 1203 abstinentia
4055 1142 4231 1205 vires
4274 1139 4488 1224 frangi
4531 1150 4590 1203 et
4627 1140 4785 1205 debili·

2950 1224 3103 1288 tari:
3151 1246 3226 1290 ac
3273 1224 3542 1305 proinde
3587 1244 3736 1288 eum
3781 1226 3891 1306 qui
3934 1225 4190 1291 ieiunus
4227 1225 4501 1289 nimium
4538 1226 4787 1301 laborarit,

2948 1308 3141 1372 etiam
3188 1309 3519 1374 oculorum
3571 1311 3698 1374 vim
3746 1310 4067 1376 amittere.
4158 1312 4354 1395 Erg0,
4418 1312 4632 1393 inquit.
4669 1314 4788 1377 oculi

2948 1394 3096 1474 mei,
3156 1408 3494 1478 postquam
3538 1396 3660 1460 mel
3726 1396 3898 1460 istud
3943 1398 4224 1478 gustavi,
4284 1410 4439 1460 sunt
4482 1396 4790 1462 illuminati:

2946 1481 3126 1561 quasi
3165 1480 3353 1555 dicat,
3401 1480 3650 1545 reddita
3684 1479 3843 1545 mihi
3882 1482 4017 1546 vita
4060 1496 4187 1547 est:
4233 1481 4639 1547 moribundus
4666 1504 4789 1547 eram

2946 1586 3027 1630 ex
3095 1566 3552 1642 debilitatione,
3632 1568 3760 1631 iam
3842 1588 3993 1631 vero
4075 1568 4531 1652 redintegratis
4591 1569 4791 1647 viribus,

2946 1651 3287 1735 degustato
3348 1653 3560 1717 mellis
3626 1652 3912 1734 pauxillo
3973 1655 4140 1718 vivo,
4227 1654 4325 1720 Ac
4370 1655 4423 1719 si
4471 1653 4712 1735 populus
4742 1655 4791 1719 li·

2946 1736 3095 1801 bere
3153 1739 3539 1803 comedisset
3598 1737 3789 1802 hodie
3848 1738 3927 1804 de
3987 1739 4225 1821 praeda
4268 1760 4534 1804 suorum
4580 1739 4790 1803 hostium

2944 1824 3115 1904 quod
3160 1823 3522 1889 suffecisset
3565 1823 3644 1887 ad
3695 1824 3865 1889 vires
3910 1825 4324 1907 reparandas,
4370 1827 4605 1890 maiore
4636 1828 4793 1889 animo

2943 1919 3010 1972 et
3065 1909 3318 1975 viribus
3377 1908 3592 1975 hostes
3658 1910 4138 1990 insequeretur:
4204 1931 4325 1975 nae
4395 1912 4592 1975 nimia
4647 1912 4793 1993 patris

2945 1994 3068 2058 hac
3127 1995 3193 2058 in
3255 2011 3440 2077 parte
3497 1996 3618 2060 fuit
3674 1995 4008 2061 severitas.
4101 1996 4544 2062 Nihilominus
4584 1996 4795 2078 populu:

2945 2079 3164 2145 hostes
3202 2081 3610 2163 insequutus,
3659 2082 3973 2162 percussit
4018 2082 4162 2145 illos
4207 2104 4243 2145 a
4290 2083 4658 2147 Machmaso
4690 2082 4794 2146 Aia-

2941 2164 3158 2229 Ionem
3207 2186 3448 2247 usque:
3495 2182 3560 2231 et
3603 2168 3846 2249 insigni
3890 2166 4070 2232 clade
4114 2168 4350 2244 affecit,
4398 2168 4795 2249 victoriamque

2942 2251 3426 2317 memorabilem
3488 2275 3569 2317 ex
3628 2272 3758 2334 qua
3812 2255 3927 2318 toti
3998 2255 4229 2336 populo
4286 2254 4465 2318 salus
4524 2268 4691 2337 parta
4732 2268 4794 2317 stt

2943 2338 3318 2418 reportavit.
3409 2337 3581 2419 Quid
3629 2358 3783 2402 vero
3821 2338 3932 2403 illa
3975 2340 4196 2404 Saulis
4238 2342 4592 2405 exsecratio
4634 2340 4795 2403 iecerit

2942 2423 3137 2504 paulo
3205 2436 3349 2505 post
3417 2424 3795 2499 videbimus,
3876 2425 4394 2509 quandoquidem
4463 2426 4643 2490 hodie
4696 2445 4792 2507 per·

2941 2510 3206 2573 tractari
3268 2509 3381 2573 illa
3437 2531 3566 2574 non
3612 2522 3899 2593 possunt.
3990 2511 4264 2576 Interim
4308 2511 4652 2576 Ionathani
4689 2532 4792 2593 que·

2942 2593 3285 2658 rimoniam
3368 2596 3598 2660 iustam
3688 2617 3829 2660 esse
3893 2608 4141 2662 certum
4208 2611 4322 2676 est,
4401 2598 4573 2679 quod
4655 2598 4797 2661 nimii

2940 2682 3285 2744 severitate
3345 2694 3530 2764 pater
3596 2684 3958 2747 iuramento
4016 2683 4320 2766 populum
4382 2682 4793 2748 adstrinxisset

2942 2763 3120 2830 Sane
3182 2787 3373 2848 saepe
3439 2768 3858 2849 imperatores
3927 2769 4175 2852 legibus
4232 2769 4565 2834 inusitatis
4621 2768 4796 2833 militen

2940 2850 3010 2913 in
3072 2851 3289 2917 officio
3346 2854 3626 2916 retinere
3685 2866 3968 2935 oportet:
4027 2855 4229 2919 nimia
4272 2855 4562 2937 alioquin
4606 2856 4666 2919 in
4702 2873 4795 2916 cas-

2941 2937 3060 3000 tris
3104 2936 3323 3001 futura
3367 2938 3744 3002 confusione
3790 2960 4132 3022 rerumque
4179 2941 4674 3023 perturbatione,
4710 2936 4797 3002 niti

2939 3023 3184 3087 severis
3230 3023 3479 3105 legibus
3515 3025 3752 3090 milites
3794 3026 4267 3090 contineantur.
4317 3024 4449 3091 Sed
4490 3027 4607 3090 hoc
4636 3045 4794 3090 exem·

2940 3106 3045 3189 plo
3106 3107 3411 3173 docemur
3469 3132 3596 3174 non
3646 3124 3889 3175 temere
3945 3110 4507 3177 exsecrationibus
4550 3111 4697 3176 ullos
4728 3108 4798 3173 cb·

2940 3192 3374 3275 stringendos.
3443 3196 3608 3259 Nam
3654 3196 4050 3261 tolerabilior
4093 3198 4164 3260 in
4209 3198 4508 3280 principe
4551 3210 4657 3261 aut
4694 3213 4797 3277 regn

2942 3280 3131 3343 unius
3177 3292 3287 3342 aut
3333 3279 3599 3345 alterius
3653 3282 3879 3346 militis
3921 3282 4147 3348 caedes
4191 3292 4380 3359 esset,
4442 3282 4597 3349 lieet
4633 3284 4796 3346 imme-

2937 3365 3092 3443 rita,
3137 3387 3328 3447 quam
3374 3368 3569 3431 unius
3612 3379 3725 3431 aut
3769 3366 4054 3450 plurium
4099 3369 4478 3435 exsecratio,
4529 3368 4683 3435 Nam
4716 3366 4795 3431 eui

2936 3450 3116 3514 iussu
3176 3452 3585 3532 imperatoris
3628 3452 3861 3535 aliquis
3904 3454 4229 3531 caedatur,
4290 3453 4700 3523 nibilominus
4732 3464 4795 3515 u·

2936 3556 3085 3599 men
3133 3536 3271 3600 cius
3316 3538 3606 3602 misereri
3658 3539 3832 3603 Deus
3891 3551 4133 3621 potest:
4194 3537 4325 3605 Sed
4370 3554 4677 3622 quantum
4712 3538 4795 3602 ful·

2935 3641 3083 3684 men
3144 3635 3240 3686 est
3288 3622 3411 3687 Dei
3472 3624 3732 3688 nomine
3790 3624 4101 3691 advocato
4159 3625 4625 3710 qualiscunque
4662 3644 4794 3689 exse-

2934 3707 3180 3771 cratio?
3274 3709 3591 3791 Equidem
3651 3709 3859 3774 fateor
3918 3724 4160 3775 temere
4207 3712 4331 3775 Dei
4392 3713 4653 3777 nomine
4687 3710 4797 3773 abu-

2932 3801 3197 3870 tentem,
3256 3794 3323 3857 in
3382 3816 3570 3858 suum
3631 3808 3825 3876 caput
3881 3817 4073 3861 omne
4132 3795 4604 3862 maledictionis
4642 3814 4796 3880 genna

2934 3877 3266 3944 derivare:
3350 3892 3796 3946 verumtamen
3862 3891 3930 3947 et
3993 3882 4154 3947 illud
4232 3896 4485 3948 eertum
4566 3894 4657 3947 est
4719 3900 4794 3962 pst

2933 3965 3147 4046 ipsum
3231 3987 3359 4030 non
3438 3978 3609 4030 stare
3689 3970 4032 4049 quominus
4115 3968 4332 4032 devoti
4421 3965 4795 4035 exsecran'oni

2936 4070 3163 4114 omnes
3206 4051 3345 4116 sine
3392 4053 3768 4117 remissione
3814 4067 4102 4135 pereant.
4146 4053 4567 4137 Quapropter
4605 4056 4654 4117 si
4685 4048 4795 4117 Saul

2936 4135 3381 4202 interdixisset
3427 4158 3509 4201 ne
3553 4137 3700 4219 quis
3743 4139 3864 4203 sub
3908 4140 4136 4221 capitis
4180 4159 4393 4221 poena
4435 4140 4647 4205 cibum
4693 4148 4797 4201 anm

2937 4222 3224 4286 devictos
3274 4224 3491 4288 hostes
3536 4234 3887 4306 gustasset:
3934 4238 4204 4307 poterat,
4249 4228 4304 4289 si
4351 4224 4640 4311 legitima
4688 4224 4793 4287 faie

2935 4324 3033 4369 set
3078 4311 3423 4387 excusatio,
3467 4309 3627 4393 legis
3671 4312 3985 4376 severitas
4029 4315 4397 4394 temperari.
4470 4312 4636 4377 Nam
4674 4320 4796 4392 poto·

2936 4403 3037 4454 rat
3084 4395 3510 4458 temeritatem
3573 4395 3767 4460 edicti
3809 4416 4180 4479 agnoscere,
4231 4410 4298 4460 et
4357 4398 4597 4463 habere
4639 4410 4794 4478 pom·

2935 4489 3135 4543 tatem
3207 4479 3575 4545 remittendi
3647 4481 3726 4545 de
3789 4503 3886 4561 ee,
3965 4481 4137 4564 quod
4206 4485 4450 4548 nimius
4514 4486 4709 4549 fervor
4753 4492 4795 4540 st

2935 4565 3314 4644 insequendi
3360 4565 3563 4630 hostis
3609 4565 3996 4631 desiderium
4057 4573 4409 4634 extorsisse
4471 4572 4686 4634 merito
4730 4564 4791 4625 vi·

2934 4649 3215 4715 deretur.
3305 4651 3437 4716 Sed
3482 4674 3679 4734 quum
3726 4654 4039 4717 advocato
4088 4655 4205 4717 Dei
4256 4656 4519 4719 nomine
4560 4666 4791 4720 exsem-

2935 4734 3096 4798 tioni
3144 4738 3452 4819 populum
3496 4738 3874 4803 obstrinxit:
3918 4738 4040 4804 sibi
4088 4739 4247 4803 nihil
4298 4740 4616 4823 reliquum
4657 4736 4789 4801 feeit:

2933 4822 3085 4903 quia
3129 4823 3341 4904 potius
3386 4835 3699 4905 quantum
3757 4826 3823 4888 in
3881 4847 3952 4890 se
4005 4824 4149 4906 fuit,
4210 4827 4279 4890 in
4341 4828 4643 4910 populum
4690 4820 4789 4886 uni·

2933 4927 3192 4971 versum
3263 4908 3387 4971 Dei
3469 4910 3634 4973 iram
3716 4923 3780 4973 et
3859 4910 4375 4976 maledictionem
4457 4904 4788 4996 provocavit

2932 4990 3373 5072 Quamobrem
3431 4993 3777 5076 diligenter
3819 4995 4258 5074 observemus,
4316 4999 4491 5062 omni
4548 4992 4787 5061 maledie·

2932 5079 3111 5143 tione
3155 5091 3218 5144 et
3262 5082 3705 5145 exsecratione
3747 5080 4236 5161 abstinendum;
4297 5094 4366 5148 et
4422 5079 4785 5147 cohibendum

2932 5164 3128 5228 animi
3173 5164 3509 5248 impetum,
3590 5187 3673 5230 ne
3729 5167 3886 5249 quid
3931 5168 3999 5231 in
4059 5170 4428 5250 proximum
4490 5182 4783 5252 peccorum

2933 5249 3231 5316 Proiecto
3290 5252 3398 5334 qui
3458 5253 3827 5336 proximum
3883 5254 3987 5318 vel
4033 5253 4236 5337 digito
4280 5254 4565 5331 offendit,
4624 5266 4783 5318 eom
