5059 6059
826 294 951 362 351

820 486 1057 551 merito
1114 483 1301 550 Deus
1357 483 1495 549 illis
1544 505 1734 550 suam
1798 485 1821 550 i

823 575 1086 655 quoties
1145 591 1393 654 poenas
1452 568 1537 634 ab
1578 571 1713 636 illis
1755 593 1795 636 a
1837 572 2075 653 quibus
2118 572 2409 638 offensus
2451 585 2553 638 est
2595 596 2779 655 repe—

824 667 963 723 tere
1030 667 1235 741 parat.
1324 656 1609 738 Reliqua
1662 661 1739 722 in
1792 659 2187 738 erastinum,
2257 671 2592 726 annuente
2643 659 2779 725 Do-

823 743 1023 823 mino,
1070 742 1476 808 differentur.

994 830 1177 914 Ergo
1218 827 1545 912 supplices
1586 827 1733 893 Deo
1773 827 1951 906 facti,
1998 834 2107 895 dc.

1450 1120 1951 1207 HOMILIA
1996 1121 2149 1205 XI.

1334 1257 1422 1322 v.
1472 1256 1757 1322 ενι-30.
1804 1255 1975 1342 (veae
2011 1257 2264 1345 supra).

997 1430 1327 1496 Hesterna
1385 1427 1697 1494 concione
1751 1447 1983 1493 causas
2023 1431 2359 1513 coepimus
2413 1433 2780 1511 ostendere,

821 1539 940 1587 cur
982 1537 1177 1598 saepe
1225 1515 1409 1579 Deus
1452 1512 1827 1578 hominibus
1869 1536 1991 1579 sua
2032 1516 2101 1579 in
2145 1538 2255 1581 eos
2302 1516 2613 1583 beneficia
2655 1542 2771 1585 ex·

820 1603 1118 1688 probret:
1200 1600 1368 1683 quod
1447 1600 1762 1664 nimirum
1830 1601 2121 1666 maxima
2187 1623 2339 1685 pars
2409 1604 2774 1682 hominum,

821 1712 955 1755 non
1021 1685 1214 1753 modo
1274 1685 1524 1769 gratias
1581 1684 1679 1750 illi
1738 1685 2009 1750 reddere
2069 1686 2322 1753 debitas
2365 1699 2436 1753 et
2479 1690 2777 1756 datorem

819 1775 1091 1843 laudare
1134 1786 1201 1839 et
1244 1772 1458 1837 colere
1504 1771 1803 1862 negligit,
1844 1771 1959 1835 sed
2008 1774 2293 1838 maxime
2330 1773 2500 1859 quod
2541 1777 2774 1842 iisdem

817 1862 1132 1935 abutitur,
1175 1871 1241 1924 et
1286 1860 1355 1922 in
1400 1855 1539 1922 dies
1584 1878 1661 1920 ea
1706 1857 2003 1938 profanat
2046 1873 2240 1941 atque
2286 1860 2545 1944 polluit.
2636 1864 2778 1928 An·

814 1970 944 2014 non
1004 1947 1183 2012 enim
1241 1955 1429 2008 tanta
1484 1943 1887 2026 ingratitudo
1936 1959 2241 2023 meretur,
2310 1959 2387 2011 ut
2428 1946 2616 2012 Deus
2658 1971 2767 2015 co·

814 2055 957 2101 ram
1014 2052 1133 2098 suo
1192 2028 1504 2096 tribunali
1550 2029 1724 2093 diem
1771 2029 1974 2095 veluti
2012 2030 2205 2104 dicat,
2275 2044 2343 2096 et
2385 2054 2536 2098 reos
2584 2055 2772 2115 pera-

813 2131 930 2206 gat
973 2126 1195 2183 tantae
1240 2114 1737 2194 ingratitudinis
1781 2114 2120 2181 conscios?
2182 2116 2367 2198 Quas
2412 2141 2572 2184 vero
2618 2141 2774 2202 poe-

815 2228 936 2273 nas
1016 2215 1241 2268 tantae
1304 2201 1435 2266 Dei
1503 2201 1912 2266 liberalitatis
1978 2213 2465 2287 contemptores
2534 2206 2774 2271 mereri

816 2286 1260 2358 arbitramur?
1330 2287 1637 2354 Iacobum
1684 2286 1947 2370 quidem
1994 2288 2202 2353 fateor
2246 2291 2485 2367 dicere,
2556 2292 2773 2356 Deum

816 2378 973 2444 dare
1049 2376 1362 2458 benigne,
1438 2395 1558 2439 nec
1632 2373 1935 2455 cuiquam
2015 2376 2449 2456 exprobrare:
2537 2398 2775 2460 nempe

813 2462 1190 2530 hominibus
1248 2461 1465 2542 longe
1500 2459 1907 2539 dissimilem,
1965 2462 2076 2541 qui
2125 2461 2183 2525 si
2242 2462 2446 2527 semel
2497 2462 2772 2528 benefici

816 2571 972 2633 erga
1030 2547 1198 2613 ullos
1258 2547 1544 2624 fuerunt,
1623 2546 1864 2611 iterum
1921 2547 2134 2628 rogati
2194 2547 2469 2613 moleste
2526 2550 2772 2628 ferunt,

815 2648 883 2700 et
926 2635 1141 2699 denuo
1186 2632 1572 2698 beneficium
1618 2632 1995 2714 flagitantes
2063 2654 2102 2697 a
2143 2654 2215 2697 se
2259 2632 2524 2714 durius,
2583 2637 2773 2716 quasi

814 2723 1222 2804 importunos
1265 2729 1334 2783 et
1379 2737 1612 2802 parum
1656 2731 1901 2801 gratos,
1946 2718 2297 2801 repellunt.
2365 2720 2461 2786 At
2507 2742 2640 2785 non
2680 2722 2777 2786 ita

813 2808 1020 2882 Deus,
1097 2805 1211 2888 qui
1275 2825 1612 2886 nunquam
1671 2803 2135 2869 benefaciendo
2193 2804 2630 2889 defatigatur:
2707 2816 2777 2870 et

810 2895 1002 2961 cuius
1068 2912 1403 2974 nunquam
1471 2909 1630 2973 opes
1696 2889 2089 2954 liberalitate
2154 2893 2574 2971 minuuntur,
2657 2905 2774 2957 aut

811 2980 1264 3045 munificentia
1349 2975 1851 3041 exhauriuntur.
1942 2975 2122 3041 Fons
2209 2978 2384 3042 enim
2469 2978 2770 3043 omnium

812 3067 1130 3130 bonorum
1200 3063 1509 3146 perennis
1567 3074 1636 3127 et
1693 3075 2048 3144 perpetuus
2108 3063 2310 3140 Deus,
2387 3066 2499 3146 qui
2571 3064 2773 3129 bene·

810 3154 982 3218 facta
1035 3150 1393 3216 liberaliter
1451 3150 1521 3214 in
1584 3148 1884 3214 homines
1938 3146 2364 3230 profundens,
2427 3170 2770 3232 nunquam

811 3260 892 3304 ea
928 3249 1168 3303 natura
1203 3236 1465 3319 quidem
1511 3255 1627 3301 sua
1665 3233 2053 3316 exprobrat:
2101 3234 2251 3300 licet
2288 3255 2771 3318 nonnunquam

808 3324 891 3389 ad
949 3324 1011 3387 id
1075 3322 1443 3387 faciendum
1492 3320 1835 3385 hominum
1881 3321 2355 3403 ingratitudine
2400 3335 2469 3386 et
2510 3321 2775 3386 malitia

808 3411 1192 3494 impellitur.
1282 3408 1477 3482 Nam,
1525 3419 1602 3472 ut
1643 3408 1779 3471 iam
1827 3408 2035 3490 attigi,
2079 3427 2206 3488 quo
2249 3410 2473 3474 animo
2522 3406 2652 3471 Dei
2699 3408 2771 3472 in

810 3516 933 3562 nos
982 3496 1317 3560 benefacta
1360 3494 1733 3576 recipimus,
1781 3494 2213 3575 agnoscimus,
2261 3491 2770 3576 praedicamus?

810 3582 952 3648 Nae
1017 3580 1406 3664 plerumque
1469 3581 1567 3646 ita
1632 3581 1847 3643 iacent
1905 3577 2077 3660 apud
2138 3600 2257 3644 nos
2315 3580 2601 3661 sepulta,
2694 3587 2774 3644 ut

805 3689 1073 3753 operam
1120 3679 1188 3731 et
1230 3666 1445 3731 oleum
1486 3664 1844 3749 perdidisse
1882 3665 2199 3730 videatur.
2298 3663 2432 3732 Sed
2470 3678 2541 3730 et
2578 3664 2773 3749 longe

806 3754 1078 3838 gravius
1115 3775 1155 3817 a
1192 3755 1377 3818 nobis
1415 3752 1536 3817 hac
1566 3753 1635 3816 in
1663 3763 1848 3834 parte
1873 3764 2197 3833 peccatur,
2234 3751 2410 3833 quod
2434 3771 2762 3834 quaecun-

806 3863 934 3922 que
974 3861 1170 3904 mauu
1213 3839 1336 3903 Dei
1377 3839 1662 3920 benigna
1699 3838 2053 3920 recipimus
2078 3837 2412 3913 beneficia,
2441 3838 2772 3902 vertimus

806 3928 879 3992 in
918 3928 1343 3999 contrarium,
1400 3939 1475 3988 ut
1511 3945 1627 4007 pro
1668 3923 1790 3988 Dei
1827 3923 2060 4007 gloria,
2105 3935 2171 3986 et
2208 3924 2496 4005 proximi
2535 3923 2771 4001 salute,

805 4034 1083 4096 quorum
1110 4035 1227 4076 nos
1249 4010 1572 4076 studiosos
1596 4011 1660 4073 in
1682 4010 1911 4092 primis
1928 4030 2072 4074 esse
2086 4010 2452 4093 oportebat,
2476 4009 2636 4073 inde
2651 4029 2770 4073 nos

806 4099 1125 4164 efferendi
1168 4099 1464 4180 capimus
1508 4096 1938 4174 occasionem,
1983 4109 2050 4159 et
2070 4095 2392 4161 adversus
2418 4096 2640 4160 Deum
2665 4094 2769 4158 in-

805 4184 1148 4258 surgendi,
1216 4199 1283 4247 et
1338 4205 1449 4248 eos
1505 4183 1741 4264 quibus
1786 4179 2077 4247 devincti
2110 4202 2402 4246 eramus
2466 4193 2770 4246 contem-

806 4274 1028 4338 nendi.
1118 4271 1654 4350 Quotiescunque
1725 4269 1904 4333 Deus
1963 4268 2167 4351 igitur
2231 4289 2352 4332 sua
2420 4266 2771 4332 benefacta

804 4369 1181 4439 contempta
1247 4365 1314 4422 et
1378 4356 1622 4420 reiecta
1685 4357 2015 4435 queritur,
2084 4364 2147 4419 et
2215 4352 2768 4438 ingratitudinem

803 4445 1177 4527 exprobrat,
1252 4463 1411 4507 sane
1484 4451 1732 4504 tantam
1804 4460 1945 4503 esse
2020 4440 2363 4505 hominum
2440 4438 2768 4504 malitiam

802 4545 873 4596 et
929 4530 1416 4613 corruptionem
1460 4527 1672 4609 palam
1722 4537 2023 4610 testatur,
2070 4539 2147 4591 ut
2191 4527 2373 4611 digni
2421 4528 2559 4592 sint
2603 4544 2770 4608 quos

805 4621 936 4682 ima
999 4631 1173 4680 terra
1229 4615 1574 4679 dehiscens
1632 4612 1989 4677 absorbeat.
2045 4625 2112 4687 et
2167 4613 2293 4677 nisi
2358 4614 2544 4678 Deus
2590 4612 2772 4692 ipsos

806 4704 1086 4780 bnnigue
1154 4723 1276 4766 aua
1346 4699 1545 4764 veluti
1635 4719 1833 4762 manu
1921 4699 2251 4777 sublevet,
2333 4711 2402 4764 et
2478 4698 2768 4774 gratiam

802 4789 1199 4864 agriouecnali
1262 4800 1524 4870 peccata
1588 4783 1921 4865 largiatur,
1982 4801 2199 4848 actum
2259 4805 2406 4849 esse
2451 4784 2534 4848 de
2581 4781 2767 4866 ipsis,

801 4877 969 4956 amuel
1020 4893 1246 4940 contra
1302 4875 1418 4938 Dei
1468 4870 1878 4935 voluntatem
1924 4891 2184 4953 semper
2228 4874 2559 4938 nitantur.
2631 4867 2766 4933 Hic

804 4983 996 5046 porro
1066 4959 1386 5045 propheta
1454 4956 1810 5038 exprobrat
1873 4957 2208 5040 singulare
2266 4958 2392 5022 Dei
2460 4958 2534 5021 in
2605 4952 2763 5020 Heli

801 5051 1109 5112 collatum
1175 5048 1584 5126 beneficium,
1638 5064 1872 5126 nempe
1918 5065 2159 5110 munus
2203 5043 2632 5114 sacerdotale,
2681 5036 2767 5104 ad

799 5133 971 5214 «pind
1041 5133 1352 5216 peculiari
1428 5131 1546 5197 Dei
1616 5131 1838 5195 favore
1901 5130 2115 5195 fuerat
2183 5139 2471 5197 vocatus.
2565 5127 2765 5200 Nam,

798 5229 1085 5304 obscero,
1149 5242 1275 5305 quo
1333 5235 1626 5302 tempore
1686 5218 1867 5286 Deus
1926 5219 2263 5294 Aaronem
2320 5216 2515 5283 fratri
2587 5210 2766 5280 Mosi

2530 296 2944 366 HommA
2987 297 3115 364 XI.

4657 302 4757 368 352

1824 485 2343 570 ngratitudinem
2406 488 2779 570 exprobret,
2885 488 3133 553 socium
3199 496 3270 553 et
3332 488 3648 573 collegam
3715 489 4040 565 adiunxit,
4112 501 4184 554 et
4245 490 4545 573 deinceps
4596 492 4763 560 sidem

2882 559 3214 656 praetulit,
3293 575 3504 657 qualis
3576 586 3719 639 erat
3785 576 3990 659 ipsius
4061 575 4396 643 conditio?
4475 576 4550 640 ln
4610 578 4762 649 domo

2883 658 3254 723 Pharaonis
3306 662 3606 743 captivus
3664 674 3827 742 erat,
3891 663 4138 727 misera
4191 664 4509 727 servitute
4557 684 4764 745 preme-

2884 745 3096 824 batur,
3140 747 3278 827 pari
3322 768 3472 812 cum
3509 748 3785 812 caeteris
3830 749 3990 830 lege,
4034 749 4146 831 qui
4184 768 4563 813 miserarum
4603 751 4766 819 instar

2885 832 3108 895 ovium
3154 833 3298 897 sine
3342 843 3604 913 pastore
3649 832 3944 914 palantes
3988 833 4300 899 errabant
4354 833 4630 914 desolati,
4668 840 4769 904 nisi

2886 917 3072 982 Deus
3130 920 3384 999 paterni
3444 920 3546 983 sui
3612 917 3856 984 favoris
3919 921 4186 1003 signum
4241 919 4501 1001 aliquod
4555 920 4768 1005 insigne

2886 1002 3216 1069 edidisset.
3283 1003 3464 1067 Nihil
3509 1005 3732 1086 itaque
3750 1017 3908 1070 tunc
3952 1011 4280 1071 Aaronem
4310 1004 4454 1070 Deo
4493 1025 4770 1073 commen·

2889 1088 3105 1167 dabat,
3151 1088 3336 1152 nulla
3379 1090 3449 1153 in
3492 1110 3569 1153 eo
3614 1090 3900 1172 dignitas
3946 1113 4101 1173 prae
4157 1092 4438 1156 caeteris
4477 1094 4769 1161 eminebat.

2889 1175 2980 1239 Et
3025 1175 3146 1240 hoc
3187 1174 3520 1239 indicatur
3560 1194 3599 1238 a
3643 1176 3960 1257 propheta
4020 1178 4124 1243 his
4179 1178 4432 1242 verbis:
4489 1177 4772 1261 Numquid

2891 1281 3024 1325 non
3071 1271 3294 1343 aperte
3348 1261 3680 1326 revelatus
3733 1283 3880 1326 sum
3940 1265 4161 1328 domui
4220 1264 4430 1345 patris
4463 1264 4576 1340 tui,
4615 1285 4773 1346 quum

2886 1346 2955 1411 in
3006 1351 3309 1431 Aegypto
3364 1347 3433 1410 in
3491 1346 3681 1413 domo
3729 1348 4117 1428 Pharaonis,
4175 1369 4309 1413 non
4369 1348 4623 1432 quidem
4671 1352 4776 1433 pri·

2855 1436 3162 1497 -mariam
3229 1431 3510 1514 aliquam
3579 1432 3966 1516 dignitatem
4025 1451 4200 1500 esset
4256 1449 4653 1517 assequutus,
4685 1436 4776 1501 sed

2887 1517 3121 1583 duram
3189 1520 3574 1584 servitutem
3652 1519 4029 1600 pateretur?
4119 1520 4338 1601 Quam
4413 1521 4497 1585 ob
4555 1542 4774 1586 causam

2884 1606 3166 1670 carceris
3224 1604 3490 1668 nomine
3550 1615 3687 1669 tota
3746 1604 3858 1670 illa
3914 1627 4108 1688 quam
4153 1605 4498 1672 Israelitae
4549 1627 4817 1689 occupa·.

2886 1690 3044 1754 bant
3085 1691 3266 1773 regio
3311 1705 3761 1771 nuncupatur:
3806 1713 4000 1774 quam
4046 1691 4194 1757 ideo
4229 1693 4452 1758 Moses
4493 1692 4777 1758 fornacem

2881 1777 3162 1840 ferream
3207 1775 3510 1858 appellat,
3558 1776 3728 1859 quod
3776 1776 4008 1842 duram
4055 1778 4122 1841 in
4168 1798 4248 1842 ea
4289 1779 4684 1854 servitutem,
4717 1798 4778 1842 ex

2881 1883 3010 1944 qua
3055 1862 3240 1926 nulla
3281 1882 3432 1945 spes
3475 1863 3693 1926 exitus
3739 1865 4112 1944 apparebat,
4160 1875 4563 1946 paterentur,
4608 1875 4668 1928 et
4704 1864 4779 1927 ni·

2883 1947 2976 2012 hil
3025 1948 3152 2012 nisi
3199 1949 3483 2029 undique
3541 1951 3885 2030 angustiae
3934 1950 4140 2015 oculis
4182 1950 4478 2031 ipsorum
4525 1948 4781 2014 obversa-

2882 2048 3129 2098 rentur.
3221 2034 3326 2097 En
3383 2054 3579 2115 quam
3644 2035 3896 2100 abiecta
3953 2048 4109 2100 tunc
4175 2036 4466 2101 Aaronis
4522 2036 4781 2109 conditio,

2879 2118 3050 2202 quod
3108 2140 3243 2183 non
3301 2120 3495 2183 modo
3555 2120 3798 2183 misera
3860 2124 4186 2187 servitute
4248 2133 4670 2205 premeretur,
4719 2119 4781 2184 ad

2880 2227 3075 2288 qnam
3122 2206 3319 2269 etiam
3371 2205 3912 2271 contumeliarum
3960 2228 4156 2272 omne
4216 2227 4430 2290 genus
4473 2206 4781 2281 accederet,

2879 2290 2996 2355 sed
3041 2291 3166 2372 ipsi
3211 2291 3410 2354 morti
3468 2290 3789 2368 addictus,
3847 2303 3916 2356 et
3959 2292 4328 2358 Pharaonis
4372 2293 4640 2357 arbitrio
4678 2305 4782 2356 tra·

2882 2378 3057 2441 ditus
3100 2377 3453 2453 videretur,
3497 2376 3580 2441 ab
3624 2396 3703 2441 eo
3747 2378 4008 2460 penitus
4051 2399 4203 2444 cum
4247 2391 4386 2442 toto
4432 2379 4672 2460 reliquo
4699 2397 4784 2459 po-

2884 2462 3038 2545 pulo
3096 2463 3593 2527 consumendus.
3681 2461 3926 2542 Quare,
3988 2463 4112 2530 hac
4169 2466 4487 2547 temporis
4543 2463 4703 2527 illius
4735 2471 4787 2527 et

2879 2548 3270 2614 conditionis
3313 2549 3821 2624 circumstantia,
3872 2549 3998 2615 Dei
4038 2550 4256 2632 gratia
4293 2561 4365 2615 et
4402 2548 4788 2615 beneficentia

2879 2636 2960 2700 fit
3012 2634 3352 2713 illustrior,
3404 2633 3575 2716 quod
3628 2639 3972 2710 Aaronem,
4032 2636 4116 2700 ab
4157 2635 4322 2719 ipsis
4371 2636 4559 2701 velut
4596 2634 4787 2699 inferis

2881 2734 3279 2797 revocatum,
3341 2721 3410 2784 in
3467 2731 3724 2784 tantum
3786 2720 4125 2806 dignitatis
4177 2721 4518 2804 fastigium
4563 2719 4787 2796 extulit,

2881 2817 2957 2871 ut
3013 2806 3190 2870 inter
3241 2807 3448 2869 Deum
3510 2816 3579 2869 et
3629 2803 3924 2872 homines
3968 2819 4144 2872 esset
4188 2807 4536 2886 mediator,
4577 2818 4643 2871 et
4680 2804 4787 2868 Do-

2881 2892 3047 2957 mini
3070 2890 3503 2956 sacerdotium
3527 2912 3842 2957 exercens
3863 2893 4133 2958 Domini
4165 2894 4374 2958 nostri
4401 2893 4553 2958 Iesu
4576 2890 4792 2959 Christi

2878 2998 3225 3061 personam
3284 2975 3762 3060 quodammodo
3823 2979 4154 3061 figuraret,
4199 2980 4477 3062 eiusque
4519 2983 4586 3043 in
4629 2976 4791 3042 terris

2878 3064 3164 3146 legatum
3211 3073 3275 3126 et
3321 3063 3634 3127 vicarium
3677 3076 3922 3147 ageret.
3992 3064 4245 3145 Qualis,
4289 3066 4580 3143 obsecro,
4622 3081 4789 3146 quan-

2879 3162 3075 3230 taque
3124 3147 3248 3212 Dei
3304 3148 3468 3212 haec
3535 3159 3640 3213 est
3707 3150 3966 3215 bonitas
4020 3164 4090 3215 et
4140 3150 4445 3215 iustitia?
4539 3151 4627 3215 Et
4662 3167 4791 3213 sanc

2879 3237 2938 3299 si
2985 3234 3140 3298 Heli
3201 3236 3304 3299 sui
3361 3234 3652 3299 muneris
3712 3236 4008 3315 partibus
4061 3236 4264 3318 probe
4322 3238 4596 3304 functus
4635 3243 4790 3312 esset,

2875 3321 2943 3386 in
3016 3319 3186 3384 hanc
3255 3318 3822 3402 exprobrationem
3897 3342 4027 3387 non
4110 3322 4528 3388 incurrisset.
4613 3321 4795 3386 'rana

2875 3407 3053 3470 enim
3104 3405 3283 3470 Deus
3339 3404 3628 3471 bonitate
3684 3417 3753 3471 et
3808 3406 4204 3472 liberalitate
4246 3409 4436 3474 dotes
4479 3428 4634 3473 suas
4671 3425 4792 3488 pro-

2874 3490 3098 3557 fundit
3140 3492 3208 3555 in
3258 3491 3571 3569 homines,
3619 3503 3695 3556 ut
3735 3514 3879 3558 esse
3923 3495 4084 3558 velit
4128 3514 4478 3576 perennes,
4522 3492 4649 3558 nisi
4678 3508 4795 3556 sese

2872 3579 3104 3642 iisdem
3170 3575 3480 3659 indignos
3558 3578 3997 3659 praebuerint.
4101 3580 4269 3644 Nam
4338 3579 4795 3645 benefactorum

2874 3665 3205 3747 poenitere
3246 3662 3460 3744 ipsum
3505 3663 3836 3746 scriptura
3878 3664 4344 3747 docet,‘neque
4390 3687 4559 3732 sane
4597 3666 4795 3729 immo-

2874 3750 3017 3815 rito.
3087 3748 3526 3830 Quamobrem
3551 3749 3709 3815 Heli
3731 3771 3862 3814 non
3897 3751 4178 3816 fideliter
4221 3751 4516 3817 officium
4563 3746 4794 3815 faciemi

2875 3837 3110 3901 merito
3135 3834 3316 3899 Deus
3358 3834 3761 3919 indignatur,
3806 3835 4164 3919 eidemque,
4207 3837 4382 3919 quod
4429 3837 4637 3920 pluris
4653 3834 4795 3899 filios

2874 3943 3068 4004 quam
3128 3919 3345 3985 Deum
3415 3920 3627 4002 ipsum
3695 3922 3939 4002 fecerit,
4005 3922 4290 3988 dedecus
4351 3935 4422 3990 et
4481 3922 4795 3988 infamiam

2875 4009 3189 4072 minatur.
3291 4004 3799 4071 Observandum
3885 4029 4080 4091 porro
4143 4018 4248 4073 est
4311 4008 4382 4074 id
4449 4007 4626 4092 quod
4686 4023 4800 4070 seso

2876 4096 3059 4159 Deus
3121 4091 3400 4157 Aaronis
3456 4090 3747 4156 familiae
3805 4103 3873 4157 et
3937 4094 4139 4159 tribui
4200 4094 4375 4160 Levi
4442 4092 4805 4178 patefecisse

2874 4179 3239 4260 profitetur.
3298 4178 3602 4256 quoniam
3643 4177 3800 4242 inde
3844 4178 4170 4259 docemur,
4219 4202 4339 4245 nos
4383 4202 4523 4263 quo
4569 4176 4803 4245 maiori·

2874 4266 2997 4329 bus
3043 4263 3377 4328 beneficiis
3410 4281 3453 4327 a
3480 4263 3617 4327 Deo
3659 4265 4092 4338 cumulamur,
4139 4287 4217 4331 eo
4265 4269 4543 4350 propius
4587 4264 4666 4330 ad
4707 4282 4804 4328 nos

2872 4351 3091 4416 Deum
3138 4346 3464 4420 accedere,
3510 4364 3577 4411 et
3598 4348 3720 4412 sibi
3747 4371 3864 4416 nos
3910 4351 4256 4429 devincire,
4301 4366 4535 4435 utque
4582 4350 4803 4416 maiora

2873 4449 3033 4502 sunt
3076 4435 3217 4500 eius
3257 4436 3324 4496 in
3351 4455 3470 4499 nos
3515 4434 3846 4512 beneficia,
3891 4457 3970 4501 eo
4013 4438 4326 4503 maiorem
4368 4438 4500 4522 ipsi
4547 4435 4801 4521 gratiam

2874 4522 3056 4588 omni
3137 4520 3403 4604 obsequi
3469 4519 3866 4601 referamus,
3922 4523 4168 4605 totique
4233 4524 4318 4587 ab
4381 4526 4616 4608 ipsius·
4661 4529 4802 4587 nutu

2874 4606 3290 4691 pendeamus.
3338 4605 3529 4684 Nam,
3573 4607 3861 4684 obsecro,
3907 4608 4228 4690 quomodo
4271 4609 4502 4675 Deum
4549 4603 4804 4675 essentia

2871 4697 3255 4774 incorporea
3339 4691 3734 4756 invisibilem
3820 4695 4460 4777 contemplabimur?
4579 4696 4802 4772 Nempe

2870 4781 3176 4863 quoniam
3245 4781 3310 4842 in
3383 4780 3575 4843 huius
3638 4779 3813 4844 orbis
3883 4781 4273 4846 excellentia
4339 4780 4560 4864 gloria
4621 4778 4801 4862 ipsius

2873 4863 3264 4946 resplendet,
3328 4862 3495 4945 quod
3544 4865 3612 4926 in
3657 4884 3735 4926 eo
3791 4866 4118 4930 iustitiam
4176 4887 4384 4946 suam,
4446 4867 4799 4937 bonitatem,

2875 4956 3184 5016 virtutem
3229 4948 3506 5030 denique
3550 4949 3916 5032 patefaciat.
3981 4949 4111 5018 Sed
4158 4974 4361 5035 quum
4404 4954 4482 5017 in
4531 4948 4801 5033 singulos

2873 5051 3211 5121 praeterea
3270 5035 3597 5099 beneficus
3651 5046 3770 5112 est,
3827 5049 3892 5100 et
3951 5036 4140 5121 larga
4197 5060 4324 5103 sua
4378 5060 4592 5104 manu
4636 5034 4801 5100 donis

2874 5142 3198 5207 quemque
3240 5121 3545 5204 privatim
3590 5122 3900 5197 cumulat,
3946 5144 4067 5188 nae
4114 5137 4256 5189 tum
4303 5145 4449 5190 sese
4499 5122 4684 5189 nobis
4719 5120 4798 5183 fa·

2873 5209 3196 5275 miliarias
3251 5206 3710 5285 communicat,
3756 5219 3825 5273 et
3860 5211 4132 5295 propius
4176 5212 4376 5277 etiam
4421 5210 4512 5277 ad
4555 5231 4671 5276 nos
4709 5225 4798 5271 ac·
