5059 6059
842 314 969 380 331

846 513 914 569 et
949 500 1400 573 mercenarios,
1436 513 1500 566 et
1522 500 1836 586 quidquid
1870 501 2131 578 faciant,
2179 524 2254 570 ac
2290 503 2780 586 quibuscunque

850 587 1057 654 titulis
1101 586 1464 673 glorientur
1507 608 1652 654 esse
1694 588 2163 654 abominationi
2210 588 2515 655 Domino.
2607 586 2782 656 Sane

852 695 984 739 non
1045 673 1282 740 desunt
1340 672 1536 738 hodie
1593 675 1702 757 qui
1758 695 1900 740 sese
1960 696 2353 759 magnopere
2414 676 2660 742 iactant
2715 684 2782 739 et

849 767 1185 826 ostentant
1217 758 1586 824 istiusmodi
1620 760 1828 825 titulis
1863 760 2227 844 insignibus
2261 760 2632 844 gloriantes,
2667 757 2783 826 sed

850 867 1010 929 quos
1066 844 1227 911 satis
1283 844 1632 911 manifeste
1694 845 2031 930 redarguit
2087 867 2157 911 os
2209 847 2425 930 ipsum
2482 845 2779 911 Domini.

850 931 1057 997 Porro
1125 951 1288 1014 quae
1354 929 1434 996 de
1499 932 1863 1014 pastoribus
1929 932 2099 997 dicta
2162 940 2338 1011 sunt,
2412 932 2783 998 communia

849 1027 1124 1100 possunt
1179 1016 1374 1082 etiam
1435 1037 1574 1082 esse
1629 1017 1925 1101 singulis,
1993 1038 2109 1101 pro
2178 1018 2369 1083 varia
2420 1019 2780 1084 officiorum

851 1103 1108 1168 ratione
1167 1100 1249 1166 ad
1308 1124 1472 1185 quae
1526 1104 1739 1169 vocati
1796 1112 1969 1169 sunt.
2074 1100 2187 1170 Sic
2248 1114 2468 1187 patres
2524 1115 2784 1188 oportet

850 1189 1094 1254 intueri
1150 1208 1341 1271 quem
1402 1187 1742 1272 dignitatis
1791 1188 2068 1273 gradum
2113 1210 2152 1254 a
2193 1189 2337 1255 Deo
2380 1190 2516 1256 sint
2558 1210 2780 1256 conse-

852 1275 1058 1358 quuti,
1105 1296 1236 1338 non
1278 1282 1354 1339 ut
1396 1295 1630 1358 segnes
1675 1284 1739 1338 et
1781 1275 1967 1340 otiosi
2010 1274 2298 1355 sedeant,
2342 1276 2460 1340 sed
2505 1285 2580 1341 ut
2622 1275 2782 1341 libe·

853 1382 962 1427 ros
994 1367 1232 1445 regant
1272 1359 1506 1426 affectu
1550 1369 1839 1444 paterno,
1886 1361 2197 1443 bonisque
2239 1363 2561 1445 exemplis
2603 1381 2785 1444 prae-

853 1453 1007 1511 eant
1042 1445 1220 1529 ipsis,
1264 1447 1334 1510 in
1372 1444 1499 1510 Dei
1536 1445 1766 1511 timore
1803 1447 2147 1526 retineant,
2204 1444 2484 1528 denique
2520 1446 2781 1512 christi·

852 1553 978 1599 ane
1037 1531 1257 1597 vivere
1315 1529 1606 1597 doceant.
1695 1530 1808 1597 Sic
1870 1532 2314 1616 magistratus,
2372 1554 2453 1597 ne
2506 1534 2783 1599 otiosam

852 1616 1132 1701 aliquam
1188 1616 1599 1682 autoritatem
1658 1616 1780 1681 sibi
1854 1617 2314 1701 imaginentur,
2373 1616 2487 1682 sed
2545 1640 2585 1683 a
2640 1616 2784 1683 Deo

853 1724 924 1769 se
967 1703 1179 1769 sciant
1224 1711 1482 1767 evectos
1525 1713 1591 1766 et
1633 1704 1701 1766 in
1739 1702 2050 1768 tribunali
2093 1703 2382 1768 iustitiae
2415 1702 2782 1781 collocatos,

852 1798 925 1854 ut
966 1809 1087 1872 pro
1132 1787 1308 1853 virili
1354 1809 1517 1870 quae
1561 1798 1717 1853 sunt
1760 1787 1956 1854 officii
1995 1789 2095 1854 sui
2132 1802 2350 1873 partes
2396 1790 2781 1856 sustineant.

851 1873 1056 1940 Verbi
1101 1874 1231 1940 Dei
1290 1873 1622 1938 ministros
1665 1872 1967 1939 similiter
2011 1872 2536 1940 animadvertere
2580 1874 2781 1951 decet,

851 1980 922 2025 se
967 1980 1098 2025 non
1134 1967 1400 2026 vocatos
1443 1980 1482 2023 a
1520 1957 1660 2024 Deo
1696 1957 1778 2025 ad
1822 1961 2027 2024 otium
2067 1969 2135 2025 et
2178 1959 2482 2043 quietem,
2530 1972 2603 2026 ut
2635 1973 2781 2025 tan-

851 2065 1047 2128 quam
1103 2044 1271 2110 muti
1327 2064 1523 2110 canes
1582 2055 1902 2130 torpeant,
1969 2046 2081 2111 sed
2135 2056 2210 2110 ut·
2273 2046 2400 2111 sibi
2456 2046 2784 2112 commissi

850 2131 1072 2215 gregis
1114 2150 1340 2198 curam
1385 2130 1684 2210 habeant,
1742 2130 2019 2196 salutem
2066 2132 2371 2196 ecclesiae
2412 2133 2550 2197 zelo
2599 2131 2786 2197 vehe-

851 2217 1059 2282 menti
1102 2232 1471 2301 procurent,
1527 2216 1784 2299 Deique
1820 2216 2093 2300 gloriam
2152 2237 2269 2300 pro
2317 2218 2487 2283 virili
2534 2238 2786 2300 promo-

853 2310 1074 2367 veant.
1162 2302 1307 2368 Hac
1365 2302 1616 2367 ratione
1669 2302 1960 2385 singulos
2002 2302 2335 2368 admoneri
2380 2323 2645 2369 necesse
2687 2312 2788 2367 est

852 2409 934 2453 ex
1003 2388 1324 2453 honorum
1393 2398 1458 2451 et
1513 2387 1874 2453 officiorum
1932 2387 2140 2453 titulis
2205 2386 2361 2470 quid
2419 2389 2521 2455 sui
2588 2388 2783 2455 officii

853 2472 1023 2538 ratio
1080 2472 1382 2555 postulet,
1449 2481 1524 2537 ut
1587 2471 1866 2538 fideliter
1931 2494 2007 2539 eo
2070 2475 2448 2558 fungantur,
2513 2475 2784 2557 Deoque

855 2559 1010 2623 olim
1056 2557 1379 2623 rationem
1426 2556 1693 2623 reddere
1737 2559 1947 2642 parati
1992 2561 2149 2625 sint.

1026 2641 1160 2709 Sed
1205 2652 1272 2707 et
1305 2641 1550 2726 aliquid
1593 2645 1870 2727 amplius
1916 2667 1996 2710 ex
2038 2646 2160 2710 hoc
2200 2645 2342 2712 loco
2386 2644 2782 2724 discendum,

853 2750 1107 2813 nempe,
1152 2749 1269 2795 nos
1312 2729 1664 2805 admoneri,
1708 2730 2182 2814 providendum
2219 2750 2361 2796 esse
2404 2752 2488 2796 ne
2529 2731 2601 2795 in
2638 2751 2783 2813 pos-

853 2826 1064 2880 terum
1124 2813 1416 2880 doctrina
1469 2816 1761 2880 veritatis
1818 2825 1884 2881 et
1928 2838 2096 2900 pura
2137 2816 2366 2900 religio
2409 2817 2779 2901 sepeliatur.

853 2901 1023 2966 Nam
1098 2900 1500 2983 experientia
1578 2900 1766 2967 docet
1828 2923 2024 2985 quam
2090 2902 2274 2968 facile
2340 2901 2678 2968 aberretur
2743 2924 2782 2968 a

853 2985 1146 3064 veritate,
1207 2995 1273 3051 et
1328 3005 1523 3069 quam
1580 2985 1834 3053 levibus
1893 2987 1973 3055 de
2029 2990 2242 3054 causis
2279 2986 2571 3054 doctrina
2617 2988 2782 3053 veri·

853 3072 1007 3138 tatis
1058 3070 1478 3149 adulteretur,
1534 3082 1728 3155 prout
1783 3072 1956 3138 levia
2011 3084 2079 3139 et
2136 3093 2302 3139 vana
2360 3083 2517 3139 sunt
2576 3073 2781 3138 homi-

852 3179 1009 3224 num
1047 3158 1337 3242 ingenia:
1379 3157 1539 3222 adeo
1574 3167 1648 3222 ut
1671 3155 2087 3247 degustatum
2124 3168 2318 3225 antea
2343 3160 2467 3225 Dei
2505 3159 2779 3224 verbum

849 3257 912 3310 et
960 3243 1409 3327 approbatum,
1465 3243 1687 3308 statim
1735 3256 1952 3311 tamen
1996 3266 2079 3310 ex
2123 3244 2421 3311 cordibus
2465 3244 2781 3328 elabatur,

849 3330 979 3396 nisi
1021 3328 1309 3413 quotidie
1352 3329 1592 3394 nostris
1636 3328 1900 3395 auribus
1944 3330 2313 3411 instilletur,
2358 3341 2424 3396 et
2457 3331 2570 3396 illo
2606 3330 2780 3396 aedi·

848 3417 1140 3480 ficemur.
1227 3412 1480 3480 Idcirco
1539 3414 1676 3479 dixi
1736 3436 1928 3481 verae
1989 3416 2323 3501 religionis
2368 3417 2779 3502 propagatio·

850 3521 1004 3565 nem
1049 3522 1306 3577 summa
1346 3521 1508 3566 cura
1552 3513 1618 3565 et
1662 3500 2000 3585 diligentia
2034 3502 2411 3568 fovendam:
2458 3502 2626 3568 Nam
2669 3501 2783 3585 qui

851 3595 1217 3669 opportuno
1301 3597 1592 3668 tempore
1675 3598 2034 3652 sementem
2113 3609 2240 3652 non
2323 3587 2503 3668 facit,
2584 3608 2776 3670 quam

852 3691 1130 3737 messem
1174 3671 1619 3753 exspectabit?
1667 3672 1885 3738 Nosne
1930 3695 2085 3757 ergo
2131 3694 2364 3758 segnes
2407 3694 2550 3739 esse
2596 3674 2781 3741 decet

849 3755 921 3820 in
979 3755 1271 3823 facienda
1326 3769 1618 3822 semente
1674 3758 2183 3843 incorruptibilis
2227 3769 2294 3824 et
2336 3760 2634 3826 eoelestis
2678 3780 2777 3825 se·

852 3840 1091 3908 minis?
1160 3842 1393 3924 Itaque
1434 3843 1858 3909 observemus
1902 3867 2032 3910 non
2079 3865 2221 3910 esse
2264 3846 2624 3924 otiandum,
2664 3866 2777 3909 ne-

851 3948 979 4010 que
1052 3927 1436 3994 cessandum
1496 3929 1656 4011 quin
1714 3939 2072 3995 sementem
2132 3930 2309 3995 illam
2370 3932 2775 4014 spiritualem

850 4013 1187 4093 faciamus,
1256 4034 1338 4078 ne
1383 4035 1498 4078 nos
1543 4024 1605 4078 et
1649 4026 1940 4097 posteros
1976 4016 2196 4099 inopia
2230 4016 2357 4082 cibi
2394 4017 2777 4099 spiritualis,

851 4100 961 4182 qui
1017 4110 1116 4164 est
1177 4098 1502 4165 Dominus
1561 4109 1785 4166 noster
1855 4101 2045 4168 Iesus
2104 4101 2424 4181 Christus,
2472 4102 2776 4167 invadat.

853 4183 1126 4252 Scholas
1170 4185 1374 4269 igitur
1426 4185 1664 4267 aperiri
1709 4194 1776 4250 et
1819 4186 2111 4253 doctores
2160 4189 2471 4253 constitui
2516 4209 2778 4255 necesse

851 4285 983 4337 est:
1031 4292 1180 4336 nam
1226 4271 1284 4337 si
1328 4269 1491 4336 haec
1535 4270 1863 4337 ordinaria
1905 4272 2120 4338 media
2164 4273 2665 4358 neglexerimus,
2712 4285 2779 4340 et

850 4355 1160 4422 librorum
1229 4356 1635 4439 aliarumque
1688 4378 1909 4424 rerum
1969 4358 2050 4424 ad
2107 4358 2324 4425 studia
2382 4361 2777 4427 necessaria-

849 4464 998 4508 rum
1033 4463 1259 4508 curam
1302 4443 1748 4522 abiecerimus‚
1789 4443 2022 4527 quibus
2064 4444 2449 4511 erudiantur
2491 4456 2557 4511 et
2602 4467 2781 4529 prae-

852 4536 1165 4613 parentur
1222 4527 1428 4593 futuri
1488 4528 1641 4592 olim
1702 4527 1962 4595 divinae
2019 4530 2375 4598 voluntatis
2433 4540 2650 4609 testes,
2712 4541 2781 4598 et

850 4613 966 4698 qui
1009 4613 1344 4679 ecclesiam
1384 4613 1598 4697 aliquo
1634 4613 1859 4679 ordine
1897 4623 2143 4700 regant,
2189 4639 2346 4683 sane
2383 4616 2778 4683 horrendam

851 4700 1293 4766 confusionem
1338 4699 1406 4763 in
1451 4698 1810 4776 ecclesiam,
1870 4710 1933 4765 et
1976 4702 2044 4765 in
2090 4712 2313 4767 nostra
2355 4704 2569 4786 capita
2612 4703 2781 4768 deri-

851 4786 1168 4851 vabimus.
1255 4784 1486 4868 Neque
1531 4806 1684 4850 vero
1730 4807 1885 4851 sane
1928 4788 2053 4852 ista
2097 4789 2488 4870 perveniunt
2532 4789 2614 4853 ad
2659 4809 2780 4856 nos

851 4870 1253 4936 haereditate
1297 4870 1401 4935 vel
1437 4879 1847 4951 testamento,
1891 4871 2003 4938 sed
2042 4893 2082 4937 a
2116 4875 2402 4957 gratuita
2435 4874 2563 4940 Dei
2601 4875 2781 4941 boni·

852 4966 987 5021 tate
1039 4963 1343 5021 manant:
1400 4956 1509 5039 qui
1566 4977 1701 5022 non
1756 4956 1901 5023 ideo
1958 4969 2177 5024 tamen
2238 4960 2381 5024 vult
2424 4981 2543 5026 nos
2587 4983 2779 5045 agere

854 5042 1280 5126 negligenter,
1347 5041 1464 5107 sed
1507 5041 1579 5106 in
1627 5042 1798 5110 hanc
1841 5065 2067 5111 curam
2112 5043 2337 5110 sedulo
2380 5046 2776 5125 incumbere,

854 5135 930 5191 ut
982 5129 1286 5194 sementis
1343 5129 1526 5212 copia
1582 5149 1840 5212 semper
1899 5130 2075 5195 omni
2136 5140 2425 5214 tempore
2484 5132 2781 5199 facienda

854 5214 1151 5298 supersit.
1241 5213 1591 5280 Caeterum
1649 5215 1857 5281 fateor
1912 5215 2174 5300 quidem
2228 5216 2472 5285 frustra
2525 5219 2780 5285 scholas

2454 309 2867 382 HOMILIA
2909 312 3206 381 LXXII.
4643 324 4728 393 332

2885 503 3070 587 erigi,
3127 514 3192 569 et
3251 505 3320 568 in
3380 504 3477 570 eis
3534 503 3839 570 fovendis
3883 524 4189 589 magnam
4233 525 4453 572 curam
4496 507 4731 592 adhiberi,

2885 588 3310 672 futurumque
3366 591 3625 655 irritum
3672 591 3978 669 laborem,
4039 592 4166 656 nisi
4211 591 4397 659 Deus
4452 596 4625 660 sancti
4664 601 4733 663 sui

2882 675 3152 758 spiritus
3186 677 3462 759 gratiam
3499 676 3837 761 largiatur.
3885 676 4055 741 Nam
4094 677 4151 741 si
4181 677 4429 756 domus,
4466 678 4517 743 si
4546 680 4736 767 palatia,

2883 761 2940 827 si
2985 759 3180 826 urbes
3223 761 3658 827 aedificandae
3702 772 3877 839 sunt,
3926 782 4185 829 necesse
4231 780 4330 829 est
4367 779 4635 850 expertos
4666 771 4737 832 vi·

2888 867 2992 912 ros
3037 846 3327 913 aedificio
3362 867 3681 930 praeesse,
3726 848 3837 931 qui
3873 869 4037 930 opus
4072 862 4514 931 promoveant,
4549 854 4740 935 etquid

2883 931 3191 1015 expediat
3233 933 3638 1017 provideant.
3685 932 3798 1000 Sic
3841 932 3922 997 ad
3960 934 4320 1016 spiritualis
4363 936 4543 1002 istius
4570 937 4739 1005 domus

2883 1016 3413 1095 aedificationem,
3460 1030 3526 1084 et
3570 1030 3784 1084 terrae
3827 1019 4096 1084 Domini
4141 1022 4639 1105 agricolationem
4671 1045 4741 1088 re·

2885 1102 3235 1185 quiruntur
3277 1104 3491 1170 idonei
3539 1106 3662 1171 viri
3707 1103 3819 1187 qui
3865 1104 4027 1171 alios
4066 1107 4392 1184 erudiant,
4454 1109 4553 1191 qui
4592 1109 4742 1174 homi-

2886 1209 3004 1254 nes
3047 1189 3130 1254 ad
3177 1190 3406 1255 salutis
3452 1191 3624 1256 viam
3671 1200 3924 1268 vocent,
3969 1190 4083 1273 qui
4125 1191 4195 1255 in
4243 1193 4496 1258 timoris
4536 1191 4745 1260 Domini

2884 1275 3159 1340 scientia
3196 1278 3406 1360 magis
3450 1297 3526 1342 ac
3561 1277 3771 1362 magis
3805 1276 4225 1342 confirment:
4270 1299 4437 1361 quae
4472 1278 4585 1344 nisi
4612 1278 4745 1345 Deus

2885 1360 3024 1442 ipse
3089 1362 3380 1445 perficiat
3445 1384 3562 1445 per
3637 1372 3940 1427 sanctum
4003 1383 4198 1428 suum
4262 1365 4575 1447 spiritum,
4636 1385 4749 1431 sane

2884 1446 3067 1510 irrita
3122 1458 3337 1531 erunt,
3394 1447 3506 1514 sed
3569 1447 3994 1513 nihilominus
4051 1456 4274 1514 tamen
4319 1450 4501 1516 Deus
4540 1452 4750 1532 requirit

2885 1552 2927 1595 a
2965 1531 3150 1598 nobis
3194 1532 3263 1597 in
3309 1534 3520 1599 officio
3562 1532 3859 1599 faciendo
3902 1532 4329 1618 diligentiam.
4375 1534 4749 1617 Quamobrem

2884 1616 3057 1684 iusto
3103 1618 3228 1684 Dei
3269 1619 3506 1686 iudicio
3542 1618 3888 1704 segnitiem
3923 1628 3990 1684 et
4024 1619 4197 1703 negli
4247 1620 4488 1686 entiam
4524 1632 4751 1687 nostram

2885 1706 3115 1788 punire
3177 1718 3425 1771 certum
3486 1716 3605 1783 est,
3692 1725 3890 1788 quum
3952 1715 4137 1770 tanta
4251 1705 4535 1772 arbaries
4598 1706 4749 1771 eccle·

2885 1792 3046 1856 siam
3106 1791 3407 1870 infuscat,
3467 1800 3540 1855 ut
3583 1789 3730 1855 falsi
3773 1810 3814 1854 a
3866 1811 4025 1856 vero
4070 1790 4418 1857 discrimen
4466 1794 4755 1876 ignoretur,

2884 1878 3038 1942 iusti
3083 1888 3148 1940 et
3192 1877 3384 1958 aequi
3431 1875 3615 1942 nulla
3647 1877 3880 1942 notitia
3914 1876 4255 1955 habeatur,
4298 1888 4513 1943 atrum
4545 1879 4617 1944 ab
4647 1876 4753 1942 albo

2886 1982 3014 2027 non
3071 1961 3509 2029 discernatur:
3570 1959 3746 2045 quod
3803 1961 3934 2028 illis
3992 1962 4395 2047 temporibus
4427 1965 4526 2029 ·in
4563 1962 4758 2029 Iudaea

2885 2047 3232 2131 contigisse
3289 2046 3598 2125 videmus,
3658 2048 3729 2112 in
3784 2068 3913 2131 qua
3969 2069 4102 2112 non
4162 2049 4350 2115 aliter
4409 2070 4594 2133 quam
4632 2050 4760 2114 inter

2885 2135 3058 2216 ipsos
3119 2133 3412 2199 ethnicos
3471 2132 3839 2199 idololatria
3896 2134 4200 2201 obtinuit.
4288 2134 4440 2216 Quo
4502 2155 4645 2201 vero
4683 2134 4762 2199 lex

2887 2220 3112 2285 divina
3169 2229 3306 2284 tum
3366 2218 3762 2285 devenerat?
3854 2218 3937 2285 In
4005 2241 4157 2286 arca
4202 2221 4475 2287 Domini
4516 2220 4762 2285 conclusa

2886 2314 3043 2387 erat,
3103 2305 3287 2371 cuius
3342 2305 3524 2370 iussu
3568 2305 3780 2370 fuerat
3823 2304 4062 2371 ibidem
4122 2306 4456 2372 eolloeata.
4540 2306 4765 2371 Verum·

2885 2390 3219 2455 enimvero
3269 2391 3444 2456 Deus
3490 2412 3618 2457 non
3662 2391 3944 2457 iusserat
3986 2391 4196 2475 legem
4238 2392 4311 2456 in
4356 2413 4513 2459 arca
4542 2391 4765 2474 sepeliri,

2887 2476 2993 2543 vel
3040 2488 3348 2559 tanquam
3394 2476 3645 2560 aliquas
3691 2477 3998 2559 reliquias
4044 2479 4372 2543 asservari
4419 2492 4486 2545 et
4525 2477 4761 2543 adorari:

2887 2560 2999 2628 sed
3046 2561 3407 2628 doctrinam
3453 2564 3518 2626 in
3564 2583 3643 2627 ea
3683 2561 4220 2646 comprehensam
4265 2564 4332 2628 in
4378 2564 4638 2631 ecelesia
4665 2582 4768 2646 per·

2888 2668 3122 2715 sonare
3200 2647 3608 2714 sacerdotum
3674 2648 4059 2726 ministerio,
4138 2647 4309 2732 quod
4389 2650 4521 2715 illis
4582 2666 4767 2713 munus

2887 2733 3282 2799 iniunxerat.
3327 2732 3462 2799 Sed
3500 2732 3747 2799 desidia
3777 2744 3843 2799 et
3879 2734 4278 2820 negligentia
4298 2736 4527 2819 populi
4561 2735 4770 2808 factum,

2889 2831 2965 2883 ut
3020 2820 3513 2902 superstitiones
3557 2820 3960 2903 irrepserint,
4015 2830 4083 2886 et
4138 2820 4314 2885 idola
4373 2822 4626 2887 invecta
4672 2818 4769 2884 sint

2887 2904 3121 2989 quibus
3179 2904 3299 2969 soli
3355 2904 3501 2970 Deo
3543 2904 3799 2971 debitus
3857 2906 4066 2971 honor
4122 2907 4548 2973 tribueretur.
4626 2904 4774 2971 Hane

2888 2991 2971 3057 ob
3025 3012 3287 3056 causam
3343 2990 3431 3055 D.
3476 2990 3727 3057 Paulus
3770 2991 4190 3057 Timotheum
4250 2990 4655 3075 admonebat,
4703 2990 4771 3053 uti

2889 3076 3073 3141 daret
3128 3097 3392 3160 operam
3464 3098 3549 3142 ne
3605 3077 3971 3162 neophytos
4045 3076 4355 3143 ecclesiae
4416 3078 4775 3162 praeficeret:

2887 3162 3001 3228 sed
3047 3160 3409 3228 doctrinam
3451 3183 3644 3245 quam
3690 3184 3730 3227 a
3771 3183 3841 3229 se
3886 3171 4223 3247 acceperat
4263 3163 4348 3230 iis
4386 3163 4775 3232 committeret

2887 3249 2995 3332 qui
3032 3247 3390 3332 depositum
3438 3247 3715 3313 fideliter
3749 3258 4113 3334 servarent,
4158 3259 4224 3315 et
4260 3248 4543 3316 docendi
4580 3250 4772 3314 donum

2886 3334 3236 3399 haberent:
3303 3345 3376 3398 ut
3432 3330 3540 3398 hic
3583 3334 3929 3401 thesaurus
3967 3336 4040 3400 in
4087 3335 4363 3401 ecclesia
4408 3336 4774 3407 retineretur,

2884 3440 3016 3485 non
3079 3429 3152 3484 ut
3194 3418 3718 3498 absconderetur,
3770 3420 3886 3488 sed
3945 3421 4015 3486 in
4072 3419 4369 3487 fidelium
4429 3440 4623 3487 usum
4658 3438 4773 3484 eon·

2882 3514 3264 3572 verteretur.

3052 3591 3260 3656 Porro
3324 3590 3530 3655 fateor
3592 3611 3725 3654 non
3784 3611 4041 3675 semper
4098 3591 4209 3658 ubi
4269 3594 4506 3678 vigent
4564 3588 4775 3657 seholae

2882 3676 3149 3743 retineri
3193 3675 3522 3742 doetrinae
3563 3677 3934 3760 puritatem.
4022 3677 4195 3743 Nam
4239 3679 4309 3744 in
4356 3688 4602 3762 papatu
4640 3674 4777 3743 vide-

2882 3784 3028 3829 mus
3084 3762 3285 3828 fuisse
3340 3760 3594 3828 scholas
3637 3770 3706 3827 et
3761 3783 3871 3829 eas
3916 3762 4177 3845 quidem
4223 3765 4453 3849 magni
4501 3760 4774 3828 nominis:

2881 3848 2996 3915 sed
3040 3868 3314 3931 quarum
3360 3856 3581 3912 tamen
3627 3845 3862 3912 studiis
3902 3848 4083 3915 Deus
4128 3871 4261 3915 non
4295 3847 4652 3915 benedixit.
4690 3848 4778 3911 At-

2881 3956 3005 4018 que
3048 3934 3287 4000 idcirco
3330 3931 3692 3998 notandum
3737 3932 3910 4016 quod
3953 3945 4105 4001 ante
4150 3936 4307 4011 dixi,
4369 3954 4583 4003 vanos
4621 3943 4679 3999 et
4712 3931 4775 3995 ir·

2881 4022 3041 4086 ritos
3099 4040 3239 4085 esse
3297 4019 3638 4084 hominum
3697 4017 3971 4097 labores,
4030 4029 4097 4084 et
4136 4020 4368 4086 inania
4412 4019 4635 4088 studia
4670 4017 4775 4083 sine

2880 4103 3141 4190 speciali
3187 4105 3314 4170 Dei
3358 4104 3591 4188 gratia.
3673 4103 4115 4185 Quamobrem
4160 4106 4289 4173 ista
4331 4106 4471 4172 duo
4517 4102 4775 4184 coniungi

2883 4211 3146 4257 necesse
3204 4201 3321 4269 est,
3380 4211 3614 4273 nempe
3657 4190 3874 4256 Deum
3934 4190 4002 4256 in
4050 4192 4280 4276 primis
4321 4193 4585 4276 precari
4625 4187 4775 4255 debe-

2881 4298 3044 4355 mus,
3107 4287 3178 4341 ut
3221 4277 3279 4342 si
3322 4297 3479 4342 suae
3521 4278 3821 4341 veritatis
3863 4276 4278 4362 splendorem
4334 4287 4408 4343 et
4452 4278 4659 4344 lucem
4696 4293 4777 4337 vo-

2882 4364 3007 4429 luit
3058 4364 3129 4428 in
3190 4363 3426 4428 animis
3484 4365 3725 4428 nostris
3785 4363 4053 4448 fulgere,
4112 4386 4194 4429 ne
4250 4364 4555 4448 patiatur
4594 4370 4770 4426 nostra

2883 4448 3279 4534 negligentia
3356 4461 3424 4514 et
3486 4446 3794 4527 socordia,
3877 4447 3983 4514 vel
4054 4447 4417 4516 rebellione
4463 4445 4773 4530 exstingui:

2883 4535 3118 4600 deinde
3163 4543 3237 4600 ut
3278 4532 3487 4600 sancti
3531 4534 3631 4598 sui
3688 4535 3960 4618 spiritus
4005 4533 4176 4601 dona
4218 4536 4285 4600 in
4334 4555 4465 4602 nos
4510 4546 4577 4599 et

2882 4642 2988 4686 ros
3031 4628 3367 4704 propaget,
3424 4631 3498 4684 ut
3540 4640 3800 4703 semper
3857 4619 4098 4686 bonum
4146 4642 4368 4686 semen
4417 4620 4669 4687 abunde
4703 4636 4776 4681 su-

2883 4707 3106 4790 persit,
3153 4716 3218 4770 et
3259 4705 3539 4771 fideliter
3580 4725 3748 4788 quae
3792 4707 4007 4772 nostri
4045 4717 4203 4772 sunt
4237 4707 4442 4774 officii
4479 4707 4775 4797 faciamus:

2884 4792 3084 4858 nullis
3132 4791 3410 4875 denique
3454 4790 3821 4875 sumptibus
3865 4812 4225 4875 parcamus,
4273 4793 4522 4877 quibus
4563 4811 4663 4858 eos
4696 4806 4775 4871 qm

2882 4876 3156 4945 docendi
3192 4877 3434 4943 donum
3472 4888 3863 4962 acceperunt
3895 4876 4189 4945 honestis
4222 4877 4575 4962 stipendiis
4605 4877 4775 4942 foven-

2881 4985 3047 5029 mus.
3107 4963 3279 5029 Nam
3323 4972 3479 5028 sunt
3519 4961 3618 5028 illi
3661 4962 4027 5030 sacerdotes
4070 4985 4235 5048 quos
4277 4965 4477 5032 nobis
4519 4964 4685 5029 Deus
4717 4954 4775 5024 ad

2883 5049 3214 5116 doctrinae
3258 5048 3817 5115 conservationem
3867 5049 3996 5130 dat,
4042 5070 4081 5115 a
4123 5050 4361 5135 quibus
4408 5050 4499 5117 ad
4541 5048 4771 5114 officium

2883 5136 3154 5219 quisque
3214 5135 3601 5202 stimuletur.
3689 5135 3862 5201 Nam
3907 5145 4158 5202 attente
4200 5147 4270 5202 et
4312 5137 4659 5237 diligenter
4691 5151 4773 5198 au·

2885 5220 3105 5286 diendi
3143 5232 3317 5303 sunt,
3361 5221 3594 5304 quibus
3638 5221 3910 5288 docendi
3952 5243 4194 5290 munus
4228 5240 4648 5291 commissum
4675 5228 4773 5283 est:
