5059 6059
817 287 947 374 51'9

2360 333 2365 340 ·
2472 303 2887 373 HOMILIA
2930 303 3159 372 XXV.

4635 309 4728 376 520

820 516 942 563 nos
998 513 1038 561 a
1094 471 1239 562 Deo
1283 492 1524 572 vocari,
1585 497 1664 558 ut
1704 489 2007 576 precibus
2051 491 2072 558 i
2118 511 2266 558 sum
2310 491 2762 576 sollicitemus,
2863 491 2987 561 hoo
3032 512 3156 560 nos
3196 491 3530 561 imitantes
3563 511 3603 561 o
3687 497 3824 561 rtet
3855 491 3984 560 duo
4018 491 4147 559 ista
4180 492 4376 559 simul
4409 494 4735 586 coniungere

822 589 890 650 et
930 580 1249 648 auxilium
1294 579 1498 664 ipsius
1540 577 1986 662 imploremus.
2146 575 2293 643 odie
2338 599 2493 646 vero
2538 579 2763 648 nullus

821 688 1129 755 praesens
1184 665 1369 733 adest
1424 664 1716 744 Samuel,
1776 662 1859 730 ad
1904 681 2095 747 quem
2138 681 2257 747 pro
2301 665 2490 731 nobis
2535 666 2762 750 depre-

820 761 1126 822 caturum
1181 751 1669 837 confugiamus:
1724 749 1835 835 qui
1892 749 2043 814 licet
2100 745 2317 818 fidelis
2360 751 2490 818 Dei
2532 769 2764 820 servus

820 839 1021 908 fuerit
1079 847 1144 904 et
1196 835 1480 903 fideliter
1523 836 1736 903 officio
1777 835 2058 915 functus,
2115 833 2311 902 homo
2358 844 2580 904 tamen
2620 837 2764 916 fuit,

822 925 903 992 ab
952 924 1262 991 humanis
1319 921 1811 988 infirmitatibus
1868 940 2001 986 non
2046 919 2318 1002 alienus,
2380 932 2448 988 et
2489 922 2603 1008 qui
2647 943 2765 1008 pro

822 1033 893 1080 se
972 1009 1197 1076 Deum
1275 1009 1473 1076 etiam
1554 1008 1805 1092 precari
1872 1004 2112 1074 debuit.
2203 1005 2335 1074 Sed
2400 1006 2763 1076 Dominum

820 1105 1118 1164 nostrum
1173 1093 1396 1162 Iesum
1442 1093 1782 1162 Christum
1826 1091 2162 1173 habemus,
2219 1113 2424 1159 unum
2468 1114 2587 1179 pro
2630 1111 2767 1160 om‘-

821 1183 1038 1263 nibus,
1104 1199 1239 1247 non
1293 1187 1551 1246 tantum
1605 1180 2000 1258 hominibus,
2060 1179 2174 1245 sed
2233 1180 2433 1248 etiam
2492 1179 2764 1265 angelis.

822 1265 1366 1353 Quandoquidem
1406 1266 1611 1351 igitur
1633 1264 1961 1332 Dominus
2005 1271 2227 1331 noster
2246 1264 2435 1334 Iesus
2456 1265 2768 1335 Christus

823 1371 966 1423 sese
1008 1354 1397 1420 advocatum
1439 1359 1741 1420 nostrum
1783 1352 2146 1435 profitetur,
2193 1357 2260 1417 et
2302 1372 2549 1418 munus
2590 1351 2662 1417 in
2697 1371 2768 1419 se

823 1441 1070 1526 recepit
1130 1445 1381 1523 patrem
1440 1458 1557 1522 pro
1601 1435 1788 1504 nobis
1827 1435 2312 1519 interpellandi,
2368 1446 2436 1502 et
2477 1436 2575 1503 illi
2619 1455 2768 1504 nos-

825 1537 964 1593 tras
1026 1543 1251 1610 preces
1316 1522 1648 1601 offerendi,
1715 1542 1791 1589 eo
1855 1522 2101 1588 maiore
2163 1523 2401 1590 fiducia
2461 1522 2771 1591 debemus

828 1611 912 1680 ad
952 1612 1173 1677 Deum
1204 1611 1573 1693 confugere,
1607 1609 1859 1694 quoties
1894 1627 2114 1674 rerum
2151 1617 2524 1676 nostrarum
2557 1618 2771 1678 status

824 1699 898 1764 in
944 1715 1200 1764 summo
1245 1696 1620 1763 discrimine
1660 1694 1913 1762 versari
1946 1693 2294 1762 videbitur.
2385 1693 2580 1776 Quod
2618 1715 2771 1762 vero

826 1782 1095 1850 Samuel
1160 1803 1231 1848 se
1290 1780 1771 1866 deprecatorem
1816 1779 2011 1864 atque
2051 1780 2554 1847 intercessorem
2597 1780 2770 1865 apud

824 1867 1042 1937 Deum
1088 1885 1207 1953 pro
1249 1867 1484 1953 populo
1529 1866 1667 1934 fore
1710 1865 2016 1952 superius
2056 1863 2376 1950 promisit,
2418 1885 2554 1932 non
2591 1886 2773 1932 arro·

829 1955 1074 2041 gantia,
1131 1973 1264 2020 non
1319 1972 1491 2020 vana
1547 1952 1850 2036 opinione
1896 1969 2051 2018 suae
2095 1950 2436 2040 dignitatis
2479 1951 2772 2034 alicuius,

822 2061 955 2125 qua
997 2040 1120 2108 sibi
1164 2038 1288 2104 hoc
1330 2035 1505 2121 apud
1549 2037 1769 2104 Deum
1812 2035 2249 2104 intercedendi
2296 2058 2538 2103 munus
2584 2037 2770 2104 attri-

828 2128 1058 2194 bueret
1118 2123 1357 2212 (neque
1399 2122 1573 2189 enim
1620 2122 1881 2189 divinae
1923 2123 2090 2207 legis
2133 2130 2275 2189 erat
2314 2123 2614 2210 ignarus)
2658 2122 2772 2189 sed

826 2210 1144 2297 populum
1188 2208 1400 2294 magis
1442 2209 1518 2273 ac
1559 2209 1771 2296 magis
1805 2208 2272 2276 humiliaturus
2307 2210 2476 2290 fecit,
2521 2217 2591 2275 et
2625 2208 2772 2276 doc-

830 2312 1021 2364 turus
1081 2295 1360 2361 eundem
1414 2291 1580 2358 nihil
1640 2315 1680 2360 a
1734 2294 1879 2360 Deo
1920 2314 2114 2378 posse
2154 2294 2299 2361 sine
2342 2296 2773 2362 intercessore

830 2382 1203 2466 impetrare.
1290 2379 1523 2462 Itaque
1603 2378 1729 2446 fuit
1806 2375 1916 2445 ille
1994 2382 2061 2446 in
2140 2379 2377 2465 populo
2442 2387 2643 2466 typus
2708 2389 2774 2446 et

828 2470 1049 2552 imago
1118 2464 1407 2532 Domini'
1443 2465 1648 2530 nostri
1706 2462 1858 2531 Iesu
1914 2464 2200 2532 Christi:
2260 2467 2571 2550 populum
2629 2487 2772 2534 eru-

833 2553 1019 2620 diens
1063 2570 1198 2619 non
1242 2569 1383 2616 esse
1427 2549 1707 2635 dignum.
1784 2569 1937 2617 uem
1962 2552 2145 2618 Deus
2187 2552 2259 2617 in
2284 2552 2566 2637 gratiam
2607 2551 2774 2618 reci-

830 2640 991 2724 piat,
1071 2636 1201 2703 nisi
1262 2636 1692 2708 intercessore
1776 2636 2024 2703 ¹hristo
2086 2642 2157 2704 et
2219 2636 2534 2705 advocato
2601 2636 2774 2722 apud

832 2726 858 2790 i
907 2743 1071 2790 sum.
1156 2721 1388 2807 Itaque
1451 2722 1831 2801 tenendum,
1907 2720 2125 2790 hodie·
2163 2722 2349 2790 nobis
2413 2722 2672 2789 nullum
2735 2743 2777 2789 a

950 2831 988 2877 o
1048 2808 1392 2875 mortalem
1456 2807 1734 2894 proponi
1785 2807 2200 2890 advocatum,
2272 2807 2387 2875 sed
2434 2807 2777 2877 Christum

824 2895 1389 2982 complementum
1445 2914 1587 2961 esse
1642 2909 1865 2962 rerum
1921 2914 2145 2962 earum
2200 2913 2371 2978 quae
2410 2894 2559 2982 lege
2602 2894 2775 2979 figu-

832 2981 1169 3061 rabantur,
1263 2979 1437 3064 quod
1525 2999 1647 3064 per
1734 2979 2096 3048 Dominum
2178 2987 2476 3048 nostrum
2554 2979 2778 3046 Iesum

835 3067 1201 3147 Christum,
1273 3072 1340 3131 et
1396 3065 1925 3133 intercessionem
1984 3064 2212 3149 ipsius,
2282 3065 2431 3132 Deo
2485 3068 2657 3151 grati
2712 3073 2780 3132 et

818 3153 1084 3237 accepti
1143 3153 1369 3231 simus,
1429 3169 1505 3219 ac
1561 3169 1788 3252 preces
1843 3158 2107 3217 nostrae
2163 3149 2655 3219 sanctificentur
2711 3159 2780 3218 et

835 3238 1317 3318 benedicantur,
1346 3244 1422 3303 ut
1463 3236 1591 3321 ipsi
1634 3245 1817 3303 ratae
1858 3236 1997 3304 sint
2039 3244 2107 3302 et
2149 3243 2468 3323 acceptae.

1006 3323 1325 3407 Sequitur
1380 3320 1687 3406 deinceps
1744 3323 2005 3390 iussisse
2042 3323 2359 3406 populum
2414 3327 2483 3390 ut
2526 3320 2783 3391 Samuel

837 3411 1256 3480 indesinenter
1308 3407 1395 3475 ad
1435 3408 1649 3475 Deum
1679 3427 1802 3492 pro
1855 3428 1922 3474 se
1963 3407 2271 3475 clamaret.
2351 3408 2581 3494 Neque
2624 3427 2782 3476 vero

837 3496 1188 3564 clamorem
1231 3493 1340 3561 hi‘c
1379 3493 1811 3580 intelligimus
1848 3493 2183 3580 ingentem
2218 3492 2503 3578 aliquam
2545 3493 2785 3562 vocife-

824 3583 1181 3661 rationem,
1225 3580 1340 3646 sed
1381 3579 1721 3646 ardentem
1766 3580 2071 3647 affectum
2114 3579 2397 3647 orantis:
2457 3601 2613 3646 nam
2658 3580 2787 3648 cla-

839 3687 1090 3734 morem
1154 3664 1522 3734 videbimus
1588 3664 1893 3750 deinceps
1959 3665 2163 3749 accipi
2227 3686 2345 3751 pro
2410 3667 2782 3734 vehementi

838 3751 1101 3831 affectu,
1139 3758 1214 3816 ut
1248 3749 1402 3820 licet
1436 3751 1665 3819 fideles
1706 3771 1842 3817 non
1878 3757 2226 3837 erumpant
2259 3751 2331 3817 in
2364 3751 2536 3820 ullas
2570 3773 2783 3836 voces,

840 3844 1064 3904 tamen
1168 3855 1347 3904 reces
1401 3836 1695 3920 ipsorum
1753 3836 2069 3905 clamores
2126 3837 2568 3904 nominentur.
2621 3850 2630 3860 ·
2668 3836 2782 3905 Sic

830 3923 1031 3992 Deus
1148 3943 1326 3988 osem
1384 3923 1722 4009 alloquens
1765 3923 1890 3989 ait:
1955 3921 2134 4004 Quid
2184 3922 2429 3990 clamas
2485 3922 2571 3990 ad
2627 3922 2782 3989 me?

844 4009 1052 4093 Atqui
1094 4015 1237 4072 tum
1281 4006 1503 4074 Moses
1546 4029 1680 4075 non
1732 4007 2157 4092 loquebatur:
2212 4007 2327 4076 sed
2369 4015 2595 4078 tantus
2639 4016 2785 4074 erat

838 4094 1047 4179 ipsius
1100 4093 1301 4162 ardor
1342 4100 1410 4159 et
1452 4093 1870 4160 vehementia
1911 4093 2133 4175 animi,
2189 4101 2269 4160 ut
2309 4114 2544 4162 omnes
2575 4094 2783 4179 ipsius

842 4200 1075 4248 sensus
1131 4178 1203 4243 in
1256 4198 1493 4264 ,preces
1556 4179 1746 4246 effusi
1810 4179 2207 4247 viderentur.
2297 4176 2522 4262 Quum
2581 4180 2784 4265 igitur

842 4266 954 4333 hic
1018 4265 1266 4332 mentio
1345 4265 1421 4330 fit
1499 4265 1800 4333 clamoris
1864 4263 2214 4344 Samuelis,
2276 4264 2784 4333 vehementioris

843 4351 1156 4420 orationis
1196 4350 1476 4418 affectus
1519 4350 1930 4434 exprimitur,
2035 4351 2179 4419 uasi
2222 4371 2308 4417 ex
2348 4349 2480 4417 imo
2521 4359 2785 4437 pectore

842 4436 1122 4522 suspiria
1166 4437 1239 4502 in
1283 4436 1537 4504 coelum
1581 4455 1787 4521 usque
1828 4436 1912 4502 ad
2025 4456 2177 4504 eum
2220 4436 2549 4517 extulerit,
2609 4444 2784 4505 totus

844 4530 1037 4592 extra
1088 4543 1162 4590 se
1219 4531 1446 4606 raptus
1489 4526 1558 4588 et
1610 4521 1683 4587 in
1730 4521 2087 4588 orationem
2131 4520 2216 4589 ad
2256 4519 2479 4589 Deum'
2519 4523 2782 4590 effusus.

845 4609 1064 4692 Quam
1106 4628 1268 4676 vero
1309 4627 1575 4675 causam
1617 4604 1948 4687 adiiciunt,
1992 4612 2064 4675 ut
2102 4606 2429 4675 meretum
2471 4608 2554 4674 ab
2596 4608 2785 4676 hosti-

843 4695 979 4780 bus,
1040 4693 1235 4761 etiam
1295 4693 1762 4777 expendamus.
1848 4691 2021 4759 Nam
2079 4692 2162 4759 iis
2225 4693 2442 4761 verbis
2504 4694 2786 4779 populus

844 4782 1190 4866 profitetur
1233 4801 1304 4847 se
1340 4777 1420 4845 de
1454 4777 1748 4846 hostibus
1781 4799 1914 4845 non
1950 4797 2140 4864 posse
2175 4799 2307 4845 non
2340 4777 2538 4847 modo
2580 4781 2785 4848 victo-

847 4867 1017 4934 riam
1060 4872 1416 4950 reportare,
1473 4862 1588 4933 sed
1653 4886 1739 4932 ne
1794 4865 1960 4949 eripi
2017 4862 2279 4964 quidem
2333 4865 2479 4932 sine
2522 4866 2787 4950 speciali

848 4951 977 5018 Dei
1023 4948 1290 5033 auxilio,
1335 4957 1404 5018 et
1443 4948 1757 5036 peculiari
1789 4949 2190 5032 liberatione,
2232 4951 2407 5034 quod
2443 4951 2516 5017 in
2548 4972 2791 5018 memo-

850 5038 951 5104 ria
991 5037 1238 5104 recenti
1282 5036 1496 5105 adhuc
1538 5035 1667 5104 insi
1764 5056 1870 5102 em
1911 5035 2117 5115 illam,
2169 5056 2363 5121 quam
2405 5045 2790 5123 acceperant

852 5143 892 5190 a
935 5122 1334 5206 Philistaeis,
1377 5122 1627 5191 cladem
1668 5057 2011 5189 ffiberent.
2040 5120 2266 5188 Suam
2303 5121 2525 5208 itaque
2691 5145 2790 5192 os-

850 5213 1075 5278 centes
1116 5207 1587 5293 infirmitatem,
1630 5207 1701 5274 in
1744 5206 1891 5276 Deo
1925 5228 2055 5277 uno
2090 5208 2525 5293 aequiescunt.
2632 5217 2789 5297 tque

2866 584 3178 664 tanquam
3221 579 3590 663 inseparab'
3619 579 3715 646 ia:
3762 585 3835 646 ut
3877 600 4113 663 nempe
4145 586 4436 645 nostram
4466 578 4735 647 imbecilli·

2867 672 3067 731 tatem
3090 665 3608 751 tenuitatemque
3630 665 3796 733 bene
3818 664 4127 742 norimus,
4153 683 4512 747 vanamque
4531 686 4733 733 omnem

2868 751 2949 817 'de
2993 749 3181 818 nobis
3225 751 3600 836 opinionem
3644 769 3960 819 exuamus
3977 773 4006 814 ε·
4043 748 4157 817 sed
4202 750 4297 816 ita
4341 759 4545 816 tamen
4584 771 4653 817 ne
4683 752 4734 818 in

2871 836 3339 921 desperationis
3397 836 3704 923 abyssum
3761 837 4256 919 immergamur:
4313 855 4537 902 verum
4569 837 4740 920 potius

2867 924 3132 1009 agnitae*
3191 930 3453 990 nostrae
3521 922 3827 991 tenuitati
3904 921 4033 989 Dei
4098 922 4456 1007 potentiam
4516 942 4740 1022 oppona-

2868 1023 3036 1088 mus,
3059 1025 3138 1076 ac
3151 1007 3343 1076 'nobis
3366 1008 3758 1076 adiuvandis
3779 1015 3846 1075 et
3867 1007 4170 1075 omnibus
4194 1006 4497 1092 periculis
4516 1008 4742 1092 eripien-

2868 1094 2969 1162 dis
3003 1094 3432 1162 sufficien‘tem
3477 1115 3682 1161 unum
3725 1094 3913 1162 illum
3959 1115 4101 1162 esse
4142 1094 4451 1160 sciamus:
4500 1099 4742 1178 certoque

2865 1197 3253 1265 persuasum
3287 1178 3643 1248 habeamus
3675 1199 4009 1266 nunquam
4042 1180 4303 1247 inanem
4340 1178 4479 1245 fore
4511 1189 4741 1246 nostram

2868 1268 2940 1334 in
2981 1263 3172 1336 illum
3214 1264 3538 1347 fiduciam,
3567 1287 3577 1295 ·
3604 1287 3806 1351 quum
3876 1266 4172 1351 precibus
4238 1265 4320 1331 ad
4363 1283 4510 1331 eum
4573 1265 4745 1332 confu-

2871 1349 3179 1440 gerimus,
3225 1350 3340 1417 sed
3396 1352 3772 1419 invocatum
3817 1352 4039 1420 adfore
4096 1360 4391 1436 tempore
4436 1359 4744 1436 opportuno

2869 1438 3190 1506 auxilium
3231 1436 3544 1504 laturum.
3945 1445 3948 1450 ’

3043 1521 3369 1608 Deinceps
3414 1523 3658 1590 dicitur
3698 1524 3969 1593 Samuel
4035 1523 4255 1590 tulisse
4318 1539 4544 1606 aymm
4579 1521 4751 1587 ludet

2871 1614 2991 1677 tem
3042 1629 3262 1691 unum,
3327 1614 3384 1676 et
3439 1608 3731 1677 obtulisse
3782 1611 3967 1678 illum
4023 1608 4444 1675 holocaustmn
4494 1608 4749 1690 inteymn

2871 1694 3165 1782 Domino,
3220 1701 3288 1762 et
3344 1701 3606 1781 gratum
3651 1706 4121 1786 acceptumque
4167 1691 4313 1759 Deo
4358 1693 4568 1771 fuisse,
4620 1695 4747 1777 quod

2870 1780 3236 1849 Philistaei·
3264 1779 3346 1847 ab
3387 1780 3710 1848 Israelitis
3752 1782 3925 1849 caesi
3970 1790 4036 1846 et
4075 1782 4145 1846 in
4179 1780 4404 1865 fugam
4442 1778 4601 1845 versi
4638 1778 4754 1856 sint,

2873 1875 2953 1934 ut
2993 1865 3290 1951 pluribus
3332 1866 3605 1950 posthac
3639 1867 4021 1934 videbimus.
4066 1865 4262 1948 Quod
4308 1864 4572 1933 Samuel
4609 1863 4751 1929 obtu-

2873 1952 2954 2019 lit
2988 1952 3398 2030 sacrificium,
3456 1952 3707 2020 indicat
3765 1955 4087 2020 orationes
4141 1959 4401 2018 nostras
4443 1970 4570 2016 non
4605 1969 4753 2033 pomo

2873 2039 3019 2105 Deo
3065 2044 3285 2123 gratas
3328 2046 3396 2103 et
3437 2045 3736 2125 acceptas
3779 2060 3921 2105 esse
3963 2038 4106 2105 sine
4145 2037 4493 2104 oblatione.
4575 2037 4753 2135 Atque

2874 2124 2982 2191 hic
3035 2123 3160 2189 fuit
3215 2123 3682 2191 sacrificiorum
3744 2133 4036 2191 veterum
4094 2123 4388 2190 omnium
4415 2122 4599 2197 finis,
4649 2140 4754 2186 sive

2921 2227 3040 2275 uae
3083 2209 3426 2290 matutino,
3486 2211 3624 2279 sive
3667 2210 4039 2294 vespertino
4085 2219 4399 2292 tempore,
4456 2209 4588 2273 sive
4625 2225 4753 2290 quse

2877 2231 2982 2361 gie
3024 2293 3342 2373 sabbathi,
3399 2295 3541 2362 sive
3584 2293 3688 2361 die
3731 2296 4039 2379 professo,
4095 2293 4428 2364 ordinario
4473 2292 4570 2360 vel
4603 2292 4756 2356 etiam

2876 2379 3396 2447 extraordinario
3440 2381 3898 2460 offerebantur,
3951 2389 4030 2447 ut
4070 2379 4384 2448 nimirum
4426 2379 4757 2464 profiteren-

2876 2473 2992 2533 tur
3028 2487 3100 2534 se
3141 2466 3223 2532 ad
3262 2459 3482 2532 Deum
3522 2467 3899 2536 accedentes
3942 2488 4074 2533 non
4119 2466 4250 2533 alia
4291 2465 4542 2532 ratione
4580 2471 4757 2549 gratos

2878 2561 2945 2618 et
3001 2557 3302 2640 acceptos
3357 2571 3500 2620 esse
3544 2571 3740 2635 quam
3783 2572 3902 2637 per
3940 2552 4328 2619 sacrificium
4373 2549 4535 2616 illud
4576 2567 4758 2633 perpe-

2877 2645 3067 2704 tuum
3153 2637 3400 2704 atribus
3445 2645 3641 2704 antea
3682 2637 4095 2722 promissum.
4141 2638 4286 2703 Iam
4329 2657 4489 2704 vero
4532 2633 4757 2701 sublatis

2879 2730 2946 2790 et
2988 2723 3108 2789 abo
3135 2723 3244 2790 itis
3284 2721 3604 2809 legalibus
3649 2723 3779 2791 illis
3821 2723 4171 2804 sacrificiis,
4216 2723 4439 2790 Deum
4472 2727 4759 2805 precantes

2879 2815 3135 2893 oportet
3177 2807 3249 2873 in
3288 2815 3566 2877 mortem
3606 2817 3674 2878 et
3705 2810 4073 2895 passionem
4108 2808 4384 2876 Domini
4419 2806 4620 2873 nostri
4644 2803 4757 2869 Iesu

2878 2893 3133 2970 Christi
3175 2893 3453 2962 intueri:
3512 2894 3684 2979 quod
3727 2895 3801 2961 ni
3841 2897 3977 2975 fiat,
4035 2901 4286 2960 certum
4311 2899 4438 2960 est
4478 2893 4681 2958 inanes
4714 2901 4763 2952 et

2877 2981 3102 3047 irritas
3144 3000 3403 3064 semper
3436 2980 3573 3047 fore
3615 2989 3875 3048 nostras
3918 2981 4346 3065 precationes,
4389 2981 4523 3045 imo
4555 2975 4760 3074 nullum

2882 3066 2964 3134 ad
2999 3067 3217 3152 Deum
3254 3086 3582 3134 accessum
3620 3087 3743 3134 nos
3777 3067 4135 3133 habituros.
4180 3065 4326 3133 Hoc
4358 3064 4574 3132 docuit
4599 3062 4761 3147 igitur

2883 3172 3003 3220 suo
3069 3149 3389 3219 sacrificio
3449 3149 3738 3232 Samuel,
3802 3172 4039 3235 nempe
4093 3151 4351 3218 irritam
4421 3153 4491 3216 et
4549 3150 4761 3214 inanem

2882 3237 3018 3305 fore
3053 3257 3238 3305 suam
3275 3238 3736 3321 precationem,
3885 3259 3968 3303 ue
3999 3237 4350 3324 indignum
4387 3235 4502 3321 qui
4535 3232 4762 3319 gratiam

2884 3330 3411 3407 consequeretur,
3474 3323 3602 3391 nisi
3668 3331 3854 3391 sanct
3882 3324 4184 3392 ficeretur
4242 3342 4364 3408 per
4428 3318 4764 3388 sacrificium

2879 3409 3045 3476 illud
3090 3407 3263 3509 quod
3306 3409 3635 3476 offerebat.
3691 3410 3926 3494 Neque
3970 3418 4123 3476 vero
4165 3415 4429 3474 tantum
4474 3413 4765 3499 externam

2884 3501 2951 3562 et
2997 3494 3261 3562 ,vis1bile
3317 3494 3707 3562 sacrificium
3743 3493 3913 3562 illud
3956 3494 4356 3574 intuebatur,
4407 3502 4596 3562 norat
4633 3507 4764 3555 emm

2883 3601 3094 3666 neque
3127 3597 3390 3647 caesum
3424 3577 3685 3666 agnum,
3721 3600 3935 3664 neque
3956 3580 4256 3665 quamvis
4287 3577 4487 3645 aliam
4511 3573 4766 3662 pecudem

2887 3667 3101 3735 delere
3135 3665 3362 3751 populi
3397 3678 3666 3752 peccata
3698 3686 3925 3767 posset
3961 3666 4077 3734 sed
4113 3664 4282 3751 quod
4317 3673 4576 3731 veteres
4609 3661 4771 3726 facere

2870 3757 3383 3832 consueverunt,
3440 3750 3524 3818 ad
3567 3752 3927 3820 Dominum
3985 3761 4280 3818 nostrum
4326 3749 4551 3817 Iesum
4592 3743 4772 3814 Chris-

2885 3844 3028 3904 tum
3086 3835 3504 3922 respiciebat:
3573 3838 3683 3924 qui
3739 3838 3863 3904 fuit
3894 3838 4200 3904 omnium
4254 3836 4565 3922 legalium
4605 3847 4770 3899 caere-

2881 3923 3252 3990 moniarum
3317 3930 3385 3989 et
3441 3922 3688 3990 rituum
3744 3942 3995 4009 scopus.
4084 3923 4182 3989 At
4242 3921 4353 3989 hic
4411 3921 4597 3988 valde
4645 3915 4768 3980 diffi-

2883 4009 3025 4076 cilis
3069 4007 3358 4094 quaestio
3402 4008 3704 4089 occurrit,
3743 4030 3981 4095 nempe
4016 4005 4335 4093 quomodo
4377 4004 4634 4078 Samuel
4659 4003 4763 4084 ipse

2884 4095 3139 4162 dicatur
3190 4094 3608 4175 sacrificasse,
3675 4111 3875 4180 quum
3935 4103 4161 4163 tamen
4224 4112 4357 4160 non
4425 4093 4763 4177 fungeretur

2883 4179 3124 4248 summi
3168 4178 3516 4248 sacerdotis
3550 4200 3840 4258 munere,
3884 4200 3960 4248 ac
3992 4177 4266 4265 proinde
4305 4199 4445 4245 non
4656 4181 4763 4238 tex

2881 4266 3027 4368 lege
3059 4265 3453 4332 sacrificium
3483 4266 3737 4334 offerre.
3781 4265 4260 4352 Respondetur,
4288 4262 4651 4334 Samuelem
4678 4275 4764 4354 pqr

2884 4352 3086 4418 ahum
3129 4371 3169 4419 a
3201 4351 3346 4419 Deo
3374 4352 3802 4419 constitutum
3838 4350 4235 4419 sacerdotem
4272 4349 4582 4417 obtulisse
4611 4361 4764 4413 saon·

2883 4437 3103 4505 ficium
3164 4434 3345 4518 illud,
3410 4457 3613 4521 quum
3676 4437 4058 4521 praesertim
4125 4435 4472 4505 convocari
4533 4426 4765 4519 populus

2885 4543 3021 4590 non
3053 4530 3289 4609 posset,
3324 4525 3481 4609 quin
3517 4522 3882 4591 sacerdotes
3916 4531 3984 4587 et
4019 4522 4279 4606 quidem
4313 4520 4511 4607 primi
4543 4521 4764 4586 interes-

2884 4614 3065 4676 sent:
3124 4609 3248 4676 hoc
3303 4610 3479 4676 enim
3535 4610 3823 4694 ipsorum
3879 4609 4173 4676 muneris
4215 4609 4384 4674 ratio
4427 4600 4762 4692 postulabat

2883 4694 3001 4763 Sic
3058 4713 3254 4779 saepe
3310 4695 3384 4761 in
3439 4695 3638 4763 sacris
3695 4693 3936 4779 David,
3991 4695 4085 4762 sic
4141 4693 4450 4763 Salomon
4506 4685 4764 4759 obtulisse

2885 4780 3205 4849 sacrificia
3261 4780 3586 4862 dicuntur,
3639 4801 3773 4847 non
3835 4777 4095 4866 quidem
4148 4778 4434 4865 propriis
4491 4771 4764 4846 manibus

2886 4865 3001 4933 sed
3049 4886 3172 4950 per
3227 4887 3376 4933 eum
3433 4865 3542 4935 cui
3598 4866 4018 4935 commissum
4075 4873 4218 4932 erat
4270 4885 4516 4932 munus
4549 4854 4704 4959 isth
4725 4871 4765 4954 ‚⁸

2890 4952 3191 5020 Domino.
3275 4950 3505 5038 Neque
3560 4952 3741 5019 enim
3796 4952 4059 5037 regibus
4109 4951 4346 5020 licebat
4387 4950 4555 5017 hanc
4593 4946 4763 5040 ‹hw-

2887 5045 3091 5107 tatem
3134 5037 3604 5107 sacerdotalem
3646 5057 3980 5139 usurpare,
4041 5058 4206 5123 quae
4250 5037 4372 5104 fuit
4409 5037 4493 5102 iis
4534 5043 4762 5119 proptu,

2935 5126 3002 5192 ui
3046 5132 3236 5193 eraut
3278 5144 3318 5191 a
3357 5122 3644 5190 Domino
3697 5122 4037 5210 designati.
4106 5122 4340 5225 Itaque
4381 5115 4764 5207 respondetur

2892 5145 3269 5280 Samuelem
3311 5231 3449 5276 non
3489 5230 3842 5296 usurpasse
3884 5230 4125 5278 munus
4166 5210 4489 5277 ahenum:
4543 5201 4645 5274 sed
4677 5197 4763 5265 ob·
