5059 6059
298 341 402 407 301

287 529 456 599 nobis
503 534 600 594 est
646 525 903 591 institia
928 577 935 587 .
956 533 1023 591 et
1065 525 1356 592 bonitate
1403 541 1524 591 sua
1565 546 1598 591 s
1684 522 1940 602 ssantes,
1995 544 2197 608 quum

290 619 413 686 eins
464 614 530 679 in
587 634 704 679 nos
759 611 1077 678 beneficia
1117 610 1201 676 ad
1245 611 1450 694 ipsius
1494 630 1604 676 ecc
1630 612 1803 677 osiae
1844 609 2196 676 utilitatem

292 709 349 769 et
385 698 877 766 aedificationem
922 717 1050 763 non
1096 698 1461 777 referimus,
1504 717 1702 780 quum
1740 694 2025 779 deniqne
2061 705 2196 764 tam

288 785 597 856 liberalem
640 783 934 849 datorem
976 805 1128 861 non,
1170 791 1251 848 nt
1295 803 1413 867 par
1455 794 1615 854 erat.
1659 780 2122 865 agnoscimus?

438 871 658 953 Pergit
719 873 937 948 Anna,
995 868 1308 952 docetque
1365 867 1909 934 mevam-mne
1949 867 2199 950 afficere

286 965 335 1025 d
367 960 433 1024 in
467 957 659 1023 νίέαηι
698 956 1057 1036 restituere,-
1095 954 1409 1021 amittere
1447 955 1522 1019 in
1560 952 1917 1035 sepulerum
1958 959 2016 1019 et
2046 954 2195 1019 edu-

285 1065 415 1125 cere,
466 1061 739 1126 quorum
805 1041 979 1105 idem
1024 1061 1171 1107 cum
1217 1040 1659 1124 superioribus
1702 1049 1807 1104 est
1844 1059 2077 1122 scopus
2118 1060 2196 1107 ac

284 1131 435 1208 finis,
475 1139 546 1194 ut
588 1129 900 1192 nimirum
936 1139 1037 1192 tot
1071 1136 1415 1210 tantasque
1448 1126 1517 1190 in
1556 1126 1660 1191 his
1692 1124 1890 1191 terris
1924 1145 2195 1191 conver-

282 1218 473 1281 siones
514 1225 710 1296 atque
754 1213 1151 1277 mutationes
1186 1233 1328 1277 esse
1364 1211 1639 1277 totidem
1676 1211 1938 1277 divinae
1972 1221 2199 1295 poten-

281 1303 411 1379 tiae,
492 1300 762 1364 minime
841 1298 1104 1382 quidem
1187 1298 1365 1363 illius
1442 1300 1767 1373 confusae,
1846 1296 1960 1362 sed
2040 1317 2191 1362 cum

280 1391 514 1454 summa
557 1386 808 1451 iustitia
851 1386 1256 1460 coniunctae,
1304 1383 1679 1450 testimonia
1714 1402 1856 1451 esse
1891 1383 2192 1449 sciamus.

279 1473 437 1556 Ergo
517 1469 720 1538 Anna
785 1469 891 1534 hic
956 1468 1423 1557 rectitudinem,
1478 1468 1853 1534 divinorum
1918 1488 2193 1552 operum

276 1556 574 1625 celebrare
638 1555 963 1622 instituit:
1028 1576 1222 1639 quam
1282 1557 1351 1621 in
1410 1575 1488 1620 eo
1544 1555 1830 1638 primum
1876 1554 2190 1638 agnoscit,

276 1653 339 1710 ut
396 1661 584 1727 supra
651 1641 958 1718 diximus,
1041 1641 1212 1723 quod
1279 1640 1464 1707 Deus
1528 1639 1857 1706 famelicos
1921 1649 2190 1719 saturet,

274 1749 480 1812 nempe
520 1727 696 1813 quod
741 1728 822 1792 ad
865 1729 1083 1810 ipsum
1129 1727 1525 1810 confugiant,
1569 1727 1964 1808 illorumque
2008 1726 2192 1792 Dens

272 1835 470 1899 preces
522 1814 870 1879 exaudiat:
925 1824 1155 1879 contra
1210 1834 1369 1878 vero
1412 1824 1668 1878 saturos
1712 1820 1780 1876 et
1823 1812 2010 1877 bonis
2053 1813 2192 1878 suis

276 1901 477 1982 elatos,
530 1922 568 1965 a
611 1901 761 1965 Deo
819 1920 1088 1966 aversos
1148 1899 1332 1964 bonis
1375 1899 1610 1980 spoliet
1652 1906 1719 1963 et
1759 1909 1981 1963 exuat.
2072 1900 2189 1963 At·

273 2003 390 2069 que
440 1987 586 2052 haec
648 1986 871 2068 aliqua
915 1997 1013 2050 est
1058 1985 1187 2050 Dei
1229 1983 1614 2050 iudiciorum
1659 2003 1832 2066 pars,
1898 1982 2068 2066 quod
2119 1983 2189 2047 hi

274 2072 507 2155 quidem
549 2071 1101 2155 depauperentur,
1144 2070 1243 2135 illi
1289 2089 1444 2135 vero
1487 2069 1843 2135 ditescant:
2003 2069 2187 2134 uitur

270 2158 484 2224 altera:
547 2157 868 2222 Iehovam
944 2167 1155 2221 morte
1213 2154 1476 2222 afficere
1532 2161 1601 2220 et
1658 2155 1833 2221 vitae
1893 2177 1927 2219 r
2012 2156 2184 2221 dere.

271 2241 603 2309 Commune
663 2243 931 2325 quidem
991 2241 1165 2307 istud
1210 2252 1344 2306 tam
1391 2240 1690 2307 fidelibus
1733 2261 1929 2323 quam
1973 2241 2184 2307 inore·

269 2328 435 2409 dalis,
488 2328 599 2394 sed
666 2329 789 2394 hoc
839 2331 907 2392 in
955 2327 1083 2392 Dei
1127 2327 1280 2393 filiis
1323 2327 1609 2392 maxime
1654 2326 1841 2391 nobis
1884 2334 1953 2391 et
2043 2347 2184 2392 rae-

265 2415 429 2497 cipue
478 2427 575 2480 est
620 2413 1195 2481 considerandum.
1284 2412 1431 2478 Non
1476 2413 1592 2479 abs
1636 2433 1709 2476 re
1752 2411 1959 2496 igitur
2069 2434 2186 2479 eus

265 2512 449 2565 morte
532 2500 800 2566 afficere
875 2500 1182 2582 vitaeque
1262 2509 1490 2565 contra
1570 2496 1844 2564 reddere
1911 2497 2181 2564 dicitur:

264 2587 444 2651 vitam
486 2588 664 2653 enim
713 2606 889 2651 mors
933 2584 1282 2669 praecedat
1326 2603 1590 2650 necesse
1632 2595 1762 2649 est:
1808 2584 1986 2650 vitae
2027 2603 2184 2648 vero

263 2672 501 2737 nomine
628 2670 943 2737 numlibet
1009 2671 1505 2735 diminutionem
1573 2668 1903 2753 intelligit.
2009 2668 2181 2734 Nam

261 2756 404 2823 bene
424 2755 523 2823 ‘et
606 2757 863 2824 eliciter
920 2777 1027 2822 res
1079 2777 1232 2821 suas
1285 2765 1573 2839 agentes,
1643 2754 1884 2832 vivere,
1949 2764 2181 2821 contra

260 2840 637 2910 declinantes
700 2851 767 2907 et
831 2842 898 2907 in
966 2842 1344 2925 pauperiem
1410 2852 1696 2919 ruentes,
1758 2840 2070 2906 imminui
2113 2847 2183 2906 et

258 2928 436 2994 veluti
506 2929 682 2995 mori
741 2927 1064 2993 dicuntur.
1156 2928 1374 3011 Atque
1425 2927 1498 2991 in
1558 2928 1729 2993 banc
1784 2927 2179 2992 sententiam

259 3013 499 3082 Paulus·
536 3016 768 3082 dicens
826 3024 1126 3097 oportere
1185 3034 1307 3078 nos
1368 3033 1512 3078 esse
1567 3010 1816 3078 mundo
1860 3020 2177 3091 mortuos,

257 3117 368 3166 non
409 3100 485 3166 de
527 3102 690 3168 solis
733 3100 1083 3165 mundanis
1129 3099 1574 3183 voluptatibus
1617 3118 1695 3165 ac
1736 3097 2003 3180 deliciis,
2062 3097 2177 3164 sed

258 3182 324 3249 de
381 3186 456 3252 iis
519 3185 833 3253 omnibns
894 3205 1062 3268 quae
1125 3184 1438 3251 caducam
1502 3193 1572 3250 et
1636 3183 1938 3268 fragilem
2006 3184 2177 3250 hanc

255 3272 435 3337 vitam
507 3281 814 3357 spectant
870 3270 1176 3355 loquitur.
1264 3269 1380 3337 Sic
1440 3290 1714 3355 magnos
1767 3269 2050 3338 honores
2105 3269 2174 3334 in

253 3354 361 3423 boc
399 3359 658 3425 saeculo
704 3370 1088 3441 assequutus
1131 3365 1198 3422 et
1232 3377 1374 3422 sese
1407 3355 1542 3423 illis
1591 3365 1932 3440 pascentes
1990 3354 2179 3421 Deus

256 3440 534 3526 deprimit
590 3454 665 3511 et
723 3443 963 3527 abiicit,
1023 3464 1106 3508 ne
1147 3443 1219 3507 in
1263 3444 1471 3508 altum
1515 3461 1666 3509 eum
1709 3441 2064 3507 rebellione
2107 3448 2177 3507 et

254 3532 638 3597 contumacia
726 3530 1102 3594 efferantur.
1190 3527 1307 3595 Sic
1391 3528 1650 3612 magnis
1728 3527 1960 3612 opibus
2036 3527 2175 3593 suis

256 3614 587 3697 gloriantes
650 3616 884 3681 iisdem
947 3614 1204 3698 spoliat,
1286 3613 1391 3679 vel
1449 3613 1530 3678 de
1571 3613 1656 3679 iis
1698 3612 2028 3692 diminuit,
2089 3634 2174 3678 ne

254 3698 504 3768 lethales
591 3698 1036 3767 essessoribus
1079 3702 1261 3767 fiant.
1354 3699 1577 3781 Quare
1634 3700 1865 3766 mortis
1908 3699 2175 3765 nomine

253 3789 464 3852 merito
584 3808 724 3852 nna
779 3787 1133 3870 quamlibet
1180 3786 1702 3851 imminutionem
1744 3794 1816 3851 et
1859 3783 2173 3870 quidquid

254 3871 628 3953 pedetentim
689 3871 770 3937 ad
832 3882 1106 3937 mortem
1164 3871 1427 3938 deducit
1470 3871 1939 3954 complectitur,
2005 3873 2177 3936 sicut

254 3968 464 4023 contra
492 3960 676 4026 vitae
713 3960 977 4023 nomine
1011 3956 1366 4041 quemlibet
1400 3957 1653 4024 felicem
1690 3978 1766 4023 ac
1787 3976 2176 4042 prosperum

251 4060 453 4109 rerum
508 4064 903 4121 successum,
963 4064 1039 4110 ac
1082 4043 1395 4127 quidquid
1442 4042 1774 4109 bominem
1820 4041 2017 4108 rebus
2059 4062 2178 4128 op·

251 4129 393 4193 tatis
446 4130 778 4196 fruentem
837 4142 1221 4196 contentum
1268 4131 1523 4195 efficere
1566 4149 1685 4194 sua
1728 4139 1902 4195 sorte
1943 4138 2174 4211 potest.

249 4210 428 4280 Hanc
498 4238 658 4281 vero
721 4216 1114 4281 sententiam
1175 4215 1374 4281 etiam
1432 4214 1513 4280 ad
1572 4216 1744 4298 ipsos
1799 4213 2173 4280 incredulos

249 4298 370 4365 dixi
404 4305 771 4385 pertinere:
818 4301 931 4366 sed
970 4322 1188 4367 rerum
1227 4320 1392 4384 quae
1429 4301 1536 4366 hic
1573 4310 1939 4368 tractantur
1970 4300 2173 4366 series

248 4388 510 4453 ostendit
568 4389 723 4472 plus
767 4389 925 4452 satis
972 4387 1186 4453 Deum
1234 4387 1404 4455 velle
1446 4388 1583 4453 suis
1629 4388 2019 4453 nominatim
2065 4409 2176 4471 ap-

249 4469 472 4553 plicari.
562 4473 745 4556 Quid
809 4472 945 4538 ita?
1006 4494 1243 4556 nempe
1302 4495 1384 4539 ne
1433 4474 1590 4539 elati
1635 4471 1851 4539 Deum
1896 4473 2091 4559 longe
2134 4495 2175 4540 a

247 4567 415 4641 tergo
502 4562 901 4644 relinquant.
989 4559 1160 4624 Nam
1248 4559 1305 4625 si
1390 4581 1475 4625 ex
1563 4560 1766 4624 animi
1844 4560 2175 4625 sententia

247 4653 462 4711 cuncta
519 4646 709 4711 nobis
763 4644 1205 4729 succederent,
1263 4656 1330 4710 et
1373 4645 1594 4710 omnia
1637 4646 1907 4712 consilia
1951 4655 2176 4711 nostra

248 4728 578 4796 adexitum
604 4742 900 4814 optatum
924 4730 1449 4813 perduceremus,
1476 4752 1596 4796 nae
1617 4730 1740 4797 Dei
1765 4733 2173 4797 maiestatem

247 4834 321 4879 ne
374 4816 492 4882 hili
552 4818 838 4902 quidem,
910 4828 982 4881 ut
1035 4818 1127 4881 ita
1185 4817 1415 4895 dicam,
1487 4818 1864 4883 faceremus.
1954 4816 2177 4898 Quare

247 4903 551 4982 optimum
613 4915 713 4970 est
765 4902 955 4968 deiici
1016 4903 1097 4968 ab
1156 4903 1318 4988 ipso,
1390 4913 1466 4969 ut
1523 4902 1830 4988 deinceps
1888 4903 2175 4969 restituti

248 4983 589 5055 beneficam
656 4990 863 5073 ipsius
921 5008 1190 5053 manum
1249 5009 1698 5073 agnoscamus.
1786 4988 1861 5054 Si
1917 5010 2177 5073 semper

246 5069 313 5134 in
347 5073 627 5140 infantia
661 5095 1094 5154 maneremus,
1140 5075 1362 5141 nullae
1397 5074 1582 5141 nobis
1617 5074 1966 5141 incedendi
2001 5076 2176 5141 vires

250 5172 467 5248 essent,
524 5162 640 5226 sed
700 5161 1057 5228 adultiores
1113 5159 1270 5226 facti
1312 5162 1440 5227 Dei
1483 5162 1733 5228 virtute
1777 5182 1898 5227 nos
1939 5163 2172 5228 confir·

248 5255 443 5313 matos
489 5248 924 5332 agnoscimus,
968 5246 1385 5332 eiusdemque
1430 5267 1550 5313 nos
1591 5246 1839 5313 auxilio
1884 5244 2175 5331 quotidie

1648 333 1753 402 IN
1794 333 1849 403 1.
1893 334 2075 405 LIB.
2125 329 2515 404 SALUEL.
2561 334 2762 402 OAP.
2806 334 2864 401 1.

4117 337 4251 410 302

2299 523 2596 591 adiuvari
2641 545 2714 591 re
2754 524 2900 610 ipsa
2942 523 3268 591 docemur.
3355 525 3568 593 Porro
3616 546 3750 592 non
3793 525 3913 594 abs
3953 546 4028 593 re
4071 526 4246 594 vitae

2299 632 2375 676 ac
2418 609 2651 676 mortis
2694 615 2889 677 Anna
2934 612 3264 677 meminit:
3309 633 3462 679 nam
3508 614 3564 679 si
3606 611 3892 697 quadam
3933 633 4019 680 ex
4053 623 4242 697 parte

2298 705 2559 762 tantum
2623 697 3182 776 imminueremur,
3271 717 3406 764 non
3472 711 3645 765 esset
3711 698 3837 765 Dei
3901 718 4062 784 erga
4119 719 4243 770 nos

2297 782 2484 848 favor
2556 802 2632 850 ac
2705 782 3166 849 benevolentia
3220 783 3382 850 adeo
3437 784 3809 868 conspicua.
3897 783 4122 865 Velut,
4183 785 4245 852 si

2297 867 2428 933 levi
2486 867 2717 934 morbo
2773 869 2917 953 quis
2959 870 3231 936 affectus
3273 871 3706 949 convalescat,
3762 870 3974 937 levius
4016 869 4245 955 pluma

2298 955 2691 1021 beneficium
2753 954 2823 1020 id
2888 953 3247 1022 videbitur:
3314 963 3385 1023 at
3439 958 3497 1022 si
3555 975 3704 1022 cum
3764 957 3956 1040 gravi
4012 956 4242 1023 morbo

2297 1040 2706 1119 colluctatus,
2750 1049 2817 1106 et
2849 1039 2982 1106 iam
3027 1040 3308 1107 alterum
3351 1043 3426 1108 in
3470 1043 3686 1109 cimba
3718 1042 3950 1126 pedem
3988 1042 4243 1110 habens

2299 1126 2664 1192 valetudini
2722 1127 3125 1204 restituatur,
3194 1136 3337 1194 tum
3400 1128 3526 1195 nisi
3588 1149 3856 1212 prorsus
3913 1126 4239 1210 hebescat,

2298 1212 2488 1278 fateri
2532 1216 2752 1297 ipsum
2812 1213 3135 1295 oportebit
3189 1235 3261 1279 se
3320 1214 3525 1281 vitam
3581 1234 3624 1279 a
3667 1212 3810 1288 Deo
3853 1215 4054 1297 quasi
4106 1213 4239 1280 iam

2296 1298 2622 1383 perditam
2689 1317 3126 1382 recuperasse.
3214 1297 3663 1381 Quamobrem
3730 1310 3807 1365 ut
3879 1298 3966 1365 ad
4029 1300 4240 1366 vitam

2298 1383 2740 1463 deveniamus,
2800 1396 2953 1449 ante
3003 1384 3223 1451 oculos
3279 1397 3559 1451 mortem
3601 1384 3934 1452 obversari
3976 1405 4243 1454 necesse

2296 1480 2414 1536 est.
2482 1470 2701 1553 Atque
2744 1468 2907 1535 adeo
2952 1489 3156 1552 quum
3201 1469 3394 1537 nobis
3428 1472 3590 1538 baec
3634 1472 3817 1538 Deus
3850 1472 3924 1536 in
3967 1470 4242 1540 ecclesia

2295 1577 2416 1623 sua
2481 1565 2822 1641 proponat,
2891 1557 3085 1640 agite,
3153 1577 3236 1622 ne
3298 1557 3616 1623 miremur
3668 1558 3724 1623 si
3783 1556 4045 1640 quando
4102 1575 4239 1622 non

2295 1651 2553 1707 tantum
2596 1641 3051 1707 imminuimur
3093 1663 3169 1709 ac
3214 1642 3560 1708 deiicimur
3585 1643 3963 1721 aDomino,
4009 1663 4240 1708 verum

2294 1728 2492 1794 etiam
2518 1728 2844 1813 depressis
2879 1728 3244 1795 cervicibus
3276 1729 3486 1795 veluti
3525 1728 3795 1813 pedibus
3830 1728 4062 1795 calcati
4100 1748 4241 1812 pre·

2293 1814 2540 1879 mimur
2592 1833 2760 1897 aque
2802 1835 2839 1879 o
2890 1815 3263 1896 primimur:
3325 1815 3440 1881 sed
3484 1835 3561 1880 eo
3598 1816 3806 1899 magis
3840 1833 4060 1882 coram
4095 1815 4240 1899 ipso

2294 1899 2698 1978 deiiciamur,
2736 1909 2805 1964 et
2840 1835 3302 1966 bumiliemur:
3340 1900 3629 1967 salutare
3651 1900 3838 1967 nobis
3858 1900 4036 1966 enim
4060 1896 4239 1966 istud

2293 1993 2413 2052 est.
2499 1985 2889 2052 Cavendum
2953 1986 3174 2070 itaque
3240 2005 3325 2051 ne
3384 1984 3762 2070 quaestibus
3811 2007 3897 2051 ex
3961 1983 4239 2052 mollitie

2293 2072 2575 2137 nimium
2599 2071 3073 2156 indulgeamus,
3111 2093 3342 2139 causas
3376 2094 3494 2139 cur
3517 2093 3558 2137 a
3579 2073 3722 2138 Dee
3756 2071 3852 2138 sic
3887 2079 4242 2138 tractemur

2292 2177 2425 2223 non
2469 2168 2927 2242 agnoscentes:
2985 2158 3100 2223 sed
3147 2158 3368 2241 potins
3412 2158 3667 2241 quoties
3708 2176 3831 2223 nos
3871 2177 4079 2240 paene
4120 2177 4238 2240 op-

2290 2243 2488 2327 primi
2548 2263 2624 2310 ac
2679 2243 2865 2309 velut
2912 2244 2985 2307 in
3027 2244 3272 2310 inferos
3314 2242 3524 2329 redigi
3567 2243 3942 2328 contigerit,
3999 2241 4239 2310 animis

2290 2328 2534 2396 nostris
2592 2328 2788 2395 huius
2846 2331 3212 2396 sententiae
3262 2330 3494 2396 subeat
3536 2328 3915 2408 recordatio,
3958 2326 4091 2395 Dei
4132 2327 4235 2398 ‘m-

2288 2415 2507 2482 etitiae
2564 2414 2963 2482 conveniens
3021 2436 3163 2481 esse
3219 2437 3340 2482 nos
3396 2415 3479 2482 ad
3538 2427 3820 2481 mortem
3872 2434 4078 2497 usque
4122 2412 4234 2480 de-

2289 2500 2556 2567 ducere:
2618 2520 2818 2584 quum
2880 2500 3266 2583 praesertim
3325 2509 3552 2568 tantus
3608 2501 3700 2567 sit
3740 2501 4072 2568 hnmanae
4116 2519 4235 2565 na·

2286 2595 2476 2652 turae
2519 2596 2752 2670 stupor
2792 2594 2871 2651 ut
2912 2607 3043 2652 non
3086 2588 3215 2653 nisi
3276 2585 3650 2653 durissimis
3697 2585 4238 2671 castigationibus

2286 2681 2353 2736 et
2397 2680 2650 2738 terrore
2694 2671 2926 2737 mortis
2968 2682 3473 2754 commoveatur,
3523 2685 3593 2739 et
3634 2672 3715 2737 ad
3740 2673 3957 2738 Deum
4001 2691 4239 2758 agnos·

2286 2759 2570 2824 cendum
2613 2757 2937 2842 adigatur.
3006 2757 3262 2824 Verum
3302 2759 3646 2825 enimvero
3685 2767 3916 2824 contra
3963 2777 4235 2841 speran-

2285 2843 2445 2909 dum
2488 2844 2692 2909 etiam
2735 2863 2885 2909 eum
2930 2844 3043 2928 qui
3087 2844 3169 2910 ad
3214 2855 3492 2910 mortem
3543 2843 3820 2923 deducit,
3881 2844 4058 2908 vitae
4116 2862 4237 2908 nos

2283 2930 2781 2996 restituturum:
2817 2939 2889 2994 ut
2922 2931 2991 2995 in
3028 2930 3176 3014 ipsa
3198 2939 3406 2996 morte
3440 2931 3644 2997 vitam
3680 2927 4086 2995 confidenter
4119 2948 4233 2992 ex-

2283 3024 2669 3100 spectemus,
2721 3025 2788 3081 et
2827 3015 2899 3080 in
2945 3016 3357 3101 gravissimis
3397 3015 3870 3082 afflictionibus
3928 3014 4229 3080 divinum

2282 3101 2607 3167 auxilium
2652 3121 2735 3166 ne
2779 3100 3216 3187 desperemus.
3284 3101 3514 3185 Neque
3550 3120 3705 3168 vero
3739 3100 3941 3167 solius
3981 3097 4233 3179 mortis,

2282 3187 2398 3253 sed
2420 3189 2616 3253 etiam
2642 3186 2927 3271 sepulcri
2950 3188 3266 3269 meminit,
3290 3188 3418 3254 Dei
3441 3186 3799 3271 potentiam
3823 3194 3891 3252 et
3911 3184 4234 3251 auxilium

2281 3281 2355 3338 ut
2399 3280 2588 3339 tanto
2629 3273 2842 3357 magis
2886 3271 3329 3358 magnifaciat.
3395 3273 3602 3339 Morti
3644 3274 3820 3339 enim
3859 3271 4234 3357 proximum

2278 3358 2564 3442 aliquem
2607 3379 2750 3425 esse
2792 3360 2937 3425 fieri
2979 3366 3214 3444 potest,
3273 3358 3554 3426 necdum
3613 3366 3837 3424 tamen
3881 3355 4097 3424 adhuc
4137 3356 4235 3422 ita

2280 3453 2619 3511 mortuum
2663 3453 2858 3528 atque
2898 3445 2957 3511 si
2998 3446 3070 3510 in
3114 3445 3412 3529 sepulcro
3452 3446 3712 3524 iaceret,
3799 3441 3925 3509 uod
3970 3465 4008 3508 e
4050 3442 4232 3510 vivis

2283 3539 2440 3597 tunc
2485 3530 2782 3597 sublatus
2819 3532 3088 3596 omnino
3124 3531 3311 3608 foret,
3358 3551 3560 3614 quum
3609 3551 3724 3613 sep
3798 3540 3948 3594 tura
4001 3527 4232 3594 mortis

2286 3617 2375 3684 sit
2434 3617 2865 3684 confirmatio.
2973 3616 3205 3700 Itaque
3284 3615 3472 3684 docet
3539 3617 3737 3682 Anna
3799 3613 4020 3681 Deum
4100 3634 4233 3680 non

2279 3711 2540 3768 tantum
2584 3702 2824 3785 punire
2868 3709 2937 3768 ct
2979 3704 3272 3787 affligere
3317 3701 3639 3783 homines,
3695 3701 3811 3768 sed
3834 3703 3931 3767 ita
3953 3700 4234 3766 deiicere

2279 3798 2354 3855 ut
2394 3790 2463 3853 in
2507 3789 2726 3871 ipsum
2771 3808 2978 3872 usque
3023 3787 3395 3873 sepulcrum
3441 3787 3766 3867 demittat,
3824 3786 4014 3872 qnasi
4059 3786 4232 3853 dicat

2280 3876 2423 3941 Deo
2467 3874 2635 3941 ictus
2678 3874 3130 3959 ingeminante
3175 3895 3303 3939 non
3362 3873 3556 3939 modo
3614 3893 3735 3940 nos
3789 3874 4001 3940 instar
4059 3892 4231 3938 mor-

2280 3969 2547 4025 tuorum
2573 3980 2735 4044 esse,
2781 3960 2893 4025 sed
2931 3958 3329 4026 cadaverum
3364 3959 3435 4024 in
3470 3960 3757 4025 cinerem
3781 3979 3858 4024 ae
3887 3958 4230 4042 pulverem
4344 4040 4349 4043 Ι

2278 4046 2712 4113 redactorum.
2802 4045 3022 4130 Magis
3064 4046 3283 4130 itaque
3327 4047 3664 4130 magisque
3707 4045 3832 4111 hoc
3867 4046 4041 4112 dicto
4074 4063 4230 4111 con·

2278 4134 2641 4211 firmamur,
2695 4139 2762 4197 et
2819 4133 2892 4197 in
2937 4152 3118 4215 spem
3164 4131 3502 4216 erigimur,
3561 4140 3635 4196 ut
3676 4129 3833 4198 licet
3877 4150 3997 4196 nos
4042 4128 4229 4195 Deus

2277 4218 2372 4284 ita
2427 4217 2718 4301 flagellet
2775 4226 2850 4283 ut
2893 4237 3102 4301 paene
3146 4216 3528 4284 deficiamus
3573 4226 3640 4282 et
3682 4216 3754 4281 in
3799 4215 4081 4281 nihilum
4125 4234 4229 4279 re-

2279 4303 2601 4388 digamur,
2646 4324 2729 4368 ne
2771 4312 2990 4368 tamen
3032 4304 3323 4368 animum
3370 4302 3910 4386 despondeamus,
3953 4300 4066 4366 sed
4111 4321 4229 4383 pa-

2278 4390 2518 4454 tienter
2559 4389 3058 4455 restitutionem·
3089 4402 3284 4472 atque
3329 4387 3864 4468 vivificationem,
3930 4387 4072 4452 eius
4114 4405 4228 4468 po-

2278 4476 2487 4541 tentia
2545 4475 2715 4552 freti,
2769 4474 3270 4558 praestolemur.
3361 4475 3534 4540 Nam
3596 4476 3710 4558 qni
3769 4472 4082 4538 mundum
4141 4492 4229 4536 ex

2279 4560 2487 4627 nihilo
2528 4560 2799 4639 creavit,
2845 4561 2955 4643 qui
2999 4559 3332 4644 perditum
3378 4561 3683 4637 restituit,
3744 4558 4064 4642 quomodo
4109 4577 4228 4622 nos

2278 4655 2576 4713 mortuos
2632 4665 2766 4711 non
2825 4654 3165 4712 revocaret
3221 4646 3529 4730 vitaeque
3587 4642 3935 4711 redderet?
3995 4641 4227 4725 Neque

2280 4753 2436 4798 vero
2493 4731 2913 4817 cogitandum
2974 4733 3377 4817 sepulturam
3422 4742 3714 4797 nostram
3759 4729 3857 4795 illi
3901 4748 4226 4794 remoram

2278 4820 2486 4884 ullam
2552 4817 2820 4883 iniicere
2882 4837 3092 4901 posse,
3178 4817 3294 4885 sed
3360 4819 3576 4901 potius
3641 4814 3804 4881 illud
3872 4813 4228 4900 propbetas

2279 4904 2611 4970 mentibus
2671 4904 2910 4970 nostris
2968 4904 3165 4971 altius
3220 4901 3665 4987 infigendum,
3741 4898 4029 4966 Iehovae
4091 4899 4228 4964 Do-

2279 4991 2443 5055 mini
2503 5010 2647 5056 esse
2707 5009 3015 5075 egressus
3072 5012 3154 5055 ex
3198 4999 3438 5056 morte:
3485 4987 3722 5072 quibus
3766 4985 3991 5052 verbis
4034 4983 4226 5051 doce·

2281 5098 2430 5142 mur
2492 5097 2613 5141 nos
2680 5075 2835 5142 licet
2900 5076 3230 5142 sexcentis
3293 5072 3612 5140 mortibus
3676 5073 3964 5151 obrutos,
4040 5091 4227 5155 posse

2277 5173 2498 5228 tamen
2543 5161 2753 5245 ipsius
2796 5163 3118 5228 immensa
3163 5168 3515 5244 postestate
3557 5158 3910 5226 vivificari:
3966 5167 4034 5224 et
4078 5157 4229 5223 licet

2277 5267 2638 5333 oppressos,
2704 5247 3066 5314 innumeris
3131 5245 3356 5324 modis,
3424 5264 3588 5329 quos
3654 5244 3838 5314 Deus
3903 5243 4100 5311 habet
4158 5243 4228 5308 in
