5059 6059
338 317 453 386 405

1654 311 1757 377 IN
1799 311 1854 379 I.
1900 312 2082 380 LIB.
2128 310 2538 380 SAMUEL.
2582 310 2783 379 CAP.
2825 311 2956 379 III.

4167 321 4295 388 406

336 505 729 574 autoritatem
789 502 1196 583 conciliaret,
1268 522 1430 585 quos
1489 522 1623 568 non
1694 500 1778 567 ad
1833 507 2090 584 tempus
2137 501 2249 568 sed
2355 522 2506 568 cum
2563 502 2802 569 timore
2860 522 3080 569 coram
3135 502 3280 588 ipso
3323 502 3897 589 ambulaverimus,
3961 515 4039 574 ut
4077 511 4300 577 omnia

333 595 395 658 in
415 603 793 676 perpetuum
832 588 1046 654 audiri
1080 588 1303 655 vellet.
1361 589 1453 653 Et
1486 586 1807 671 quomodo
1840 587 2249 654 discernendi
2354 597 2582 654 nostra
2637 588 2763 671 ipsi
2821 597 3088 673 accepta
3146 590 3492 656 tulerimus
3550 598 3619 657 et
3660 590 3825 658 illud
3869 596 4293 676 tenuerimus,

333 681 374 745 ii
414 697 681 762 quorum
738 674 943 741 semel
984 696 1181 759 opera
1225 674 1411 739 Deus
1453 674 1536 738 ad
1579 683 1796 740 actum
1839 693 2047 738 unum
2092 695 2252 740 usus
2354 674 2541 739 nobis
2582 675 2832 740 nullam
2892 674 3225 755 virtutem,
3278 676 3669 759 sapientiam
3724 687 3836 743 aut
3894 678 4092 746 aliam
4151 702 4299 767 gra-

332 776 438 842 est,
500 762 613 845 qui
675 768 894 827 tamen
954 760 1340 845 prophetiae
1392 758 1565 825 dono
1618 759 1837 826 ornati
1905 779 2034 826 non
2093 769 2252 825 sunt

329 853 390 916 in
432 848 717 922 ecelesia,
759 847 843 914 ab
881 848 964 913 iis
1007 868 1283 930 quorum
1329 856 1719 929 perpetuum
1765 844 1893 910 fuit
1936 845 2005 910 in
2047 845 2249 912 eccle-

329 938 418 1001 sia
455 931 726 1001 docendi
785 954 1067 1014 munus,
1131 941 1201 997 et
1256 952 1538 1015 quorum
1597 932 2016 997 autoritatem
2075 931 2248 1015 apud

324 1041 535 1087 omnes
572 1020 644 1084 iu
686 1040 880 1086 omne
946 1017 1278 1085 saeculum
1343 1019 1704 1082 maximam
1772 1038 1915 1083 esse
1971 1026 2246 1101 oportet.

326 1107 492 1173 'Palis
532 1125 690 1189 ergo
743 1105 850 1172 hio
896 1103 1165 1171 Samuel
1210 1105 1395 1170 nobis
1437 1103 1850 1180 describitur,
1908 1111 1985 1168 ut
2027 1103 2247 1169 Deum

322 1192 687 1259 noverimus
745 1191 1029 1257 voluisse
1073 1190 1512 1256 ministerium
1553 1189 1761 1273 ipsius
1801 1210 1945 1256 esse
1989 1187 2246 1254 diutur-

322 1298 484 1343 num.
536 1278 640 1342 Ex
661 1277 894 1361 quibus
918 1276 1337 1361 perspicuum
1383 1284 1486 1341 est
1520 1275 1723 1341 nullis
1759 1275 2064 1341 homiues
2098 1295 2246 1341 esse

319 1364 639 1449 pmditos
693 1363 1049 1429 virtutibus
1105 1373 1173 1428 et
1227 1361 1414 1427 donis
1471 1361 1555 1427 ad
1598 1359 1906 1428 ecclesiae
1948 1360 2244 1428 aedifica-

320 1453 552 1517 tionem
597 1449 1001 1526 neoessariis,
1044 1449 1205 1532 quin
1248 1447 1518 1513 coelitus
1561 1467 1601 1512 a
1633 1446 1927 1512 Domino
1968 1447 2246 1513 illaban-

315 1551 416 1601 tur
454 1537 526 1600 in
568 1535 739 1615 illos,
785 1545 852 1600 et
892 1533 1155 1618 quidem
1196 1534 1268 1598 in
1312 1533 1609 1612 singulos
1652 1533 1790 1599 dies
1833 1553 2062 1598 eorum
2097 1555 2246 1601 eon-

316 1622 739 1688 firmationem
783 1621 1139 1705 accipiant:
1185 1617 1729 1703 quemadmodum
1770 1619 1902 1683 iam
1948 1628 2101 1684 ante
2134 1618 2244 1684 do-

312 1709 571 1788 cuimus,
622 1706 821 1772 nullis
864 1705 1225 1772 virtutibus
1268 1714 1383 1770 aut
1426 1704 1616 1770 donis
1659 1705 1919 1770 eximiis
1952 1706 2244 1790 insignes

314 1794 469 1859 ullos
502 1792 839 1873 mortales,
896 1794 1057 1876 quin
1099 1811 1178 1858 ea
1219 1791 1365 1856 Deo
1402 1789 1579 1857 ferre
1620 1799 1888 1873 accepta
1932 1789 2239 1858 debeant:

312 1878 472 1962 quod
522 1900 665 1945 non
717 1898 760 1943 a
818 1894 1075 1961 natura,
1143 1877 1257 1943 sed
1315 1876 1797 1959 supernaturali
1842 1876 1973 1942 Dei
2028 1878 2242 1962 gratia

313 1975 714 2050 promanent.
802 1964 987 2030 Idem
1046 1964 1249 2047 igitur
1291 1961 1374 2027 de
1416 1962 2010 2114 d⁰⁰⁰uflr⁰ph⁶⁶i⁸⁶
2054 1962 2242 2029 doce·

313 2072 446 2117 mur
487 2052 617 2116 hoo
661 2050 823 2131 loco,
866 2048 1037 2133 quod
1080 2048 1163 2138 ad
1209 2049 1411 2114 totius
1454 2069 1584 2132 pop
1661 2049 1675 2062 ‘
1723 2048 2004 2115 salutem
2058 2069 2241 2131 speo-

311 2147 413 2203 tat.
496 2136 687 2219 Quin
753 2147 820 2202 et
883 2134 1048 2201 illud
1112 2134 1577 2214 adiiciendum,
1642 2134 1891 2200 clarum
1961 2135 2113 2200 licet
2177 2143 2243 2199 et

312 2222 731 2290 excellentem
797 2243 872 2289 ac
943 2219 1203 2287 fidelem
1269 2221 1747 2304 scripturarum
1792 2220 2242 2304 interpretem,

312 2309 483 2374 nihili
526 2320 756 2375 tamen
814 2328 974 2388 esse,
1035 2316 1100 2372 et
1158 2315 1487 2372 momento
1531 2304 1959 2386 defecturum,
2001 2307 2130 2373 nisi
2174 2306 2242 2372 vi

310 2394 517 2462 divina
564 2401 913 2477 acceptum
973 2392 1220 2457 donum
1275 2392 1747 2475 intelligentiae
1804 2393 1931 2475 ipsi
2004 2392 2242 2458 confir-

311 2489 524 2562 metur,
582 2492 672 2545 ut
722 2479 1009 2564 loquitur
1052 2479 1291 2545 Petrus
1349 2479 1699 2561 apostolus.
1802 2479 2023 2561 Atque
2080 2479 2241 2544 haec

307 2566 549 2649 quidem
606 2564 801 2631 nobis
859 2567 948 2632 ita
1007 2572 1167 2631 sunt
1207 2563 1612 2647 applicanda,
1679 2573 1745 2628 et
1807 2564 1878 2628 in
1938 2572 2238 2630 nostrum

310 2675 479 2718 usum
544 2651 1017 2731 convertenda,
1083 2659 1155 2714 ut
1214 2651 1298 2713 iis
1353 2670 1520 2732 quae
1579 2649 1764 2716 nobis
1823 2670 1864 2714 a
1913 2651 2242 2734 scriptura

308 2752 757 2823 proponuntur
819 2736 1017 2803 fidem
1054 2735 1505 2813 adhibeamus,
1563 2743 1633 2800 et
1688 2736 2106 2801 haereamus:
2166 2736 2239 2800 li-

302 2835 392 2890 cet
429 2826 625 2891 novis
668 2821 946 2889 subinde
991 2820 1353 2905 prophetiis
1397 2829 1468 2885 et
1506 2821 2031 2898 revelationibus,
2078 2841 2238 2904 qua-

303 2910 386 2975 les
440 2911 560 2976 sub
631 2909 776 2994 lege
834 2909 1276 2993 contigerunt,
1337 2927 1468 2972 non
1527 2906 1921 2973 erudiamur.
2008 2906 2239 2990 Neque

305 3017 440 3063 vero
484 2996 714 3062 sentio
758 2995 978 3060 Deum
1024 3013 1167 3060 sese
1210 2992 1403 3058 hodie
1446 3014 1579 3058 nou
1624 2992 1991 3076 patefacere
2033 2995 2239 3074 nobis,

304 3080 403 3146 sed
461 3082 670 3147 aliam
735 3101 878 3147 esse
943 3100 1138 3164 quam
1195 3079 1351 3144 olim
1411 3079 1864 3161 patefactionis
1922 3080 2238 3144 rationem

306 3170 420 3238 aio:
470 3178 537 3234 et
591 3166 848 3234 idcirco
891 3187 931 3231 a
981 3165 1356 3250 pastoribus
1399 3180 1468 3229 et
1522 3164 1827 3231 omnibus
1881 3165 2069 3230 verbi
2110 3165 2237 3231 Dei

308 3254 723 3335 praeconibus
765 3253 889 3319 hoc
930 3252 1191 3336 requiri,
1239 3259 1319 3317 ut
1360 3271 1507 3316 sese
1550 3250 1633 3316 ad
1670 3271 1869 3316 sanae
1903 3249 2239 3317 doctrinae

306 3340 651 3423 puritatem
695 3340 1126 3415 conforment,
1176 3346 1244 3403 et
1282 3337 1356 3402 in
1401 3357 1479 3402 ea
1529 3349 1984 3420 perseverent:
2044 3349 2239 3420 atque

306 3446 341 3489 a
376 3425 511 3492 Deo
552 3425 871 3510 precibus
915 3426 1288 3507 impetrent,
1347 3431 1424 3488 ut
1464 3421 2020 3505 quemadmodum
2063 3423 2239 3505 ipsos

304 3511 375 3576 ad
416 3512 724 3578 veritatis
768 3511 1213 3576 testimonium
1254 3510 1531 3588 vocavit,
1590 3510 1684 3574 ita
1741 3509 1914 3574 vires
1961 3508 2042 3573 ad
2088 3523 2237 3573 tan·

306 3613 429 3662 tum
484 3618 664 3663 onus
740 3596 1011 3663 idoneas
1084 3594 1372 3679 quotidie
1449 3595 1767 3672 sufficiat,
1834 3603 1902 3660 et
1963 3594 2035 3659 in
2101 3593 2238 3660 dies

304 3683 480 3749 etiam
538 3691 806 3766 augeat.
893 3682 1064 3747 Nam
1119 3681 1404 3765 alioquin
1458 3680 1825 3764 periculum
1878 3689 1996 3758 est,
2053 3701 2136 3744 ue
2179 3681 2236 3747 si

303 3770 424 3836 suis
456 3769 679 3835 fidant
719 3769 989 3848 viribus,
1048 3768 1154 3833 vel
1202 3788 1243 3832 a
1284 3767 1702 3832 stolidissime
1759 3775 1821 3831 et
1880 3766 2237 3849 imperitis·

305 3855 454 3920 simo
491 3855 789 3940 quolibet
829 3855 902 3919 in
946 3873 1056 3919 eas
1098 3853 1439 3937 angustias
1485 3850 1887 3935 redigantur,
1933 3862 2009 3916 ut
2042 3851 2236 3935 plane

304 3941 745 4008 obmutescant
801 3949 867 4004 et
919 3938 1399 4021 obstupescant,
1454 3938 1585 4004 nisi
1645 3937 1872 4002 divina
1930 3939 1995 4001 vi
2040 3939 2235 4003 susti·

304 4037 569 4092 neantur
635 4039 706 4092 et
768 4027 1259 4092 confirmentur.
1370 4023 1812 4106 Quamobrem
1878 4022 1960 4088 ad
2016 4024 2235 4089 Deum

301 4113 474 4178 consu
525 4113 817 4191 'endum,
864 4120 941 4176 ut
993 4111 1207 4177 omnis
1260 4110 1415 4175 boni
1458 4122 1754 4176 autorem
1798 4110 2098 4189 sciamus,
2158 4118 2237 4175 ut

300 4199 426 4264 suis
508 4203 655 4265 ouis
700 4198 1062 4264 cumulatos
1105 4216 1192 4261 ne
1236 4194 1512 4276 deserat,
1568 4194 1681 4261 sed
1728 4193 1955 4261 eadem
1999 4195 2071 4259 in
2115 4216 2230 4261 no-

301 4283 390 4348 bis
438 4287 786 4350 confirmet
848 4293 915 4348 et
970 4282 1312 4366 adaugeat.
1401 4282 1542 4347 Vos
1585 4302 1762 4359 vero,
1828 4281 2081 4361 fratres,
2146 4303 2233 4348 ne

299 4368 446 4437 baec
487 4383 830 4453 pastorum
878 4371 970 4433 ita
1014 4370 1278 4452 propria
1320 4368 1709 4443 existimate,
1770 4366 1925 4449 quin
1970 4366 2053 4432 ad
2097 4388 2233 4432 om·

306 4476 412 4522 nes
453 4459 655 4523 etiam
705 4456 1150 4537 cuiuscunque
1194 4452 1457 4519 tandem
1501 4453 1638 4518 sint
1682 4453 2074 4518 conditionis
2115 4453 2232 4520 illa

297 4543 617 4622 pertinere
702 4541 1109 4624 intelligatis.
1230 4540 1401 4606 Nam
1482 4559 1943 4622 quamcunque
2020 4549 2227 4605 artem

298 4628 580 4708 profiteri
626 4627 773 4711 quis
813 4628 1131 4707 instituat,
1178 4647 1436 4709 semper
1478 4624 1560 4690 ad
1606 4624 1820 4689 Deum
1866 4624 1965 4688 illi
2010 4646 2228 4691 recur-

300 4712 567 4779 rendum
625 4733 771 4779 esse
824 4721 1077 4780 certum
1134 4721 1253 4790 est,
1309 4710 1479 4795 quod
1536 4708 1620 4775 ad
1677 4731 1822 4776 eam
1865 4731 1997 4775 non
2042 4711 2231 4776 aliter

298 4797 563 4865 idoneus
619 4820 763 4865 esse
810 4799 1020 4883 possit
1076 4819 1269 4882 quam
1316 4799 1457 4863 eius
1500 4796 1695 4862 unius
1740 4795 1983 4862 auxilio
2027 4805 2096 4862 et
2133 4796 2230 4861 fa·

302 4905 464 4964 vore,
506 4905 548 4949 a
592 4906 737 4968 quo,
785 4893 856 4951 ut
902 4884 1067 4949 bene
1102 4891 1323 4950 monet
1358 4883 1710 4967 apostolus,
1757 4883 1970 4947 omnis
2005 4891 2231 4949 nostra

300 4971 683 5036 sufficientia
746 4980 866 5038 est.
977 4970 1200 5051 Quare
1256 4991 1375 5036 nos
1432 4978 1620 5054 regat
1674 4976 1951 5052 oportet,
2018 4977 2086 5033 et
2146 4968 2228 5033 ad

299 5057 575 5135 priorem
621 5057 901 5142 gratiam
943 5077 1186 5123 novam
1227 5055 1506 5122 subinde
1550 5052 1768 5130 addat,
1826 5061 2021 5137 atque
2071 5053 2230 5120 adeo

298 5161 416 5206 nos
453 5162 659 5207 manu
700 5144 993 5224 deducat,
1023 5164 1100 5208 ac
1141 5162 1215 5207 re
1250 5143 1394 5225 ipsa
1434 5162 1618 5208 suam
1664 5139 1840 5224 apud
1882 5161 2002 5205 nos
2043 5161 2229 5224 prae-

300 5227 570 5293 sentiam
627 5235 922 5296 testetur.
1009 5227 1315 5312 Denique
1370 5228 1542 5296 beati
1602 5227 1867 5306 erimus,
1935 5227 1990 5292 si
2046 5235 2228 5293 tanto

2352 761 2514 826 tiam
2558 760 2937 844 contingere
2980 781 3183 844 posse,
3237 761 3366 828 nisi
3411 761 3684 828 coelitus
3740 763 3893 830 data
3947 766 4164 843 fuerit,
4220 777 4298 834 ut

2351 847 2639 928 loquitur
2691 846 2831 928 ipse
2888 846 3246 912 Dominus:
3312 869 3396 913 ex
3461 848 3693 931 quibus
3758 849 4029 933 proinde
4090 853 4295 920 etiam

2352 933 2772 1015 conspicuum
2817 942 2935 1015 est,
2977 932 3226 998 nemini
3262 933 3457 1000 licere
3492 932 3614 1000 sibi
3650 935 4065 1016 praedicandi
4109 940 4295 1006 verbi

2352 1017 2560 1083 divini
2640 1018 3062 1084 autoritatem
3135 1039 3475 1103 arrogare,
3554 1019 3683 1084 nisi
3763 1022 4008 1089 missus
4071 1024 4290 1091 fuerit.

2351 1102 2511 1169 Ideo
2555 1103 2806 1170 Paulus
2850 1103 2931 1169 de
2975 1104 3200 1169 multis
3244 1106 3544 1188 queritur
3587 1107 4006 1191 evangelium
4042 1111 4294 1193 praedi-

2348 1189 2671 1269 cantibus,
2727 1191 2838 1271 qui
2894 1190 3236 1257 vocatione
3292 1191 3634 1258 carebant:
3694 1211 3771 1256 ac
3829 1193 4100 1276 proinde
4157 1218 4292 1263 non

2347 1295 2426 1341 ea
2469 1275 2910 1360 simplicitate,
2955 1296 3082 1360 qua
3123 1274 3292 1343 fidos
3312 1276 3440 1342 Dei
3482 1279 3820 1345 ministros
3860 1300 3983 1363 par
4025 1289 4144 1358 est,
4187 1283 4292 1347 in-

2347 1360 2697 1428 cedebant:
2754 1362 3068 1444 docetque
3111 1362 3412 1429 homines
3454 1385 3575 1430 sua
3607 1372 3850 1430 natura
3892 1365 3972 1431 ad
4019 1367 4289 1434 menda·

2347 1448 2518 1512 cium
2565 1456 2632 1514 et
2674 1449 3035 1514 vanitatem
3079 1447 3418 1531 proclives,
3461 1449 3588 1515 nisi
3611 1449 3797 1515 Deus
3830 1451 3974 1535 ipsc
4017 1473 4287 1519 manum

2346 1532 2666 1600 medicam
2726 1534 3091 1600 admoveat.
3204 1532 3425 1615 Quare
3490 1534 3939 1603 laborantibus
4004 1541 4290 1606 ecclesiis

2344 1619 2568 1703 iuopia
2609 1630 2941 1703 pastorum
2979 1620 3061 1685 ad
3106 1619 3327 1685 Deum
3369 1621 3585 1703 ipsum
3631 1623 4099 1689 recurrendum
4145 1645 4288 1692 esse

2342 1706 2645 1783 sciamus,
2690 1705 3049 1771 Dominum
3090 1726 3248 1771 suae
3289 1706 3541 1788 messis,
3584 1715 3651 1772 et
3695 1708 3962 1776 idoneos
4005 1710 4085 1776 ad
4122 1711 4286 1778 illud

2344 1811 2507 1874 opus
2550 1792 2885 1857 ministros
2927 1792 3389 1858 suffecturum:
3451 1814 3528 1859 ac
3560 1813 3766 1861 novas
3798 1793 4075 1864 subinde
4109 1797 4286 1866 vires

2342 1878 2554 1945 officio
2597 1877 3017 1962 fungentibus
3059 1876 3647 1961 suppeditaturum.

2524 1962 2887 2046 Sequentia
2973 1962 3254 2046 denique
3334 1964 3536 2030 verba
3616 1973 3775 2031 sunt
3852 1968 4298 2052 expendenda

2344 2049 2585 2132 quibus
2643 2050 2885 2115 dicitur
2925 2049 3249 2115 Dominus
3288 2048 3574 2116 Samueli
3629 2052 3702 2116 in
3756 2051 3894 2118 Silo
3961 2056 4291 2137 revelatus,

2343 2137 2534 2201 iuxta
2579 2136 2851 2202 verbum
2897 2135 3191 2201 Domini.
3281 2134 3471 2217 Quae
3524 2135 3830 2221 loquendi
3872 2139 4134 2222 phrasis
4176 2162 4293 2207 au-

2343 2222 2524 2286 ribus
2569 2222 2811 2288 nostris
2851 2230 2950 2287 est
2993 2220 3320 2288 insolens:
3399 2221 3516 2288 sed
3573 2244 3703 2305 qua
3750 2228 4123 2307 expressius
4181 2227 4294 2293 de·

2344 2306 2652 2373 scribitur
2696 2306 3027 2373 Samuelis
3070 2308 3343 2385 vocatio,
3388 2308 3628 2392 quippe
3669 2309 3780 2393 qui
3823 2311 3992 2376 nihil
4036 2314 4164 2379 nisi
4207 2335 4294 2380 ex

2344 2390 2568 2458 divina
2662 2393 3064 2459 revelatione
3157 2392 3403 2460 feeerit.
3526 2394 3639 2459 En
3730 2397 3935 2479 igitur
4021 2399 4289 2481 quinam

2349 2477 2641 2545 Samueli
2684 2478 3010 2545 Dominus
3069 2479 3423 2562 revelatus,
3478 2499 3720 2563 nempe
3776 2482 3962 2548 iuxta
4009 2485 4295 2552 verbum:

2343 2585 2471 2647 quo
2516 2564 2825 2632 docemur
2865 2563 3408 2647 acquiescendum
3451 2564 3579 2631 Dei
3647 2566 3865 2647 verbo,
3932 2569 4105 2652 quod
4169 2592 4290 2654 per

2343 2650 2507 2715 illud
2554 2650 2637 2716 ad
2679 2671 2752 2717 se
2792 2669 2914 2715 nos
2972 2659 3159 2717 vocet
3202 2649 3550 2729 Dominus,
3616 2652 3789 2735 quod
3846 2654 4050 2737 ipsius
4105 2677 4289 2739 prae·
4370 2693 4374 2697 >

2344 2737 2595 2802 sentiae
2658 2737 2816 2802 satis
2871 2734 3193 2802 familiare
3248 2744 3350 2802 est
3406 2737 3873 2805 testimonium.
3966 2741 4287 2825 Equidem

2344 2821 2560 2888 libens
2619 2841 2901 2907 agnosco
2957 2829 3118 2889 tunc
3184 2822 3498 2904 temporis
3563 2821 3821 2889 additas
3878 2825 3961 2890 ad
4007 2827 4285 2893 verbum

2342 2908 2652 2986 visiones,
2699 2907 2812 2974 sed
2858 2927 3025 2990 quae
3068 2915 3324 2971 tantum
3369 2906 3556 2973 velut
3598 2908 3959 2975 accidentia
3999 2912 4281 2992 fuerunt,

2342 3014 2621 3077 quorum
2717 2994 2858 3077 ipsa
2948 2991 3322 3058 substantia
3409 2992 3686 3058 verbum
3767 3002 3909 3059 erat
3985 2995 4278 3064 Domini.

2343 3080 2597 3161 Quare,
2677 3100 2881 3162 quum
2958 3078 3152 3144 hodie
3228 3096 3362 3143 non
3441 3077 3711 3161 vigeant
3789 3080 4106 3147 eiusmodi
4185 3088 4281 3149 vi-

2343 3170 2580 3243 siones,
2626 3163 3181 3248 quemadmodum
3223 3164 3346 3229 sub
3391 3163 3535 3248 lege
3592 3163 3782 3243 olim,
3851 3176 4071 3234 tamen
4108 3170 4278 3236 nihil

2342 3250 2565 3318 deesse
2644 3249 2832 3315 nobis
2908 3271 3129 3315 eorum
3196 3269 3365 3333 quae
3428 3247 3510 3313 ad
3575 3249 3855 3316 salutem
3911 3257 4280 3324 necessaria

2341 3346 2514 3415 sunt,
2579 3334 2936 3402 tenendum
2995 3342 3112 3400 est.
3201 3335 3436 3418 Itaque
3493 3336 3746 3417 quoties
3803 3357 3967 3420 pure
4010 3347 4079 3404 et
4120 3362 4279 3409 sane

2340 3425 2612 3490 verbum
2659 3422 2925 3487 Domini
2984 3419 3171 3488 nobis
3226 3420 3680 3499 annunciatur,
3739 3443 3893 3487 vere
3934 3445 4277 3507 possumus

2340 3510 2420 3575 de
2442 3509 2649 3593 ipsius
2683 3507 3054 3592 praesentia
3090 3506 3340 3585 laetari,
3380 3514 3800 3590 nostramque
3835 3509 4278 3581 conditionem

2338 3613 2472 3661 non
2516 3615 2659 3662 esse
2702 3594 3084 3660 deteriorem
3145 3610 3340 3676 quam
3407 3599 3700 3656 veterum
3757 3613 4137 3678 agnoscere:
4202 3621 4278 3670 ac

2337 3680 2630 3764 proinde,
2665 3681 2818 3744 licet
2850 3700 2982 3745 non
3005 3699 3078 3743 se
3110 3675 3417 3761 praebeat
3452 3677 3775 3743 visibilem
3813 3683 4101 3749 externis
4136 3708 4279 3753 sen-

2338 3768 2539 3845 sibus,
2600 3763 3141 3850 quemadmodum
3208 3763 3359 3828 olim
3420 3762 3591 3841 fecit,
3652 3786 3783 3829 non
3840 3765 3988 3833 ideo
4052 3779 4274 3839 tamen

2340 3853 2564 3938 procul
2610 3873 2650 3918 a
2693 3851 2880 3918 nobis
2923 3850 3145 3915 abesse
3189 3847 3584 3927 noverimus,
3651 3851 3763 3915 sed
3823 3859 4275 3937 praesentissi-

2338 3960 2541 4017 mum,
2601 3938 2792 4004 sicuti
2849 3936 3047 4002 verbo
3102 3954 3219 4000 suo
3262 3942 3571 3999 testatum
3615 3934 3789 4006 facit.
3878 3940 4075 4007 Tanti
4119 3965 4276 4030 ergo

2335 4025 2654 4092 faciamus
2700 4022 3062 4088 doctrinam
3104 4019 3312 4104 ipsius
3363 4021 3629 4085 nomine
3683 4023 4138 4107 praedicatam,
4199 4039 4274 4096 ut

2334 4114 2406 4177 in
2453 4130 2530 4177 ea
2589 4119 2901 4192 tanquam
2958 4107 3029 4172 in
3089 4105 3353 4188 speculo
3408 4107 3639 4171 faciem
3691 4109 3832 4175 eius
3876 4114 4272 4197 contemple-

2335 4218 2504 4262 mur.
2596 4195 2813 4275 Quam
2860 4193 3090 4257 faciem
3136 4191 3192 4257 si
3237 4204 3494 4257 veteres
3536 4192 3757 4259 intuiti
3803 4196 4001 4263 fuisse
4046 4198 4269 4265 dicun-

2333 4291 2461 4361 tur,
2507 4283 2702 4366 longe
2744 4279 2956 4363 magis
2999 4277 3175 4343 istud
3211 4277 3628 4361 evangelicae
3672 4280 4004 4348 doctrinae
4040 4306 4273 4351 conve-

2332 4369 2450 4445 nit,
2518 4369 2590 4432 in
2647 4385 2793 4449 qua,
2857 4372 2934 4429 ut
2991 4362 3178 4430 docet
3232 4363 3515 4445 Paulus,
3575 4386 3695 4430 nos
3750 4387 3976 4432 omnes
4024 4377 4274 4440 retecta

2332 4455 2496 4519 facio
2541 4454 2818 4537 gloriam
2862 4449 3130 4515 Domini
3173 4453 3252 4513 ut
3293 4450 3362 4514 in
3410 4451 3673 4533 speculo
3716 4453 4066 4521 intuemur.
4133 4457 4266 4524 Ne·

2332 4561 2460 4623 que
2537 4559 2694 4605 vero
2772 4536 3073 4603 omnibus
3139 4536 3261 4601 fuit
3324 4542 3503 4615 tunc,
3569 4546 3645 4601 ut
3706 4558 3824 4603 nec
3889 4549 3989 4604 est
4053 4541 4266 4626 hodie,

2335 4625 2552 4710 gratia
2618 4624 2780 4689 haec
2847 4621 3229 4698 communis,
3297 4621 3365 4686 in
3433 4622 3641 4705 signis
3703 4622 3837 4687 illis
3902 4625 4266 4696 visibilibus

2333 4712 2692 4778 Dominum
2736 4709 3010 4773 intueri:
3070 4727 3154 4771 ne
3197 4707 3328 4773 illis
3370 4706 3664 4790 plerique
3706 4708 3979 4773 nimium
4025 4711 4270 4780 adhae-

2332 4807 2551 4863 rentes
2593 4792 3159 4879 superstitionibus
3203 4814 3280 4859 ac
3322 4794 3515 4858 rebus
3559 4793 3700 4857 istis
3742 4793 4002 4861 caducis
4046 4798 4264 4882 impli-

2330 4894 2659 4962 carentur,
2691 4890 2769 4946 ut
2790 4889 2890 4946 est
2912 4880 3255 4945 hominum
3281 4878 3618 4961 ingenium
3643 4878 3723 4943 ad
3745 4880 4263 4965 ἐθελοθρησκείας

2329 4968 2635 5052 proclive.
2679 4966 3093 5049 Quapropter
3114 4964 3331 5030 Deum
3375 4964 3616 5028 intueri
3661 4984 3779 5028 nos
3821 4979 4075 5049 oportet
4120 4993 4262 5040 sese

2330 5056 2516 5121 nobis
2573 5054 2644 5118 in
2705 5053 2902 5119 verbo
2949 5073 3068 5117 suo
3110 5063 3176 5115 et
3217 5049 3382 5132 legis
3425 5049 3828 5132 expositione
3871 5055 4263 5134 patefacien-

2329 5149 2481 5207 tem.
2570 5139 2873 5222 Denique
2915 5139 3195 5203 sciamus
3239 5134 3456 5199 Deum
3501 5155 3641 5200 sese
3694 5134 3882 5202 nobis
3936 5152 4263 5223 quatenus

2329 5226 2598 5311 expedit
2639 5225 3034 5309 patefacere:
3082 5221 3440 5304 faciemque
3483 5241 3669 5288 suam
3712 5222 3782 5286 in
3829 5225 4031 5292 verbo
4071 5251 4266 5297 reve-

3750 5324 3852 5380 26*
