5059 6059
309 294 419 361 169

304 484 677 570 superiorem
733 481 1009 565 gradum
1072 480 1136 546 di
1233 481 1411 547 itatis
1473 479 1716 548 evexit.
1808 484 1914 550 Ex
1978 485 2211 566 quibus

300 569 592 651 exemplis
616 568 831 633 lacobi
867 578 934 632 et
955 567 1145 651 Iosep
1197 569 1219 632 i
1262 580 1548 650 apparet,
1595 569 1811 634 Deum
1859 570 2210 654 eligentem

300 659 548 741 aliquos,
593 674 720 718 non
765 654 1051 738 pendere
1094 656 1174 718 ab
1219 653 1375 719 ullis
1432 656 1645 719 causis
1690 655 2016 736 humanis,
2063 657 2212 720 nul-

297 744 540 825 lamque
564 759 771 822 neque
795 758 1237 822 personarum,
1276 760 1487 823 neque
1521 740 1960 820 consiliorum,
2000 763 2212 826 neque

297 828 476 895 ullius
519 828 609 890 rei
669 845 838 907 quae
891 826 973 890 ab
1038 825 1412 891 hominihus
1470 827 1915 909 proficiscatur
1971 827 2211 893 habere

293 914 631 980 rationem:
687 908 802 977 sed
855 911 926 975 in
982 930 1053 975 se
1111 931 1245 976 uno
1297 931 1566 977 causam
1623 913 1929 996 reperire.
2019 912 2210 993 Quod

294 1000 405 1066 etsi
450 998 635 1063 nobis
691 1016 930 1061 novum
992 1009 1058 1061 et
1116 996 1403 1061 insolens
1461 999 1784 1074 videatur,
1838 999 1932 1065 sic
1992 1008 2210 1064 tamen

292 1086 462 1151 illum
500 1083 754 1165 operari
791 1102 1049 1148 necesse
1083 1094 1204 1158 est,
1243 1091 1320 1147 ιιι
1355 1084 1568 1147 omnis
1602 1083 1926 1168 gloriandi
1963 1086 2211 1150 occasio

289 1170 467 1237 nobis
530 1168 879 1233 adimatur.
990 1166 1159 1248 Quis
1235 1171 1411 1233 enim
1488 1170 2044 1254 primogeniturae
2109 1172 2212 1235 ius

289 1259 450 1323 inter
494 1254 794 1318 homines
837 1254 1141 1330 instituit,
1188 1254 1360 1336 quod
1407 1255 1545 1336 ipse
1578 1253 1766 1320 Deus
1810 1255 2213 1339 approbavit,

285 1343 406 1408 nisi
428 1341 555 1405 Dei
590 1339 823 1421 spiritu
860 1339 1066 1404 afflati
1102 1338 1421 1415 homiues,
1468 1340 1701 1424 quibus
1744 1342 2212 1426 primogenitos

286 1448 510 1494 ornare
553 1425 678 1490 hac
720 1426 1176 1509 praerogativa
1216 1425 1429 1490 visum
1475 1437 1594 1505 est,
1653 1432 1728 1490 ut
1760 1427 1900 1492 sint
1934 1426 2213 1511 reliquo-

282 1533 426 1579 rum
468 1511 718 1576 domini
765 1519 838 1575 et
874 1509 1114 1592 caput?
1204 1510 1295 1575 Et
1350 1532 1608 1594 semper
1651 1512 2064 1578 observatum
2112 1514 2213 1579 ius

282 1598 451 1666 istud
499 1599 572 1662 in
614 1595 745 1661 Dei
789 1596 1047 1681 populo,
1092 1596 1443 1679 divinaque
1509 1598 1653 1682 lege
1697 1598 2212 1682 comprobatum.

281 1680 825 1768 Quandoquidem
873 1683 1076 1766 igitur
1119 1680 1303 1746 Deus
1362 1693 1636 1748 naturae
1685 1683 1978 1749 ordinem
2024 1686 2212 1750 insti·

277 1770 418 1851 tuit,
464 1788 672 1853 quare
713 1767 992 1832 eundem
1039 1767 1330 1843 invertit,
1391 1788 1609 1833 annon
1671 1788 1749 1834 eo
1807 1769 2212 1836 delectatur?

275 1857 553 1923 Minime
616 1854 911 1937 gentium
971 1855 1227 1931 evertit,
1288 1853 1401 1918 sed
1461 1856 1767 1937 quoniam
1813 1857 1950 1921 fere
1993 1865 2215 1940 turge-

274 1963 418 2007 mus
461 1937 778 2023 superbia
819 1952 886 2002 et
928 1941 1321 2023 arrogantia,
1367 1950 1435 2004 et
1474 1940 1658 2005 uobis
1695 1940 1995 2006 videmur
2032 1941 2214 2025 digni

275 2047 434 2111 quos
501 2028 685 2090 Deus
744 2045 963 2089 amore
1022 2045 1138 2089 suo
1209 2035 1476 2107 propter
1540 2027 1869 2110 ingenitas
1934 2029 2217 2093 virtutes

269 2111 769 2196 complectatur,
829 2130 1093 2176 necesse
1136 2121 1237 2176 est
1280 2111 1498 2191 ipsum
1543 2111 2063 2178 extraordinaria
2109 2115 2219 2178 via

269 2197 602 2284 progredi,
673 2205 743 2260 ut
807 2216 884 2259 eo
949 2194 1286 2260 ardentius
1350 2195 1431 2261 ad
1499 2197 1710 2281 ipsum
1781 2198 2215 2264 invocandum

266 2302 822 2358 commoveamur,
868 2294 935 2345 et
977 2281 1260 2347 sciamus
1298 2282 1464 2347 bona
1493 2283 1861 2366 spiritualia
1896 2285 1976 2350 ab
2012 2285 2218 2368 ipsius

266 2391 448 2436 mera
508 2371 729 2454 gratia
784 2366 923 2432 sola
978 2385 1387 2451 promanare,
1448 2389 1521 2433 ac
1575 2368 1853 2452 proinde
1911 2370 2031 2435 soli
2090 2372 2218 2454 ipsi

387 2459 517 2520 tias
566 2474 863 2538 agamus,
929 2452 1247 2535 siquidem
1310 2453 1476 2517 nihil
1535 2475 1575 2519 a
1632 2454 1819 2520 nobis
1862 2456 2021 2538 ipsis
2066 2476 2215 2539 pro-

263 2478 510 2608 εἶιιιιιι
590 2551 705 2606 est.
810 2536 994 2618 Quin
1057 2539 1189 2602 imo
1257 2539 1557 2604 videmus
1624 2541 1975 2623 Iosephnm
2042 2543 2215 2607 arbi-

261 2639 559 2693 trantem
604 2625 1042 2707 incogitanter
1062 2623 1375 2689 Iacobum
1410 2625 1692 2691 filiorum
1740 2647 2005 2691 suorum
2051 2626 2216 2692 alte·

257 2736 405 2779 rum
456 2712 660 2778 alteri
706 2730 1124 2795 praeponere,
1186 2712 1406 2774 conari
1450 2730 1720 2776 manum
1776 2714 1980 2794 patris
2025 2733 2214 2778 aver-

259 2813 418 2881 tere,
464 2818 558 2864 ne
600 2798 913 2862 minorem
951 2797 1178 2860 maiori
1217 2795 1567 2878 praeferat:
1605 2798 2008 2863 caecutiebat
2037 2800 2211 2864 enim

256 2885 549 2952 Iacobus
603 2881 826 2948 morbo
871 2881 1245 2959 senectutis,
1302 2882 1480 2948 unde
1537 2885 1715 2948 nasci
1777 2903 2062 2949 errorem
2110 2905 2215 2949 ar-

256 2971 648 3037 bitrabatur
689 2967 948 3051 Ioseph.
1016 2966 1265 3032 Verum
1309 2970 1426 3031 etsi
1475 2967 1690 3034 Iacobi
1736 2970 1901 3034 oculi
1950 2970 2218 3036 hebetes

251 3070 486 3124 essent-
519 3056 729 3131 senio,
777 3067 848 3118 ut
884 3054 1192 3134 adspectu
1240 3073 1370 3117 non
1414 3052 1821 3119 discerneret
1863 3066 2012 3120 uter
2055 3066 2214 3121 natu

251 3146 472 3209 maior
522 3154 723 3219 esset,
766 3149 986 3204 tamen
1021 3138 1316 3204 consulto
1351 3159 1584 3204 manus
1619 3161 1771 3206 suas
1807 3149 2219 3207 transversas

251 3232 482 3315 posuit
501 3279 518 3307 ,
611 3238 687 3292 ut
763 3223 1059 3289 dextram
1141 3245 1325 3289 suam
1407 3236 1677 3309 poneret
1753 3248 1951 3311 super
2025 3236 2223 3311 caput

249 3316 625 3399 Ephraim,
688 3313 798 3395 qui
855 3311 1075 3374 minor
1131 3320 1291 3375 natu
1349 3324 1509 3386 erat,
1566 3322 1634 3376 et
1685 3311 2041 3396 Iosephnm
2108 3314 2219 3396 qui

251 3402 641 3467 transferre
686 3416 953 3463 manum
1021 3397 1228 3478 patris
1281 3396 1663 3480 conabatur,
1709 3399 1803 3462 sic
1846 3397 2219 3481 alloquutus

248 3499 380 3554 est:
449 3487 739 3551 Crescat
793 3481 1053 3565 quidem
1099 3482 1405 3547 Manasse
1464 3484 1937 3570 primogenitus
1978 3486 2049 3549 in
2096 3505 2216 3568 po·

243 3573 535 3658 pulum:
587 3577 1039 3635 verumtamen
1085 3568 1286 3633 frater
1329 3569 1467 3633 eius
1509 3569 1726 3634 minor
1769 3580 1932 3635 natu
1969 3579 2219 3636 crescet

240 3660 474 3746 magis
552 3674 754 3740 quam
818 3655 958 3738 ipse
977 3702 993 3732 ‚
1060 3668 1127 3718 et
1189 3674 1411 3718 semen
1480 3655 1620 3720 eius
1686 3656 1809 3720 erit
1874 3656 2217 3738 plenitudo

286 3748 597 3811 entium.
657 3739 827 3821 Quis
871 3759 1029 3803 vero
1074 3739 1199 3803 nisi
1237 3739 1419 3805 Deus
1455 3739 1691 3807 Iacobo
1735 3740 1800 3804 id
1845 3742 2214 3808 revelavit?

235 3766 722 3913 zuamobrem
770 3827 923 3890 hinc
980 3834 1253 3908 apparet
1304 3846 1414 3891 eos
1455 3827 1567 3909 qui
1612 3826 1692 3891 ad
1738 3847 2021 3893 summos
2064 3849 2216 3912 gra-

235 3916 370 3983 dus
419 3913 758 3998 aspirant,
805 3925 869 3976 et
915 3911 1089 3975 viam
1132 3909 1213 3974 ad
1259 3930 1368 3976 eos
1413 3909 1664 3976 facilem
1712 3912 1837 3977 sibi
1882 3934 2023 3979 esse
2068 3935 2215 3998 per-

231 4003 591 4077 suadent,
673 3999 871 4081 longe
937 3996 1242 4080 opinione
1304 3996 1478 4072 falli,
1546 4007 1613 4062 et
1675 3999 1743 4063 in
1812 4001 2213 4064 contrarium

229 4090 455 4154 abire.
581 4083 807 4165 Quare
873 4103 991 4147 nos
1056 4101 1207 4147 cum
1272 4102 1532 4147 summa
1596 4083 1968 4148 humilitate
2032 4083 2216 4152 decet

236 4175 251 4188 “
347 4175 463 4240 'us
541 4169 789 4236 iudicia
854 4169 1154 4232 venerari
1221 4177 1290 4233 et
1350 4167 1648 4246 adorare,
1729 4179 1797 4234 et
1860 4190 2216 4271 agnoscere

301 4282 478 4326 eum
533 4257 755 4323 solum
813 4274 931 4319 nos
973 4274 1012 4317 e
1056 4254 1192 4317 luto
1251 4263 1320 4317 et-
1374 4254 1578 4318 veluti
1639 4255 2065 4339 sterquihnio‚
2131 4256 2214 4321 ad

227 4365 574 4412 summos
620 4342 900 4407 honores
943 4337 1251 4404 evehere:
1321 4350 1703 4423 nostrasque
1762 4342 1941 4406 vires
1998 4342 2215 4407 nullas

222 4454 406 4508 esse,
463 4446 734 4511 nosque
777 4425 943 4490 nihil
990 4445 1176 4507 posse
1216 4425 1343 4490 nisi
1389 4424 1471 4490 ab
1515 4426 1658 4508 ipso
1693 4427 2102 4512 recipiamus,
2140 4438 2213 4493 ut

268 4533 705 4596 unocunque
747 4512 921 4576 dona
965 4510 1278 4576 habemus
1324 4510 1418 4575 illi
1462 4511 1585 4576 soli
1631 4522 1704 4576 ut
1746 4513 1913 4578 fonti
1950 4522 2216 4597 accepta

215 4538 589 4669 ammas.

415 4687 672 4768 Atque
730 4683 902 4748 hanc
973 4681 1321 4746 utilitatem
1390 4701 1472 4746 ex
1541 4684 1653 4749 illa
1712 4683 1992 4750 Davidis
2055 4706 2206 4750 con·

217 4775 488 4858 tempti
565 4784 630 4837 et
688 4769 922 4835 abiecti
978 4768 1291 4833 electione
1348 4767 1729 4834 referamus.
1816 4768 2007 4850 Quod
2055 4790 2212 4835 vero

218 4859 308 4925 de
378 4856 631 4926 cordis
690 4856 896 4939 ipsius
950 4853 1327 4936 integritate
1384 4855 1684 4929 refertur,
1746 4857 2027 4920 sciamus
2081 4855 2211 4920 tale

211 4945 449 5013 fuisse
499 4942 706 5025 quale
747 4960 788 5005 a
823 4940 965 5005 Deo
1005 4939 1355 5004 formatum
1399 4948 1516 5005 est.
1584 4940 1901 5024 Legimus
1944 4939 2210 5023 quidem

211 5032 655 5116 loquentem
709 5028 804 5092 ita
848 5026 1060 5091 Deum
1105 5024 1177 5088 in
1236 5024 1557 5090 Psalmis:
1618 5025 1936 5092 Davidem
1999 5028 2209 5110 reperi

211 5115 639 5184 secundum
682 5133 794 5179 cor
849 5131 1092 5177 meum.
1183 5108 1315 5176 Sed
1372 5131 1629 5194 quaero,
1687 5133 1773 5176 an
1817 5110 2035 5177 David
2091 5132 2211 5177 sua

207 5205 520 5269 virtute
574 5209 641 5264 et
681 5198 868 5264 liberi
913 5196 1165 5263 arbitrii
1210 5194 1461 5262 viribus
1494 5196 1560 5263 id
1597 5197 1721 5263 sibi
1757 5218 1869 5263 cor
1902 5196 2207 5280 paravit?

1578 291 1682 358 m
1727 295 1779 360 1.
1825 294 2005 361 mn.
2054 293 2455 362 SAnunL.
2503 255 2717 361 OAP.
2744 295 2939 362 xv1.

4131 295 4258 362 170

2311 485 2454 550 Nae
2510 483 2787 550 multum
2848 484 3057 550 abest:
3114 484 3228 549 sed
3275 504 3314 548 a
3356 484 3499 549 Deo
3541 496 4021 569 praeparatum,
4123 486 4251 550 uod

2314 592 2480 653 opus
2523 569 2791 635 Domini
2839 569 3058 635 David
3102 571 3174 634 in
3219 590 3361 636 sese
3405 570 3718 655 agnoscit.
3806 569 4063 651 Quema
4113 590 4251 636 mo-

2313 656 2470 721 dum
2529 665 2751 720 autem
2808 655 3039 721 faciem
3086 664 3372 721 nostram
3435 657 3504 721 in
3552 656 3811 740 speculo
3856 655 4251 740 contempla·

2312 762 2480 820 mur,
2530 742 2618 805 ita
2665 743 2845 807 Deus
2889 742 2959 806 in
3008 761 3148 807 sese
3190 761 3448 806 omnem
3509 744 3864 824 potentiam
3925 751 3993 807 et
4036 743 4250 806 virtu·

2311 841 2446 892 tem
2493 828 2988 911 contemplatur,
3034 836 3110 891 ut
3154 847 3273 891 nos
3318 836 3555 892 natura
3591 847 3831 894 vacuos
3867 830 4041 892 omni
4079 827 4250 893 bono

2313 913 2503 979 donis
2548 914 2687 978 suis
2732 935 2847 996 pro
2888 913 3227 977 volunt-ate
3262 922 3331 977 et
3365 913 3636 978 arbitrio
3673 923 3985 978 exornet:
4030 934 4251 996 quam-

2311 999 2529 1064 obrem
2578 1009 2645 1064 et
2688 999 2816 1064 alio
2858 999 3122 1063 Psalmo
3167 997 3442 1082 dicitur,
3499 997 3703 1064 Deum
3749 1019 3904 1082 opus
3944 1018 4253 1064 manuum

2310 1089 2673 1151 nostrarum
2731 1085 3078 1165 disponere.
3172 1086 3311 1149 Deo
3367 1085 3587 1169 itaque
3636 1086 3851 1150 visum
3900 1094 4000 1152 est
4042 1084 4251 1150 Davi·

2314 1171 2458 1234 dem
2507 1170 2793 1236 abiectae
2838 1169 3225 1235 conditionis
3269 1170 3599 1235 hominem
3637 1170 3717 1234 ad
3759 1172 4003 1256 regiam
4044 1169 4253 1255 digni-

2313 1266 2515 1321 tatem
2563 1257 2874 1321 evehere:
2923 1254 3097 1335 Quid
3144 1254 3280 1320 ita?
3367 1255 3616 1339 Nempe
3661 1276 3701 1321 a
3743 1257 3949 1322 caulis
3993 1265 4058 1320 et
4105 1277 4249 1339 pas·

2313 1355 2526 1407 torum
2592 1342 2867 1407 stabulis
2933 1362 3081 1406 eum
3139 1343 3420 1416 vocavit,
3489 1353 3561 1405 ut
3620 1343 3686 1406 in
3743 1363 3819 1407 eo
3876 1344 4067 1407 fieret
4124 1341 4251 1406 Dei

2314 1428 2608 1512 potentia
2686 1429 3129 1511 conspectior,
3209 1439 3276 1491 et
3354 1429 3666 1492 maiorem
3738 1427 3861 1493 Dei
3946 1426 4253 1493 laudandi

2314 1514 2720 1578 occasionem
2784 1513 3072 1592 haberet,
3131 1534 3328 1597 quum
3390 1534 3462 1579 se
3523 1513 3719 1579 nullis
3777 1515 3910 1579 suis
3977 1513 4254 1592 viribus,

2314 1599 2497 1664 nulla
2542 1599 2885 1677 industria,
2942 1600 3126 1664 nullo
3185 1599 3455 1664 consilio
3508 1600 3797 1683 potuisse
3856 1599 3936 1663 ad
3996 1610 4252 1664 tantum

2316 1684 2657 1770 dignitatis
2715 1685 3043 1769 fastigium
3105 1684 3332 1750 venire
3387 1695 3818 1768 cognosceret.
3905 1685 4122 1767 Atque
4164 1682 4250 1750 D.

2315 1770 2561 1836 Paulus
2607 1772 2673 1834 in
2720 1772 2936 1851 priore
2973 1772 3051 1835 ad
3078 1770 3453 1836 Corinthios
3490 1772 3647 1835 satis
3693 1769 4033 1836 evidenter
4074 1766 4250 1835 istud

2318 1857 2538 1921 docuit
2581 1857 2646 1920 in
2692 1855 2983 1921 fidelium
3029 1856 3357 1932 electione,
3416 1877 3619 1940 quum
3667 1856 3746 1922 de
3799 1867 3938 1922 tota
3981 1855 4255 1920 ecclesia

2318 1942 2625 2024 loquens,
2689 1943 2811 2005 ait:
2892 1942 3141 2008 Multos
3200 1963 3344 2008 esse
3407 1942 3477 2006 in
3544 1943 3790 2007 mundo
3856 1942 4108 2007 nobiles
4188 1945 4254 2004 et

2317 2037 2730 2112 praestantes
2791 2029 2983 2107 viros,
3044 2048 3083 2092 a
3140 2027 3377 2109 quibus
3434 2026 3779 2092 videbatur
3822 2026 4005 2092 Deus
4063 2046 4254 2112 posse

2316 2116 2529 2179 facere
2574 2113 2835 2178 initium
2881 2135 3040 2178 suae
3096 2113 3446 2190 electionis,
3507 2113 3621 2179 sed
3676 2115 3981 2198 quoniam
4040 2113 4255 2180 solent

2316 2199 2620 2265 homines
2666 2200 2937 2264 nimium
2984 2200 3201 2264 efferri
3245 2199 3472 2284 gloria,
3533 2209 3601 2263 et
3644 2199 3788 2264 Deo
3831 2220 3902 2265 se
3949 2198 4254 2284 aequales

2317 2285 2546 2364 facere,
2591 2294 2666 2349 ut
2710 2285 2923 2350 omnis
2959 2287 3174 2351 carnis
3210 2285 3418 2370 gloria
3454 2283 3740 2363 tollatur,
3778 2285 4087 2351 deiecisse
4121 2284 4256 2349 alta

2317 2370 2570 2450 mundi,
2614 2379 2683 2434 et
2726 2392 2929 2453 parva
2972 2383 3038 2436 et
3083 2371 3333 2436 abiecta
3375 2370 3665 2454 elegisse,
3723 2379 3801 2437 ut
3844 2373 4075 2436 norint
4117 2390 4255 2435 om-

2321 2477 2438 2522 nes
2483 2457 2731 2521 nullam
2778 2477 2920 2522 esse
2965 2454 3375 2522 altitudinem
3423 2476 3636 2538 neque
3678 2456 4085 2542 dignitatem,
4130 2455 4255 2521 nisi

2321 2563 2486 2626 qnae
2529 2543 2612 2609 ab
2658 2544 2798 2627 ipso
2843 2542 3292 2626 proficiscitur.
3374 2541 3473 2608 Ac
3517 2562 3675 2607 sane
3720 2543 3983 2628 gloriari
4030 2562 4149 2607 nos
4182 2541 4255 2605 in

2323 2628 2464 2692 Deo
2510 2649 2629 2712 par
2671 2643 2788 2708 est,
2833 2642 2895 2692 et
2944 2627 3128 2693 nobis
3171 2628 3331 2711 ipsis
3360 2629 3716 2712 gratuitam
3753 2630 3962 2711 ipsius
3997 2626 4259 2692 electio-

2323 2735 2472 2779 nem
2517 2714 2852 2798 gratulari.
2943 2712 3486 2796 Quandoquidem
3533 2715 3707 2778 enim
3749 2726 3987 2778 natura
4030 2733 4261 2778 sumus

2322 2800 2439 2864 filii
2483 2801 2619 2865 irae
2663 2814 2731 2864 et
2788 2799 3284 2874 maledictionis,
3354 2799 3464 2863 ubi
3523 2800 3787 2865 obsecro
3846 2808 4072 2864 nostra
4133 2798 4260 2863 erit

2321 2886 2641 2969 gloriatio,
2698 2886 2827 2950 nisi
2884 2886 2953 2950 in
3017 2906 3092 2950 eo
3150 2882 3321 2968 quod
3380 2883 3725 2968 adoptione
3768 2886 3923 2951 facti
3966 2885 4084 2948 filii
4133 2884 4261 2948 Dei

2321 2970 2595 3036 sumus?
2686 2969 3125 3052 Quamobrem
3185 2970 3562 3053 usurpanda
3623 2971 3809 3036 nobis
3852 2970 4046 3035 Pauli
4106 2969 4258 3034 doc·

2323 3058 2516 3137 trina,
2571 3056 2683 3139 qui
2745 3057 2962 3121 Deum
3023 3055 3181 3121 dicit
3235 3076 3467 3121 vocare
3525 3076 3602 3120 ea
3661 3077 3826 3140 quae
3885 3076 4014 3120 non
4086 3063 4259 3135 sunt,

2324 3152 2637 3225 tanquam
2682 3142 2832 3219 sint,
2877 3151 2954 3206 ut
2995 3141 3353 3207 confundat
3400 3162 3478 3206 ea
3519 3161 3686 3223 quae
3741 3149 3929 3205 sunt:
3987 3151 4063 3205 ut
4108 3159 4260 3224 cog-

2322 3249 2665 3295 noscamus
2707 3248 2857 3293 eum
2895 3248 3036 3294 esse
3074 3247 3112 3290 a
3149 3247 3278 3310 quo
3313 3225 3623 3310 quidquid
3661 3248 3887 3292 sumus
3924 3226 4258 3304 habemus,

2324 3324 2398 3378 ut
2464 3334 2536 3379 se
2600 3315 2872 3398 quisque
2934 3312 3215 3379 fideliter
3277 3321 3580 3379 exerceat
3641 3313 3710 3377 in
3778 3312 4132 3390 vocatione,
4196 3320 4263 3377 et

2319 3402 2766 3483 proximorum
2813 3397 3245 3464 aedificationi
3291 3398 3567 3465 studeat.
3634 3398 3803 3463 Nam
3851 3406 3916 3462 et
3961 3397 4032 3462 in
4077 3397 4256 3462 hunc

2318 3488 2514 3552 finem
2560 3505 2681 3552 nos
2724 3506 2761 3549 e
2807 3486 2943 3550 luto
2987 3495 3053 3550 et
3107 3485 3351 3550 foetore
3409 3484 3952 3567 superstitionum
3999 3493 4062 3548 et
4106 3504 4255 3567 pra-

2317 3573 2545 3637 vitatis
2589 3571 2833 3649 eduxit,
2874 3580 2948 3637 ut
2990 3590 3151 3635 vasa
3192 3571 3432 3635 fiamus
3473 3571 3882 3635 sanctificata
3931 3568 4014 3634 ad
4059 3589 4253 3634 omne

2318 3659 2559 3724 bonum
2605 3678 2795 3740 opus:
2843 3667 2909 3722 et
2954 3656 3035 3722 ab
3078 3655 3452 3721 infidelibus
3494 3665 3562 3719 et
3605 3654 3956 3720 incredulis
3992 3675 4257 3738 separa-

2317 3745 2435 3822 vit,
2494 3752 2570 3808 ut
2626 3743 2698 3806 in
2742 3742 3101 3807 Dominum
3156 3751 3451 3807 nostrum
3498 3741 3720 3807 Iesum
3765 3739 4107 3806 Christum
4153 3742 4252 3804 in·

2317 3849 2634 3894 seramur.
2725 3828 2951 3910 Neque
2998 3848 3150 3893 vero
3193 3826 3524 3910 apostolus
3583 3826 3665 3891 de
3711 3847 3841 3890 uno
3888 3836 4002 3891 aut
4046 3827 4255 3891 altero

2317 3914 2696 3998 singulatim
2743 3916 3140 3979 mentionem
3186 3913 3357 3991 facit,
3403 3911 3516 3977 sed
3563 3911 3645 3977 de
3686 3910 3988 3978 omnibus
4031 3913 4102 3977 in
4148 3932 4252 3997 ge-

2318 4020 2476 4065 nere
2536 3997 2871 4064 fidelibus:
2930 4019 3205 4081 quorum
3267 4011 3518 4082 patrem
3565 3997 4021 4063 Abrahamum
4079 3998 4253 4080 facit,

2316 4094 2383 4151 et
2427 4085 2972 4168 comparationem
3019 4084 3309 4149 instituit
3331 4083 3515 4149 Adae
3556 4085 3860 4161 filiorum,
3906 4103 4052 4147 cum
4097 4082 4255 4147 filiis

2317 4172 2610 4256 gratuito
2654 4189 2695 4234 a
2736 4169 3023 4235 Domino
3067 4170 3411 4253 adoptatis.
3477 4169 3654 4235 Vere
3697 4170 3873 4234 enim
3918 4167 4032 4232 filii
4070 4167 4255 4232 Adae

2318 4259 2648 4322 nascimur
2705 4258 2774 4319 iu
2830 4255 3149 4321 mundum
3207 4257 3574 4335 venientes,
3635 4256 3705 4320 in
3749 4273 3879 4338 qua
3920 4254 4250 4319 creatione

2317 4341 2454 4408 sola
2509 4344 2683 4406 inest
2742 4341 3144 4407 maledictio:
3202 4342 3316 4408 sed
3375 4342 3623 4407 renasci
3688 4359 3806 4404 nos
3867 4347 4139 4421 oportet,
4186 4346 4252 4402 et

2323 4430 2387 4493 in
2435 4427 2797 4492 Dominum
2860 4437 3157 4492 nostrum
3219 4427 3440 4492 Iesum
3501 4426 3843 4492 Christum
3900 4424 4120 4500 inseri,
4178 4431 4254 4488 ut

2316 4515 2381 4579 in
2430 4514 2615 4579 nobis
2662 4511 3040 4577 obedientia
3083 4512 3228 4579 Deo
3270 4512 3538 4597 placens
3580 4511 3971 4576 inveniatur.
4040 4510 4129 4574 Et
4170 4507 4253 4574 de

2315 4600 2459 4664 istis
2503 4599 2841 4664 hactenus.

2485 4683 2627 4750 Iam
2677 4704 2840 4749 vero
2884 4685 3079 4768 agib,
3118 4689 3223 4749 etc.
