5059 6059
818 264 903 333 67

827 457 944 542 qui
989 456 1342 523 autoritate
1382 453 1556 540 apud
1597 453 1874 541 populos
1915 454 2167 539 pollent
2209 464 2478 555 peccent
2521 454 2766 539 saepis-

832 543 996 611 sime
1062 542 1437 627 pertinacia,
1520 551 1588 607 et
1650 551 1918 626 peccata
1982 552 2266 624 peccatis
2329 536 2765 620 accumulent,

830 628 1124 696 levitatis
1167 638 1234 694 et
1277 628 1668 695 temeritatis
1712 638 1935 693 notam
1992 626 2221 712 fugere
2265 627 2633 710 cupientes:
2691 644 2768 692 ac

832 713 1106 799 proinde
1165 714 1233 780 in
1293 714 1594 780 instituto
1664 714 1802 779 sive
1868 711 2031 779 bene
2100 714 2240 779 sive
2306 712 2477 779 male
2541 721 2767 796 coepto

832 810 1135 886 pergant.
1189 799 1333 867 Nae
1376 799 1491 882 qui
1535 798 1619 864 ad
1665 819 1884 864 rerum
1927 798 2364 881 gubernacula
2406 797 2659 876 sedent,
2705 804 2770 862 et

834 886 1087 971 primas
1121 883 1308 952 sedes
1332 896 1653 968 occupant
1676 883 2088 968 prudentiam
2113 884 2184 948 in
2207 883 2494 958 consiliis
2530 881 2770 950 debent

836 969 1168 1050 adhibere,
1214 991 1298 1036 ne
1320 969 1480 1053 quid
1502 980 1751 1036 temere
1794 968 2018 1037 dicant
2059 969 2386 1036 faciantve
2430 970 2616 1035 cuius
2658 988 2769 1035 eos

836 1055 1071 1123 deinde
1117 1056 1465 1141 poeniteat.
1521 1055 1789 1123 Matura
1830 1054 2051 1138 itaque
2096 1054 2562 1121 deliberatione
2606 1075 2770 1137 opus

835 1152 939 1210 881
973 1151 1327 1227 antequam
1386 1143 1736 1225 quidquam
1803 1140 2290 1225 aggrediantur.
2375 1140 2466 1206 At
2520 1139 2578 1205 si
2636 1159 2768 1205 non

837 1249 918 1294 ea
974 1239 1234 1295 servata
1292 1238 1392 1294 est
1448 1226 1806 1293 moderatio
1912 1247 2062 1291 uam
2118 1227 2423 1310 oportuit,
2483 1247 2569 1291 an
2621 1224 2767 1290 ideo

833 1314 1195 1399 pertinacia
1253 1312 1604 1398 tegendum
1660 1323 1762 1378 est
1820 1333 1859 1377 a
1972 1311 2174 1378 issum
2235 1332 2351 1395 per
2406 1311 2768 1395 incogitan-

840 1400 1003 1466 tiam
1059 1399 1330 1479 malum,
1394 1408 1462 1465 et
1521 1397 1837 1464 adversus
1891 1397 2108 1463 Deum
2174 1406 2241 1462 et
2306 1396 2604 1463 homines
2669 1394 2771 1462 bis

836 1494 1022 1552 terve
1086 1482 1505 1569 peccandum,
1573 1490 1649 1548 ut
1712 1503 1888 1549 unus
1953 1482 2175 1566 lapsus
2243 1481 2551 1566 tegatur?
2656 1481 2770 1548 Sic

834 1570 1050 1638 facere
1116 1572 1237 1637 hoc
1311 1571 1454 1635 loco
1520 1568 1787 1636 Saulem
1878 1568 2204 1634 videmus.-
2285 1567 2510 1649 Quare
2588 1568 2767 1634 istud

836 1657 1213 1740 exemplum
1255 1655 1499 1722 intueri
1558 1653 1798 1721 debent
1854 1655 1967 1738 qui
2023 1653 2104 1720 ad
2165 1674 2386 1719 rerum
2445 1653 2770 1738 guberna·

837 1742 985 1810 cula
1027 1741 1273 1820 sedent,
1319 1753 1388 1808 et
1430 1752 1739 1825 tanquam
1796 1740 1864 1804 in
1922 1739 2184 1822 speculo
2245 1738 2770 1805 animadvertere

837 1838 1154 1912 quantum
1200 1829 1286 1895 sit
1329 1836 1665 1912 peceatum
1711 1825 2060 1905 temeritas,
2103 1839 2181 1889 ut
2221 1823 2434 1891 alieno
2471 1823 2770 1924 exemplo

832 1913 1001 1979 nibil
1046 1922 1290 1981 temere
1333 1913 1662 1996 suscipere
1706 1909 1975 1978 discant.
2066 1913 2165 1976 Ac
2206 1912 2263 1978 si
2308 1910 2461 1994 quid
2505 1931 2623 1993 per
2665 1932 2769 1975 in·

836 2000 1258 2084 cogitantiam
1305 1998 1737 2083 peccaverint,
1782 2017 1852 2062 se
1887 1995 2183 2063 homines
2218 2018 2359 2064 8888
2395 2004 2769 2081 agnoscant,

841 2106 916 2151 ac
983 2084 1252 2169 proinde
1319 2105 1403 2149 ne
1469 2081 1863 2166 palinodiam
1944 2103 2178 2148 canere
2255 2083 2430 2166 ipsos
2508 2081 2767 2165 pudeat.

838 2169 1018 2253 Quin
1065 2171 1260 2237 etiam
1307 2169 1389 2234 ad
1449 2167 1745 2253 singulos
1802 2167 2001 2232 etiam
2062 2166 2223 2234 11888
2278 2167 2569 2233 doctrina
2623 2188 2770 2251 per-

838 2256 1002 2322 tinet
1038 2256 1480 2338 cuiuscunque
1516 2253 1764 2319 ordinis
1800 2262 1914 2318 aut
1950 2252 2293 2338 dignitatis
2316 2254 2515 2319 viros.
2561 2252 2769 2319 Pauci

838 2342 1015 2409 enim
1059 2363 1191 2408 non
1232 2350 1503 2426 peccant
1547 2338 1907 2405 temerariis
1933 2338 2270 2406 consiliis:
2318 2359 2481 2423 quae
2524 2339 2582 2405 si
2710 2361 2770 2403 r·

839 2427 1143 2494 tinaciter
1185 2426 1352 2492 tueri
1398 2425 1651 2503 volunt,
1709 2445 1916 2507 neque
1978 2445 2017 2489 a
2076 2424 2403 2509 proposito
2462 2360 2765 2491 1888111118

839 2523 1089 2580 1881818
1147 2510 1439 2591 88881118,
1504 2518 1755 2577 certum
1822 2519 1922 2576 est
1980 2510 2162 2576 varia
2218 2508 2348 2575 Dei
2406 2509 2648 2577 iudicia
2701 2518 2768 2576 et

840 2599 1295 2698 castigationes
1339 2597 1407 2661 in
1449 2618 1519 2662 88
1561 2595 2006 2674 888818118188,
2063 2596 2409 2681 Deumque
2451 2595 2767 2680 gravibus

838 2705 1068 2768 poenis
1110 2683 1289 2748 illam
1335 2681 1705 2765 superbiam
1749 2689 1817 2747 et
1857 2681 2299 2766 arrogantiam
2359 2680 2764 2766 puniturum.

840 2769 1284 2853 Quamobrem
1328 2767 1654 2834 discamus
1696 2767 1755 2832 si
1796 2766 2053 2852 quando
2099 2789 2138 2832 a
2181 2775 2360 2833 recta
2418 2766 2525 2833 via
2579 2767 2764 2834 aber-

839 2856 1204 2922 raverimus
1263 2854 1344 2919 ad
1392 2853 1606 2920 Deum
1667 2873 1788 2920 nos
1844 2863 2187 2919 vocantem
2242 2853 2503 2933 reverti,
2563 2864 2638 2918 ut
2694 2852 2764 2917 in

842 2941 1020 3008 viam
1085 2950 1328 3007 rectam
1395 2939 1476 3005 ab
1543 2938 1684 3022 ipso
1753 2937 2167 3005 deducamur.
2270 2937 2549 3004 Interim
2612 2958 2768 3003 vero

840 3025 1003 3095 Saul
1048 3024 1372 3110 quoddam
1417 3024 1668 3090 timoris
1710 3023 1839 3090 Dei
1882 3024 2168 3109 signum,
2223 3044 2413 3107 prece
2471 3023 2585 3089 illa
2639 3033 2763 3089 tes·

837 3120 1038 3192 tatur,
1106 3110 1341 3177 Iehova
1384 3108 1563 3176 Deus
1606 3109 1893 3193 Israeli-³,
1959 3109 2099 3176 cedo
2161 3111 2492 3194 inteqrum,
2561 3108 2626 3174 id
2667 3117 2769 3175 881

839 3198 1032 3265 facito
1076 3206 1153 3263 ut
1195 3197 1500 3262 innoxius
1544 3194 1951 3262 absolvatur:
2007 3194 2090 3260 da
2132 3204 2340 3262 sortes
2383 3216 2592 3273 18188,
2649 3204 2766 3260 881

839 3282 1271 3369 perfectionis.
1358 3280 1635 3347 Minime
1693 3301 1849 3346 sane
1904 3280 2175 3347 dubium
2233 3290 2331 3347 est
2388 3282 2543 3364 quin
2600 3279 2765 3346 bene

840 3380 1008 3436 esset
1051 3367 1212 3435 Saul
1259 3387 1606 3451 persuasus
1649 3363 1794 3431 Deo
1853 3366 2191 3449 probatam
2235 3366 2318 3431 iri
2362 3366 2767 3433 sortitionem

838 3454 1022 3521 illam
1080 3456 1256 3519 inter
1297 3473 1368 3519 88
1424 3463 1490 3517 81
1531 3451 1974 3518 188811188818
2030 3451 2240 3517 filium
2300 3461 2367 3517 et
2421 3451 2765 3536 populum:

844 3541 999 3624 quin
1057 3538 1255 3606 etiam
1310 3537 1500 3604 facile
1556 3547 1655 3604 881
1708 3536 1993 3602 181118818
2050 3537 2232 3603 111818
2286 3559 2325 3603 8
2369 3536 2514 3604 Deo
2570 3537 2768 3604 fuisse

847 3624 927 3691 ad
971 3625 1038 3689 id
1083 3623 1458 3707 impulsum.
1543 3622 1712 3688 Nam
1758 3632 2012 3706 poterat
2069 3623 2353 3707 cogitare
2413 3625 2767 3689 maximam

845 3730 923 3777 eo
967 3709 1071 3775 die
1113 3710 1313 3775 fuisse
1346 3707 1567 3792 populi
1603 3708 2207 3793 transgressionem,
2248 3707 2768 3793 quandoquidem

846 3816 987 3863 sese
1030 3794 1352 3879 polluerat
1394 3813 1622 3859 carnes
1679 3795 2000 3878 sanguine
2058 3794 2314 3874 mixtas,
2370 3804 2601 3861 contra
2642 3793 2769 3860 Dei

844 3900 1221 3965 expressam
1265 3879 1496 3964 legem,
1553 3878 1967 3946 comedendo.
2048 3878 2288 3945 Debuit
2340 3880 2565 3963 itaque
2610 3877 2769 3946 Saul

845 3967 926 4033 de
970 3966 1081 4031 illa
1123 3965 1290 4049 legis
1333 3964 1681 4031 violatione
1724 3966 1892 4030 serio
1935 3964 2242 4049 cogitare.
2288 3964 2535 4031 Verum
2580 3965 2772 4032 istius

843 4052 1078 4139 flagitii
1133 4072 1268 4116 non
1322 4050 1650 4116 meminit:
1710 4049 1822 4116 sed
1877 4051 2015 4135 ipse
2072 4071 2218 4118 cum
2276 4049 2415 4115 filio
2474 4052 2530 4117 a
2565 4050 2771 4116 latere

843 4158 999 4217 uno,
1046 4136 1325 4221 populus
1368 4146 1586 4202 autem
1629 4134 1710 4199 ab
1757 4135 1960 4202 altero
1996 4136 2246 4203 divisus
2280 4146 2411 4203 est:
2457 4137 2769 4202 nimirum

891 4225 1165 4291 roiectas
1218 4229 1425 4288 sortes
1482 4222 1551 4286 in
1619 4220 1932 4305 populum
1985 4241 2249 4289 casuras
2313 4222 2770 4288 arbitrabatur.

841 4246 975 4376 hie
1019 4309 1224 4394 igitur
1267 4316 1539 4391 apparet
1596 4306 1963 4373 admirabili
2007 4307 2132 4374 Dei
2177 4308 2445 4374 consilio
2502 4318 2568 4373 et
2623 4329 2772 4392 pro·

839 4395 1138 4462 videntia
1195 4415 1333 4459 rem
1398 4393 1568 4459 hanc
1634 4404 1834 4457 totam
1904 4400 2188 4477 gestam:
2256 4393 2455 4458 immo
2521 4401 2588 4460 et
2646 4394 2772 4460 Dei

841 4483 1056 4567 ipsius
1102 4479 1339 4564 spiritu
1396 4477 1690 4562 linguam
1738 4476 1959 4544 Saulis
2017 4479 2462 4560 gubernatam.
2551 4478 2772 4560 Quare

843 4566 1133 4653 precatio
1176 4565 1287 4632 illa
1333 4563 1555 4632 Saulis
1613 4585 1744 4630 non
1791 4563 1914 4629 fuit
1957 4564 2304 4631 temeraria
2348 4585 2558 4648 neque
2613 4564 2772 4631 ficti·

849 4654 969 4720 tia:
1029 4662 1104 4719 ut
1159 4650 1452 4736 plerique
1508 4651 1717 4716 solent
1772 4650 1988 4715 Deum
2048 4650 2346 4732 precibus
2401 4649 2772 4729 sollicitare,

849 4739 962 4806 sed
1006 4737 1330 4806 simulatis
1375 4745 1443 4802 et
1487 4735 1881 4802 temerariis:

845 4825 976 4891 Dei
1023 4823 1429 4889 voluntatem
1473 4823 1835 4889 obscurare.

850 4912 981 4976 rias
1026 4930 1217 4975 voces
1261 4907 1445 4988 fudit,
1505 4908 1618 4974 sed
1663 4909 1853 4973 firmo
1909 4907 2103 4973 nixus
2161 4916 2264 4974 881
2319 4908 2772 4975 fundamento:

847 4994 919 5061 id
941 4996 1157 5079 ipsum
1203 5014 1549 5077 persuasus
1571 4993 1738 5079 quod
1778 5014 1817 5058 a
1852 4991 2200 5059 Salomone
2237 4992 2541 5078 deinceps
2574 4996 2775 5079 scrip-

849 5082 939 5147 tis
984 5079 1292 5146 traditum
1338 5090 1457 5160 est,
1515 5086 1725 5146 sortes
1768 5081 1835 5144 in
1876 5079 2092 5146 sinum
2137 5078 2385 5162 proiici,
2431 5079 2545 5146 sed
2590 5101 2627 5144 8
2672 5080 2774 5146 Ie-

843 5166 1028 5234 hova
1070 5186 1213 5233 esse
1255 5167 1542 5250 ipsarum
1603 5174 1810 5230 totam
1869 5164 2222 5232 rationem:
2280 5164 2511 5251 quibus
2557 5166 2775 5234 verbis

1969 4735 2085 4801 uin
2122 4736 2251 4802 imo
2287 4735 2534 4802 vellent
2566 4736 2775 4821 ipsius

1980 4820 2089 4886 aul
2129 4842 2282 4888 vero
2327 4842 2459 4888 non
2504 4833 2777 4889 temera-

2557 263 2969 334 HommA
3009 266 3092 334 L.
4675 272 4738 338 68

2868 454 3087 521 innuit
3129 452 3443 523 Salomon
3486 466 3728 523 sortem
3770 476 3940 541 quae
4001 455 4109 522 vel
4160 457 4234 522 in
4292 457 4617 541 gremium,
4665 462 4746 527 vel

2869 541 2942 606 18
2986 561 3223 607 urnam
3279 542 3619 609 coniicitur
3677 539 3888 610 videri
3952 541 4211 625 quidem
4270 543 4612 624 fortuitam,
4659 546 4748 613 sed

2870 636 3089 693 tamen
3126 629 3265 693 eius
3307 626 3617 694 iudicium
3660 637 3728 694 et
3770 628 4019 694 exitum
4063 647 4103 692 a
4148 628 4433 694 Domino
4478 628 4747 712 pendere;

2869 711 3056 780 88188
3098 711 3483 779 811181188118
3522 721 3590 779 81
3631 712 3983 780 ineffabilis
4027 723 4129 779 est
4170 714 4595 797 providentia.
4630 715 4749 786 Hoc

2871 797 3077 882 igitur
3122 796 3288 866 Saul
3344 798 3615 884 agnovit
3672 808 3741 865 et
3795 798 4136 883 amplexus
4192 812 4309 866 est.
4396 799 4578 883 Quae
4627 825 4753 870 sune

2869 883 3161 950 maxima
3212 885 3418 967 ipsius
3476 884 3685 951 virtus
3737 883 3895 950 fuit:
3953 884 4335 968 praesertim
4393 907 4550 953 vero
4587 907 4754 971 quum

2871 969 2951 1034 de
2994 969 3256 1053 capitali
3299 969 3618 1055 supplicio
3660 980 3963 1052 ageretur
3994 978 4062 1036 et
4099 970 4236 1038 vita
4270 973 4550 1055 propria,
4591 994 4755 1056 quam

2871 1055 3047 1120 ultro
3086 1054 3372 1121 sortibus
3431 1055 3710 1134 subiicit,
3771 1077 3905 1121 non
3958 1055 4182 1121 minus
4237 1076 4435 1140 quam
4497 1056 4755 1124 aliorum.

2870 1139 3312 1223 Quamobrem
3357 1141 3572 1207 Deum
3615 1150 3802 1224 rogat
3845 1148 3919 1207 ut
3958 1139 4288 1226 integram
4330 1141 4546 1221 faciat,
4587 1142 4648 1208 id
4676 1152 4756 1210 est

2872 1242 2944 1292 ut
2991 1225 3332 1292 veritatem
3375 1225 3709 1311 producat,
3750 1235 3818 1293 et
3861 1226 4157 1310 perficiat
4191 1238 4403 1293 totum
4437 1230 4756 1313 negotium,

2872 1333 2956 1377 ne
2999 1312 3291 1379 insontes
3331 1332 3450 1395 pro
3489 1311 3784 1379 sontibus
3826 1333 4067 1397 poenas
4110 1311 4330 1380 luant:
4384 1311 4503 1379 sed
4544 1324 4618 1379 ut
4651 1315 4758 1381 ius·

2872 1404 2980 1464 tus
3045 1395 3437 1476 absolvatur,
3500 1397 3733 1464 noxius
3797 1418 3955 1464 vero
4018 1396 4513 1465 condemnetur.
4609 1400 4758 1466 Lau·

2872 1482 3087 1549 danda
3128 1481 3413 1566 profecto
3455 1483 3525 1551 in
3560 1505 3715 1570 rege
3758 1482 3987 1551 virtus.
4067 1483 4159 1549 Et
4200 1493 4421 1550 tamen
4466 1484 4622 1552 vitia
4658 1485 4760 1552 alia

2872 1569 3064 1653 longe
3120 1569 3427 1654 graviora
3481 1590 3615 1635 non
3679 1568 4256 1636 animadvertebat.
4339 1569 4575 1654 Itaque
4634 1571 4759 1637 bino

2872 1652 3218 1733 discamus,
3277 1674 3352 1720 eo
3412 1654 3775 1721 accuratius
3818 1654 3900 1720 de
3943 1653 4127 1720 nobis
4171 1675 4313 1722 esse
4355 1653 4761 1741 cogitandum,

2871 1759 2998 1822 quo
3062 1740 3319 1806 facilius
3381 1738 3683 1806 labimur.
3769 1738 3986 1825 Saepe
4045 1741 4218 1806 enim
4277 1741 4348 1806 in
4404 1741 4762 1825 quibusdam

2868 1825 3112 1909 optimo
3158 1825 3375 1892 studio
3420 1824 3615 1904 ducti,
3659 1838 3881 1891 tamen
3927 1827 3995 1891 in
4038 1826 4185 1891 aliis
4241 1829 4668 1893 caecutimus:
4711 1835 4761 1893 et

2870 1910 3082 1995 siquid
3126 1910 3279 1977 boni
3321 1909 3539 1995 aliqua
3592 1933 3675 1977 ex
3731 1924 3916 1996 parte
3958 1911 4323 1992 fecerimus,
4386 1913 4519 1980 Dei
4563 1934 4765 1980 nomen

2872 1996 3134 2080 ineptiis
3196 1997 3438 2062 nostris
3502 1997 3949 2080 profanamus:
4030 2018 4195 2081 quae
4274 2010 4502 2065 tamen
4580 2000 4766 2065 omnis

2872 2092 3059 2182 grata
3102 2103 3243 2148 esse
3298 2092 3365 2148 et
3406 2094 3669 2166 accepta
3710 2082 3807 2148 illi
3852 2082 4332 2149 arbitrabimur.
4412 2084 4621 2169 Atqui
4660 2106 4766 2150 8811

2870 2189 2941 2233 18
2998 2176 3273 2234 externa
3333 2169 3544 2252 specie
3587 2166 3989 2235 haerendum
4043 2178 4166 2253 cst,
4224 2190 4435 2254 neque
4495 2172 4652 2237 satis
4699 2192 4765 2235 ex

2873 2265 3056 2337 parte
3114 2265 3358 2320 rectam
3418 2254 3596 2320 viam
3657 2253 3975 2332 insistere,
4031 2252 4113 2320 ab
4171 2254 4301 2321 alia
4346 2276 4508 2322 vero
4553 2257 4762 2322 nostris

2870 2339 3390 2424 corruptionibus
3445 2338 3818 2424 indulgere:
3906 2339 4019 2406 sed
4082 2339 4364 2424 diligens
4424 2340 4764 2408 adhibenda

2870 2426 3084 2491 cautio
3140 2436 3273 2506 est,
3316 2435 3382 2490 et
3435 2427 3647 2491 omnis
3704 2424 4053 2492 assentatio
4096 2424 4426 2510 fugienda,
4490 2449 4574 2493 ne
4615 2427 4765 2493 nobis

2869 2511 3030 2594 ipsis
3071 2510 3481 2595 imponamus
3524 2509 3871 2577 adulando.
3930 2510 4150 2591 Quare
4194 2532 4631 2597 agnoscamus
4667 2512 4767 2578 Dei

2869 2597 3173 2680 spiritum
3215 2617 3334 2662 nos
3376 2595 3484 2661 hic
3528 2596 3598 2661 in
3632 2594 3851 2664 Saulis
3894 2617 4174 2681 persona
4220 2597 4387 2663 velle
4434 2599 4680 2674 docere,
4715 2608 4767 2663 et

2868 2682 2939 2747 in
2983 2705 3059 2748 eo
3105 2692 3414 2765 tanquam
3459 2682 3527 2746 in
3571 2681 3829 2765 speculo
3888 2689 4163 2748 naturae
4219 2693 4485 2750 nostrae
4556 2682 4769 2769 fragili·

2872 2776 3074 2834 tatem
3116 2766 3583 2833 demonstrare.
3640 2767 3886 2834 Sumus
3928 2768 4101 2833 enim
4147 2768 4229 2833 ad
4267 2768 4522 2836 malum
4567 2769 4767 2853 procli·

2873 2875 3003 2932 188,
3070 2853 3220 2920 11881
3265 2852 3422 2918 11881
3465 2850 3793 2937 quidpiam
3835 2851 4341 2920 admisceamus:
4397 2865 4470 2922 et
4515 2876 4646 2922 non
4683 2853 4770 2921 de-

2869 2951 3021 3006 sunt
3054 2939 3326 3022 speciosi
3362 2948 3739 3023 praetextus
3768 2940 4001 3023 quibus
4023 2939 4365 3005 veritatem
4390 2940 4768 3008 obvelemus:

2871 3045 3078 3108 neque
3133 3023 3308 3090 enim
3363 3045 3654 3108 unquam
3708 3024 3837 3091 nisi
3881 3024 3946 3092 vi
3991 3022 4273 3107 quadam
4316 3023 4585 3094 adducti
4629 3025 4769 3110 quod

2869 3112 3117 3178 iustum
3182 3119 3283 3176 est
3347 3119 3413 3175 et
3476 3130 3754 3194 aequum
3820 3109 4291 3194 amplectimur.
4393 3111 4534 3179 Hic
4601 3112 4615 3127 ⁶
4664 3114 4767 3176 'tur

2868 3195 3194 3263 Dominus
3240 3195 3424 3262 nobis
3466 3196 3769 3279 patefacit
3809 3195 3965 3279 quid
4015 3196 4085 3261 in
4121 3195 4323 3263 Saule
4372 3197 4623 3263 laudan
4665 3218 4767 3277 nm,

2869 3280 3022 3367 quid
3090 3281 3625 3365 vituperandum:
3700 3280 4218 3365 quandoquidem
4285 3282 4411 3348 etsi
4480 3281 4768 3368 quaedam

2868 3370 2938 3435 in
2981 3366 3097 3433 illo
3143 3368 3355 3434 virtus
3398 3377 3690 3451 apparet,
3742 3365 3954 3433 multa
4011 3374 4229 3434 tamen
4289 3368 4459 3434 vitia
4514 3370 4769 3435 latebant

2868 3454 3139 3532 occulta,
3182 3473 3346 3536 quae
3392 3452 3696 3537 deinceps
3739 3463 4072 3537 apparent.
4159 3452 4301 3537 Ipsi
4345 3464 4575 3521 tamen
4616 3454 4768 3520 Deus

2869 3541 3090 3625 parcit
3131 3538 3213 3604 ad
3261 3546 3552 3623 tempus:
3610 3550 3685 3603 ut
3728 3538 3796 3603 in
3857 3559 3932 3604 eo
3974 3537 4102 3605 Dei
4161 3540 4671 3606 misericordiam
4716 3547 4766 3604 et

2867 3624 3251 3710 patientiam
3309 3623 3700 3702 intueamur,
3759 3644 3892 3689 non
3947 3645 4203 3709 semper
4261 3626 4604 3710 punientis
4654 3627 4766 3709 ipso

2868 3718 3201 3777 momento
3243 3730 3370 3792 quo
3414 3718 3746 3792 peccatum
3790 3720 3921 3775 est:
3981 3719 4056 3775 ut
4098 3710 4179 3776 ad
4222 3726 4641 3794 peccatorum
4679 3731 4768 3794 ag·

2871 3796 3191 3862 nitionem
3234 3793 3653 3862 adducamur.
3715 3794 4155 3875 Quamobrem
4202 3817 4409 3880 quum
4455 3797 4641 3864 Deus
4675 3816 4768 3861 au·

2871 3903 3007 3949 rem
3054 3879 3262 3959 nobis,
3321 3891 3395 3947 ut
3451 3880 3544 3947 ita
3587 3881 3818 3960 dicam,
3877 3881 4329 3948 tantummodo
4376 3882 4767 3957 vellicaverit,

2875 3968 2976 4033 vel
3023 3966 3298 4052 digitum
3343 3965 3425 4031 ad
3470 3989 3589 4034 nos
3633 3965 3956 4033 feriendos
4016 3966 4314 4046 moverit,
4374 3987 4767 4053 agnoscamus

2871 4053 3058 4120 illum
3118 4072 3159 4117 a
3214 4051 3404 4118 nobis
3466 4060 3889 4138 provocatum
3954 4051 4036 4120 ad
4101 4052 4289 4132 iram,
4358 4066 4426 4121 et
4493 4055 4619 4138 ipsi
4674 4072 4768 4117 nos

2871 4138 3306 4220 subiicientes,
3349 4145 3416 4204 81
3461 4149 3721 4223 8888818
3765 4139 4211 4219 abhorrentes,
4269 4138 4353 4205 ad
4399 4139 4595 4205 illum
4646 4159 4766 4205 8811·

2874 4232 3224 4291 vertamur.

3044 4308 3239 4390 Quod
3305 4307 3608 4392 deinceps
3672 4310 3982 4394 sequitur,
4055 4307 4322 4376 Saulem
4393 4309 4765 4395 deprehenso

2873 4393 3256 4474 Ionatham,
3317 4394 3734 4479 quaesivisse,
3797 4393 3953 4478 quid
4012 4394 4315 4462 fecisset?
4382 4406 4451 4463 et
4496 4394 4764 4463 Ionath-

2875 4502 3036 4548 num
3080 4502 3220 4546 rem
3277 4488 3482 4546 totam
3542 4490 3616 4546 ut
3672 4489 3817 4547 erat
3867 4478 3962 4545 illi
4019 4479 4432 4561 indicavisse,
4494 4500 4764 4567 maguam

2874 4564 3227 4633 Ionathani
3291 4564 3775 4650 simplicitatem
3838 4576 3905 4633 et
3979 4566 4049 4632 in
4203 4566 4428 4634 'tatem
4494 4576 4765 4634 testatur:

2876 4652 2998 4719 etsi
3042 4674 3112 4718 se
3158 4672 3287 4718 non
3331 4651 3624 4735 agnoscit
3665 4651 4055 4736 peccavisse.
4163 4651 4551 4720 ihilominus
4586 4666 4763 4718 tamen

2875 4738 3213 4806 sciendum
3269 4738 3389 4804 etsi
3448 4736 3608 4804 Saul
3666 4738 3908 4805 limites
3963 4738 4152 4823 aequi
4210 4751 4277 4804 et
4311 4739 4473 4805 iusti
4517 4748 4763 4823 praeter-

2873 4824 3045 4903 ierit,
3107 4823 3418 4909 populum
3478 4824 3920 4891 exsecratione
3962 4822 4398 4909 obstringens,
4460 4826 4571 4909 qui
4612 4844 4759 4889 man·

2876 4909 3101 4976 datum
3156 4909 3362 4993 ipsius
3422 4909 3758 4976 violasset:
3826 4909 4039 4976 Deum
4099 4920 4318 4976 tamen
4378 4910 4655 4976 voluisse
4708 4912 4763 4971 ut

2876 4997 3239 5062 exsecratio
3300 4994 3412 5060 illa
3469 4994 3747 5081 caderet,
3806 4995 4068 5081 vimque
4125 5016 4311 5062 suam
4373 4993 4762 5063 retineretis

2875 5080 3244 5148 Ionathano
3290 5078 3508 5149 Saulis
3563 5081 3726 5148 filio:
3785 5102 3948 5166 quae
4006 5101 4198 5148 causa
4256 5082 4384 5147 fuit
4441 5103 4559 5149 cur
4612 5078 4759 5146 illum

2878 5177 3189 5251 tanquam
3268 5168 3531 5233 noxium
3597 5176 3771 5233 sorte
3834 5165 4024 5234 Deus
4101 5166 4505 5251 deprehendi
4571 5165 4755 5233 voluit.
