<?xml version="1.0" encoding="UTF-8"?>
<!DOCTYPE html PUBLIC "-//W3C//DTD XHTML 1.0 Transitional//EN"
    "http://www.w3.org/TR/xhtml1/DTD/xhtml1-transitional.dtd">
<html xmlns="http://www.w3.org/1999/xhtml" xml:lang="en" lang="en">
 <head>
  <title>
</title>
<meta http-equiv="Content-Type" content="text/html;charset=utf-8" />
  <meta name='ocr-system' content='tesseract 3.04.00' />
  <meta name='ocr-capabilities' content='ocr_page ocr_carea ocr_par ocr_line ocrx_word'/>
</head>
<body>
  <div class='ocr_page' id='page_1' title='image "./ioanniscalvinio07unkngoog_0712.png"; bbox 0 0 5059 6059; ppageno 0'>
   <div class='ocr_carea' id='block_1_1' title="bbox 812 371 944 439">
    <p class='ocr_par' dir='ltr' id='par_1_1' title="bbox 812 371 944 439">
     <span class='ocr_line' id='line_1_1' title="bbox 812 371 944 439; baseline 0.015 -2"><span class='ocrx_word' id='word_1_1' title='bbox 812 371 944 439; x_wconf 80' lang='lat'><strong>483</strong></span> 
     </span>
    </p>
   </div>
   <div class='ocr_carea' id='block_1_2' title="bbox 825 555 2804 5356">
    <p class='ocr_par' dir='ltr' id='par_1_2' title="bbox 825 555 2791 2869">
     <span class='ocr_line' id='line_1_2' title="bbox 825 555 2779 645; baseline -0.003 -19"><span class='ocrx_word' id='word_1_2' title='bbox 825 581 1020 645; x_wconf 89' lang='lat' dir='ltr'><strong>quam</strong></span> <span class='ocrx_word' id='word_1_3' title='bbox 1078 560 1145 626; x_wconf 91' lang='lat' dir='ltr'><strong>in</strong></span> <span class='ocrx_word' id='word_1_4' title='bbox 1190 557 1512 641; x_wconf 89' lang='lat' dir='ltr'><strong>sepulcro.</strong></span> <span class='ocrx_word' id='word_1_5' title='bbox 1599 558 1792 624; x_wconf 88' lang='lat' dir='ltr'><strong>Dura</strong></span> <span class='ocrx_word' id='word_1_6' title='bbox 1839 579 1994 624; x_wconf 89' lang='lat' dir='ltr'><strong>sane</strong></span> <span class='ocrx_word' id='word_1_7' title='bbox 2041 558 2321 625; x_wconf 89' lang='lat' dir='ltr'><strong>conditio</strong></span> <span class='ocrx_word' id='word_1_8' title='bbox 2364 559 2605 624; x_wconf 90' lang='lat' dir='ltr'><strong>misero</strong></span> <span class='ocrx_word' id='word_1_9' title='bbox 2648 555 2779 622; x_wconf 90' lang='lat' dir='ltr'><strong>Dei</strong></span> 
     </span>
     <span class='ocr_line' id='line_1_3' title="bbox 830 644 2781 728; baseline -0.003 -15"><span class='ocrx_word' id='word_1_10' title='bbox 830 667 1041 725; x_wconf 88' lang='lat' dir='ltr'><strong>servo,</strong></span> <span class='ocrx_word' id='word_1_11' title='bbox 1101 655 1293 728; x_wconf 91' lang='lat' dir='ltr'><strong>atque</strong></span> <span class='ocrx_word' id='word_1_12' title='bbox 1352 644 1696 711; x_wconf 89' lang='lat' dir='ltr'><strong>hominum</strong></span> <span class='ocrx_word' id='word_1_13' title='bbox 1755 644 1998 710; x_wconf 91' lang='lat' dir='ltr'><strong>iudicio</strong></span> <span class='ocrx_word' id='word_1_14' title='bbox 2044 645 2237 728; x_wconf 88' lang='lat' dir='ltr'><strong>longe</strong></span> <span class='ocrx_word' id='word_1_15' title='bbox 2282 645 2513 709; x_wconf 91' lang='lat' dir='ltr'><strong>melior</strong></span> <span class='ocrx_word' id='word_1_16' title='bbox 2559 645 2781 708; x_wconf 76' lang='lat' dir='ltr'><strong>sutura</strong></span> 
     </span>
     <span class='ocr_line' id='line_1_4' title="bbox 826 729 2780 815; baseline -0.004 -17"><span class='ocrx_word' id='word_1_17' title='bbox 826 734 884 799; x_wconf 90' lang='lat' dir='ltr'><strong>si</strong></span> <span class='ocrx_word' id='word_1_18' title='bbox 943 731 1164 797; x_wconf 87' lang='lat' dir='ltr'><strong>statim</strong></span> <span class='ocrx_word' id='word_1_19' title='bbox 1226 731 1440 813; x_wconf 89' lang='lat' dir='ltr'><strong>potius</strong></span> <span class='ocrx_word' id='word_1_20' title='bbox 1496 731 1704 796; x_wconf 88' lang='lat' dir='ltr'><strong>vitam</strong></span> <span class='ocrx_word' id='word_1_21' title='bbox 1764 729 2192 815; x_wconf 77' lang='lat' dir='ltr'><strong>perdidisset,</strong></span> <span class='ocrx_word' id='word_1_22' title='bbox 2248 750 2443 813; x_wconf 89' lang='lat' dir='ltr'><strong>quam</strong></span> <span class='ocrx_word' id='word_1_23' title='bbox 2488 750 2637 796; x_wconf 90' lang='lat' dir='ltr'><strong>cum</strong></span> <span class='ocrx_word' id='word_1_24' title='bbox 2684 735 2780 792; x_wconf 90' lang='lat' dir='ltr'><strong>tot</strong></span> 
     </span>
     <span class='ocr_line' id='line_1_5' title="bbox 828 814 2779 900; baseline -0.003 -17"><span class='ocrx_word' id='word_1_25' title='bbox 828 816 1292 883; x_wconf 87' lang='lat' dir='ltr'><strong>afflictionibus</strong></span> <span class='ocrx_word' id='word_1_26' title='bbox 1355 815 1641 883; x_wconf 88' lang='lat' dir='ltr'><strong>luctatus</strong></span> <span class='ocrx_word' id='word_1_27' title='bbox 1701 825 1879 882; x_wconf 90' lang='lat' dir='ltr'><strong>esset</strong></span> <span class='ocrx_word' id='word_1_28' title='bbox 1932 825 2000 881; x_wconf 88' lang='lat' dir='ltr'><strong>et</strong></span> <span class='ocrx_word' id='word_1_29' title='bbox 2057 816 2304 882; x_wconf 89' lang='lat' dir='ltr'><strong>evitato</strong></span> <span class='ocrx_word' id='word_1_30' title='bbox 2359 815 2652 900; x_wconf 89' lang='lat' dir='ltr'><strong>periculo</strong></span> <span class='ocrx_word' id='word_1_31' title='bbox 2710 814 2779 879; x_wconf 92' lang='lat' dir='ltr'><strong>in</strong></span> 
     </span>
     <span class='ocr_line' id='line_1_6' title="bbox 829 900 2780 986; baseline -0.003 -17"><span class='ocrx_word' id='word_1_32' title='bbox 829 902 1007 970; x_wconf 89' lang='lat' dir='ltr'><strong>aliud</strong></span> <span class='ocrx_word' id='word_1_33' title='bbox 1052 902 1397 985; x_wconf 72' lang='lat' dir='ltr'><strong>impulsuS,</strong></span> <span class='ocrx_word' id='word_1_34' title='bbox 1451 901 1621 984; x_wconf 91' lang='lat' dir='ltr'><strong>quod</strong></span> <span class='ocrx_word' id='word_1_35' title='bbox 1666 900 1952 983; x_wconf 91' lang='lat' dir='ltr'><strong>obsecro,</strong></span> <span class='ocrx_word' id='word_1_36' title='bbox 1998 902 2151 985; x_wconf 90' lang='lat' dir='ltr'><strong>quid</strong></span> <span class='ocrx_word' id='word_1_37' title='bbox 2199 902 2319 966; x_wconf 84' lang='lat' dir='ltr'><strong>fuit</strong></span> <span class='ocrx_word' id='word_1_38' title='bbox 2363 900 2541 967; x_wconf 90' lang='lat' dir='ltr'><strong>aliud</strong></span> <span class='ocrx_word' id='word_1_39' title='bbox 2585 920 2780 986; x_wconf 90' lang='lat' dir='ltr'><strong>quam</strong></span> 
     </span>
     <span class='ocr_line' id='line_1_7' title="bbox 830 986 2781 1073; baseline -0.002 -19"><span class='ocrx_word' id='word_1_40' title='bbox 830 1011 870 1055; x_wconf 88' lang='lat' dir='ltr'><strong>a</strong></span> <span class='ocrx_word' id='word_1_41' title='bbox 929 988 1076 1053; x_wconf 95' lang='lat' dir='ltr'><strong>Deo</strong></span> <span class='ocrx_word' id='word_1_42' title='bbox 1132 988 1359 1053; x_wconf 89' lang='lat' dir='ltr'><strong>multis</strong></span> <span class='ocrx_word' id='word_1_43' title='bbox 1415 987 1642 1053; x_wconf 89' lang='lat' dir='ltr'><strong>mortis</strong></span> <span class='ocrx_word' id='word_1_44' title='bbox 1701 987 2053 1073; x_wconf 91' lang='lat' dir='ltr'><strong>generibus</strong></span> <span class='ocrx_word' id='word_1_45' title='bbox 2114 986 2391 1070; x_wconf 82' lang='lat' dir='ltr'><strong>exponi?</strong></span> <span class='ocrx_word' id='word_1_46' title='bbox 2494 987 2781 1051; x_wconf 86' lang='lat' dir='ltr'><strong>VerumÎ‡</strong></span> 
     </span>
     <span class='ocr_line' id='line_1_8' title="bbox 829 1072 2781 1158; baseline -0.003 -18"><span class='ocrx_word' id='word_1_47' title='bbox 829 1077 1168 1140; x_wconf 88' lang='lat' dir='ltr'><strong>enimvero</strong></span> <span class='ocrx_word' id='word_1_48' title='bbox 1230 1094 1433 1156; x_wconf 91' lang='lat' dir='ltr'><strong>quum</strong></span> <span class='ocrx_word' id='word_1_49' title='bbox 1494 1074 1616 1138; x_wconf 92' lang='lat' dir='ltr'><strong>Dei</strong></span> <span class='ocrx_word' id='word_1_50' title='bbox 1677 1072 2162 1139; x_wconf 79' lang='lat' dir='ltr'><strong>misericordiae</strong></span> <span class='ocrx_word' id='word_1_51' title='bbox 2217 1081 2479 1158; x_wconf 89' lang='lat' dir='ltr'><strong>gustum</strong></span> <span class='ocrx_word' id='word_1_52' title='bbox 2542 1072 2781 1137; x_wconf 89' lang='lat' dir='ltr'><strong>habere</strong></span> 
     </span>
     <span class='ocr_line' id='line_1_9' title="bbox 828 1156 2782 1243; baseline -0.002 -17"><span class='ocrx_word' id='word_1_53' title='bbox 828 1173 896 1227; x_wconf 90' lang='lat' dir='ltr'><strong>et</strong></span> <span class='ocrx_word' id='word_1_54' title='bbox 955 1158 1037 1225; x_wconf 90' lang='lat' dir='ltr'><strong>ad</strong></span> <span class='ocrx_word' id='word_1_55' title='bbox 1098 1160 1282 1225; x_wconf 89' lang='lat' dir='ltr'><strong>illum</strong></span> <span class='ocrx_word' id='word_1_56' title='bbox 1337 1159 1689 1243; x_wconf 80' lang='lat' dir='ltr'><strong>confugere</strong></span> <span class='ocrx_word' id='word_1_57' title='bbox 1745 1160 1816 1224; x_wconf 90' lang='lat' dir='ltr'><strong>in</strong></span> <span class='ocrx_word' id='word_1_58' title='bbox 1873 1161 2131 1241; x_wconf 86' lang='lat' dir='ltr'><strong>magnis</strong></span> <span class='ocrx_word' id='word_1_59' title='bbox 2190 1160 2430 1224; x_wconf 88' lang='lat' dir='ltr'><strong>nostris</strong></span> <span class='ocrx_word' id='word_1_60' title='bbox 2474 1156 2782 1242; x_wconf 89' lang='lat' dir='ltr'><strong>periculis</strong></span> 
     </span>
     <span class='ocr_line' id='line_1_10' title="bbox 830 1243 2784 1331; baseline -0.002 -21"><span class='ocrx_word' id='word_1_61' title='bbox 830 1266 1217 1331; x_wconf 73' lang='lat' dir='ltr'><strong>possumne,</strong></span> <span class='ocrx_word' id='word_1_62' title='bbox 1275 1253 1528 1311; x_wconf 89' lang='lat' dir='ltr'><strong>certum</strong></span> <span class='ocrx_word' id='word_1_63' title='bbox 1587 1252 1690 1310; x_wconf 91' lang='lat' dir='ltr'><strong>est</strong></span> <span class='ocrx_word' id='word_1_64' title='bbox 1746 1265 1989 1329; x_wconf 87' lang='lat' dir='ltr'><strong>magno</strong></span> <span class='ocrx_word' id='word_1_65' title='bbox 2048 1255 2271 1310; x_wconf 90' lang='lat' dir='ltr'><strong>nostro</strong></span> <span class='ocrx_word' id='word_1_66' title='bbox 2328 1243 2663 1311; x_wconf 90' lang='lat' dir='ltr'><strong>commodo</strong></span> <span class='ocrx_word' id='word_1_67' title='bbox 2717 1251 2784 1307; x_wconf 92' lang='lat' dir='ltr'><strong>et</strong></span> 
     </span>
     <span class='ocr_line' id='line_1_11' title="bbox 833 1328 2783 1413; baseline -0.002 -16"><span class='ocrx_word' id='word_1_68' title='bbox 833 1331 1104 1398; x_wconf 82' lang='lat' dir='ltr'><strong>utilitati</strong></span> <span class='ocrx_word' id='word_1_69' title='bbox 1128 1330 1422 1396; x_wconf 88' lang='lat' dir='ltr'><strong>divinam</strong></span> <span class='ocrx_word' id='word_1_70' title='bbox 1445 1330 1628 1395; x_wconf 87' lang='lat' dir='ltr'><strong>illam</strong></span> <span class='ocrx_word' id='word_1_71' title='bbox 1663 1330 2183 1413; x_wconf 83' lang='lat' dir='ltr'><strong>explorat-ionem</strong></span> <span class='ocrx_word' id='word_1_72' title='bbox 2225 1328 2474 1395; x_wconf 91' lang='lat' dir='ltr'><strong>cedere.</strong></span> <span class='ocrx_word' id='word_1_73' title='bbox 2522 1328 2783 1397; x_wconf 82' lang='lat' dir='ltr'><strong>Scimus</strong></span> 
     </span>
     <span class='ocr_line' id='line_1_12' title="bbox 832 1415 2785 1483; baseline -0.002 0"><span class='ocrx_word' id='word_1_74' title='bbox 832 1418 1009 1483; x_wconf 89' lang='lat' dir='ltr'><strong>enim</strong></span> <span class='ocrx_word' id='word_1_75' title='bbox 1056 1415 1464 1481; x_wconf 81' lang='lat' dir='ltr'><strong>maledictam</strong></span> <span class='ocrx_word' id='word_1_76' title='bbox 1512 1416 1649 1482; x_wconf 87' lang='lat' dir='ltr'><strong>fore</strong></span> <span class='ocrx_word' id='word_1_77' title='bbox 1692 1416 1995 1482; x_wconf 87' lang='lat' dir='ltr'><strong>fiduciam</strong></span> <span class='ocrx_word' id='word_1_78' title='bbox 2041 1425 2330 1482; x_wconf 88' lang='lat' dir='ltr'><strong>nostram</strong></span> <span class='ocrx_word' id='word_1_79' title='bbox 2377 1417 2432 1480; x_wconf 90' lang='lat' dir='ltr'><strong>si</strong></span> <span class='ocrx_word' id='word_1_80' title='bbox 2475 1418 2546 1480; x_wconf 90' lang='lat' dir='ltr'><strong>in</strong></span> <span class='ocrx_word' id='word_1_81' title='bbox 2592 1415 2785 1480; x_wconf 87' lang='lat' dir='ltr'><strong>rebus</strong></span> 
     </span>
     <span class='ocr_line' id='line_1_13' title="bbox 835 1500 2787 1586; baseline -0.004 -16"><span class='ocrx_word' id='word_1_82' title='bbox 835 1502 1072 1570; x_wconf 88' lang='lat' dir='ltr'><strong>creatis</strong></span> <span class='ocrx_word' id='word_1_83' title='bbox 1116 1502 1622 1580; x_wconf 87' lang='lat' dir='ltr'><strong>substiterimus,</strong></span> <span class='ocrx_word' id='word_1_84' title='bbox 1667 1502 2213 1585; x_wconf 86' lang='lat' dir='ltr'><strong>quemadmodum</strong></span> <span class='ocrx_word' id='word_1_85' title='bbox 2260 1501 2584 1586; x_wconf 87' lang='lat' dir='ltr'><strong>propheta</strong></span> <span class='ocrx_word' id='word_1_86' title='bbox 2630 1500 2787 1565; x_wconf 90' lang='lat' dir='ltr'><strong>dicit</strong></span> 
     </span>
     <span class='ocr_line' id='line_1_14' title="bbox 836 1586 2787 1670; baseline -0.002 -16"><span class='ocrx_word' id='word_1_87' title='bbox 836 1588 1258 1654; x_wconf 89' lang='lat' dir='ltr'><strong>maledictum</strong></span> <span class='ocrx_word' id='word_1_88' title='bbox 1341 1586 1674 1652; x_wconf 89' lang='lat' dir='ltr'><strong>hominem</strong></span> <span class='ocrx_word' id='word_1_89' title='bbox 1744 1588 1857 1670; x_wconf 93' lang='lat' dir='ltr'><strong>qui</strong></span> <span class='ocrx_word' id='word_1_90' title='bbox 1925 1588 1992 1651; x_wconf 92' lang='lat' dir='ltr'><strong>in</strong></span> <span class='ocrx_word' id='word_1_91' title='bbox 2064 1587 2328 1653; x_wconf 89' lang='lat' dir='ltr'><strong>homine</strong></span> <span class='ocrx_word' id='word_1_92' title='bbox 2385 1586 2656 1653; x_wconf 86' lang='lat' dir='ltr'><strong>confidit</strong></span> <span class='ocrx_word' id='word_1_93' title='bbox 2720 1594 2787 1651; x_wconf 91' lang='lat' dir='ltr'><strong>et</strong></span> 
     </span>
     <span class='ocr_line' id='line_1_15' title="bbox 835 1672 2785 1758; baseline -0.003 -18"><span class='ocrx_word' id='word_1_94' title='bbox 835 1674 1178 1740; x_wconf 88' lang='lat' dir='ltr'><strong>brachium</strong></span> <span class='ocrx_word' id='word_1_95' title='bbox 1269 1672 1554 1738; x_wconf 90' lang='lat' dir='ltr'><strong>hominis</strong></span> <span class='ocrx_word' id='word_1_96' title='bbox 1642 1693 1836 1738; x_wconf 91' lang='lat' dir='ltr'><strong>suum</strong></span> <span class='ocrx_word' id='word_1_97' title='bbox 1924 1672 2494 1758; x_wconf 81' lang='lat' dir='ltr'><strong>propugnaculum</strong></span> <span class='ocrx_word' id='word_1_98' title='bbox 2584 1673 2785 1757; x_wconf 90' lang='lat' dir='ltr'><strong>ponit.</strong></span> 
     </span>
     <span class='ocr_line' id='line_1_16' title="bbox 836 1757 2784 1841; baseline -0.002 -17"><span class='ocrx_word' id='word_1_99' title='bbox 836 1759 1045 1841; x_wconf 80' lang='lat' dir='ltr'><strong>Atqui</strong></span> <span class='ocrx_word' id='word_1_100' title='bbox 1126 1766 1366 1823; x_wconf 87' lang='lat' dir='ltr'><strong>natura</strong></span> <span class='ocrx_word' id='word_1_101' title='bbox 1447 1758 1722 1823; x_wconf 90' lang='lat' dir='ltr'><strong>nimium</strong></span> <span class='ocrx_word' id='word_1_102' title='bbox 1791 1759 2112 1841; x_wconf 86' lang='lat' dir='ltr'><strong>proclives</strong></span> <span class='ocrx_word' id='word_1_103' title='bbox 2176 1760 2242 1823; x_wconf 90' lang='lat' dir='ltr'><strong>in</strong></span> <span class='ocrx_word' id='word_1_104' title='bbox 2310 1758 2546 1825; x_wconf 87' lang='lat' dir='ltr'><strong>vitium</strong></span> <span class='ocrx_word' id='word_1_105' title='bbox 2612 1757 2784 1822; x_wconf 89' lang='lat' dir='ltr'><strong>istud</strong></span> 
     </span>
     <span class='ocr_line' id='line_1_17' title="bbox 834 1844 2784 1921; baseline -0.003 -10"><span class='ocrx_word' id='word_1_106' title='bbox 834 1866 1082 1921; x_wconf 89' lang='lat' dir='ltr'><strong>sumus,</strong></span> <span class='ocrx_word' id='word_1_107' title='bbox 1128 1845 1255 1908; x_wconf 90' lang='lat' dir='ltr'><strong>nisi</strong></span> <span class='ocrx_word' id='word_1_108' title='bbox 1295 1845 1478 1909; x_wconf 90' lang='lat' dir='ltr'><strong>Deus</strong></span> <span class='ocrx_word' id='word_1_109' title='bbox 1522 1845 1773 1909; x_wconf 86' lang='lat' dir='ltr'><strong>virtute</strong></span> <span class='ocrx_word' id='word_1_110' title='bbox 1810 1865 1929 1910; x_wconf 91' lang='lat' dir='ltr'><strong>sua</strong></span> <span class='ocrx_word' id='word_1_111' title='bbox 1973 1867 2094 1910; x_wconf 90' lang='lat' dir='ltr'><strong>nos</strong></span> <span class='ocrx_word' id='word_1_112' title='bbox 2138 1844 2220 1909; x_wconf 89' lang='lat' dir='ltr'><strong>ab</strong></span> <span class='ocrx_word' id='word_1_113' title='bbox 2263 1865 2341 1910; x_wconf 93' lang='lat' dir='ltr'><strong>eo</strong></span> <span class='ocrx_word' id='word_1_114' title='bbox 2385 1844 2784 1910; x_wconf 79' lang='lat' dir='ltr'><strong>retraheret:</strong></span> 
     </span>
     <span class='ocr_line' id='line_1_18' title="bbox 832 1930 2788 2015; baseline -0.001 -20"><span class='ocrx_word' id='word_1_115' title='bbox 832 1951 1039 2015; x_wconf 91' lang='lat' dir='ltr'><strong>quum</strong></span> <span class='ocrx_word' id='word_1_116' title='bbox 1082 1930 1287 2014; x_wconf 87' lang='lat' dir='ltr'><strong>igitur</strong></span> <span class='ocrx_word' id='word_1_117' title='bbox 1331 1950 1449 1994; x_wconf 91' lang='lat' dir='ltr'><strong>nos</strong></span> <span class='ocrx_word' id='word_1_118' title='bbox 1494 1930 1575 1995; x_wconf 90' lang='lat' dir='ltr'><strong>ad</strong></span> <span class='ocrx_word' id='word_1_119' title='bbox 1622 1950 1693 1994; x_wconf 88' lang='lat' dir='ltr'><strong>se</strong></span> <span class='ocrx_word' id='word_1_120' title='bbox 1729 1939 1936 2008; x_wconf 88' lang='lat' dir='ltr'><strong>vocat,</strong></span> <span class='ocrx_word' id='word_1_121' title='bbox 2001 1951 2118 2014; x_wconf 89' lang='lat' dir='ltr'><strong>per</strong></span> <span class='ocrx_word' id='word_1_122' title='bbox 2162 1930 2406 1994; x_wconf 91' lang='lat' dir='ltr'><strong>multas</strong></span> <span class='ocrx_word' id='word_1_123' title='bbox 2451 1930 2788 2013; x_wconf 89' lang='lat' dir='ltr'><strong>angustias</strong></span> 
     </span>
     <span class='ocr_line' id='line_1_19' title="bbox 833 2014 2785 2100; baseline -0.002 -19"><span class='ocrx_word' id='word_1_124' title='bbox 833 2036 1031 2100; x_wconf 87' lang='lat' dir='ltr'><strong>quam</strong></span> <span class='ocrx_word' id='word_1_125' title='bbox 1087 2017 1172 2081; x_wconf 91' lang='lat' dir='ltr'><strong>sit</strong></span> <span class='ocrx_word' id='word_1_126' title='bbox 1233 2014 1419 2081; x_wconf 92' lang='lat' dir='ltr'><strong>nobis</strong></span> <span class='ocrx_word' id='word_1_127' title='bbox 1478 2014 1639 2080; x_wconf 89' lang='lat' dir='ltr'><strong>illud</strong></span> <span class='ocrx_word' id='word_1_128' title='bbox 1700 2016 1861 2081; x_wconf 91' lang='lat' dir='ltr'><strong>utile</strong></span> <span class='ocrx_word' id='word_1_129' title='bbox 1918 2015 2239 2082; x_wconf 89' lang='lat' dir='ltr'><strong>videmus.</strong></span> <span class='ocrx_word' id='word_1_130' title='bbox 2342 2014 2785 2097; x_wconf 76' lang='lat' dir='ltr'><strong>Quamobrem</strong></span> 
     </span>
     <span class='ocr_line' id='line_1_20' title="bbox 833 2099 2786 2185; baseline -0.001 -19"><span class='ocrx_word' id='word_1_131' title='bbox 833 2102 1341 2185; x_wconf 84' lang='lat' dir='ltr'><strong>quotiescunque</strong></span> <span class='ocrx_word' id='word_1_132' title='bbox 1388 2101 1529 2166; x_wconf 91' lang='lat' dir='ltr'><strong>Deo</strong></span> <span class='ocrx_word' id='word_1_133' title='bbox 1567 2100 1898 2166; x_wconf 87' lang='lat' dir='ltr'><strong>videbitur</strong></span> <span class='ocrx_word' id='word_1_134' title='bbox 1943 2122 2062 2168; x_wconf 90' lang='lat' dir='ltr'><strong>nos</strong></span> <span class='ocrx_word' id='word_1_135' title='bbox 2107 2103 2177 2165; x_wconf 90' lang='lat' dir='ltr'><strong>in</strong></span> <span class='ocrx_word' id='word_1_136' title='bbox 2223 2101 2467 2166; x_wconf 88' lang='lat' dir='ltr'><strong>multas</strong></span> <span class='ocrx_word' id='word_1_137' title='bbox 2511 2099 2786 2167; x_wconf 85' lang='lat' dir='ltr'><strong>difficul-</strong></span> 
     </span>
     <span class='ocr_line' id='line_1_21' title="bbox 840 2186 2786 2271; baseline -0.001 -19"><span class='ocrx_word' id='word_1_138' title='bbox 840 2197 1016 2253; x_wconf 85' lang='lat' dir='ltr'><strong>tates</strong></span> <span class='ocrx_word' id='word_1_139' title='bbox 1075 2188 1364 2269; x_wconf 89' lang='lat' dir='ltr'><strong>iniicere,</strong></span> <span class='ocrx_word' id='word_1_140' title='bbox 1420 2206 1888 2271; x_wconf 86' lang='lat' dir='ltr'><strong>cognoscamus</strong></span> <span class='ocrx_word' id='word_1_141' title='bbox 1948 2196 2174 2253; x_wconf 90' lang='lat' dir='ltr'><strong>nostro</strong></span> <span class='ocrx_word' id='word_1_142' title='bbox 2231 2186 2570 2253; x_wconf 90' lang='lat' dir='ltr'><strong>commodo</strong></span> <span class='ocrx_word' id='word_1_143' title='bbox 2625 2187 2786 2266; x_wconf 90' lang='lat' dir='ltr'><strong>fieri,</strong></span> 
     </span>
     <span class='ocr_line' id='line_1_22' title="bbox 839 2272 2789 2355; baseline -0.002 -17"><span class='ocrx_word' id='word_1_144' title='bbox 839 2285 917 2338; x_wconf 92' lang='lat' dir='ltr'><strong>ut</strong></span> <span class='ocrx_word' id='word_1_145' title='bbox 960 2272 1175 2339; x_wconf 91' lang='lat' dir='ltr'><strong>Deum</strong></span> <span class='ocrx_word' id='word_1_146' title='bbox 1283 2292 1631 2338; x_wconf 88' lang='lat' dir='ltr'><strong>uaeramus</strong></span> <span class='ocrx_word' id='word_1_147' title='bbox 1690 2281 1756 2336; x_wconf 88' lang='lat' dir='ltr'><strong>et</strong></span> <span class='ocrx_word' id='word_1_148' title='bbox 1797 2273 1924 2355; x_wconf 90' lang='lat' dir='ltr'><strong>ipsi</strong></span> <span class='ocrx_word' id='word_1_149' title='bbox 1968 2273 2459 2353; x_wconf 86' lang='lat' dir='ltr'><strong>adhaereamus,</strong></span> <span class='ocrx_word' id='word_1_150' title='bbox 2509 2282 2577 2337; x_wconf 91' lang='lat' dir='ltr'><strong>et</strong></span> <span class='ocrx_word' id='word_1_151' title='bbox 2621 2292 2705 2336; x_wconf 91' lang='lat' dir='ltr'><strong>ne</strong></span> <span class='ocrx_word' id='word_1_152' title='bbox 2749 2290 2789 2335; x_wconf 91' lang='lat' dir='ltr'><strong>a</strong></span> 
     </span>
     <span class='ocr_line' id='line_1_23' title="bbox 841 2294 2788 2443; baseline -0.001 -20"><span class='ocrx_word' id='word_1_153' title='bbox 841 2359 1037 2424; x_wconf 85' lang='lat' dir='ltr'><strong>vanis</strong></span> <span class='ocrx_word' id='word_1_154' title='bbox 1082 2294 1545 2440; x_wconf 57' lang='lat' dir='ltr'><strong>cupiditatibus</strong></span> <span class='ocrx_word' id='word_1_155' title='bbox 1589 2356 1960 2438; x_wconf 90' lang='lat' dir='ltr'><strong>mundanis,</strong></span> <span class='ocrx_word' id='word_1_156' title='bbox 1997 2358 2235 2443; x_wconf 90' lang='lat' dir='ltr'><strong>quibus</strong></span> <span class='ocrx_word' id='word_1_157' title='bbox 2271 2360 2546 2423; x_wconf 83' lang='lat' dir='ltr'><strong>exitium</strong></span> <span class='ocrx_word' id='word_1_158' title='bbox 2575 2378 2788 2423; x_wconf 88' lang='lat' dir='ltr'><strong>accer-</strong></span> 
     </span>
     <span class='ocr_line' id='line_1_24' title="bbox 843 2442 2790 2527; baseline -0.001 -18"><span class='ocrx_word' id='word_1_159' title='bbox 843 2444 1034 2520; x_wconf 87' lang='lat' dir='ltr'><strong>situr,</strong></span> <span class='ocrx_word' id='word_1_160' title='bbox 1081 2442 1504 2525; x_wconf 89' lang='lat' dir='ltr'><strong>decipiamur.</strong></span> <span class='ocrx_word' id='word_1_161' title='bbox 1572 2443 1744 2508; x_wconf 89' lang='lat' dir='ltr'><strong>Nam</strong></span> <span class='ocrx_word' id='word_1_162' title='bbox 1786 2444 1944 2527; x_wconf 90' lang='lat' dir='ltr'><strong>ipsis</strong></span> <span class='ocrx_word' id='word_1_163' title='bbox 1983 2443 2320 2510; x_wconf 85' lang='lat' dir='ltr'><strong>fraudibus</strong></span> <span class='ocrx_word' id='word_1_164' title='bbox 2346 2442 2553 2511; x_wconf 91' lang='lat' dir='ltr'><strong>Satan</strong></span> <span class='ocrx_word' id='word_1_165' title='bbox 2599 2464 2790 2510; x_wconf 90' lang='lat' dir='ltr'><strong>cona-</strong></span> 
     </span>
     <span class='ocr_line' id='line_1_25' title="bbox 847 2527 2788 2613; baseline 0 -20"><span class='ocrx_word' id='word_1_166' title='bbox 847 2538 957 2594; x_wconf 88' lang='lat' dir='ltr'><strong>tur</strong></span> <span class='ocrx_word' id='word_1_167' title='bbox 1018 2549 1058 2593; x_wconf 89' lang='lat' dir='ltr'><strong>a</strong></span> <span class='ocrx_word' id='word_1_168' title='bbox 1115 2529 1258 2593; x_wconf 90' lang='lat' dir='ltr'><strong>Deo</strong></span> <span class='ocrx_word' id='word_1_169' title='bbox 1316 2548 1435 2593; x_wconf 90' lang='lat' dir='ltr'><strong>nos</strong></span> <span class='ocrx_word' id='word_1_170' title='bbox 1495 2527 1833 2607; x_wconf 88' lang='lat' dir='ltr'><strong>abducere,</strong></span> <span class='ocrx_word' id='word_1_171' title='bbox 1893 2536 2054 2613; x_wconf 89' lang='lat' dir='ltr'><strong>puta</strong></span> <span class='ocrx_word' id='word_1_172' title='bbox 2112 2551 2333 2596; x_wconf 90' lang='lat' dir='ltr'><strong>rerum</strong></span> <span class='ocrx_word' id='word_1_173' title='bbox 2375 2538 2788 2596; x_wconf 88' lang='lat' dir='ltr'><strong>terrenarum</strong></span> 
     </span>
     <span class='ocr_line' id='line_1_26' title="bbox 846 2612 2791 2696; baseline -0.001 -17"><span class='ocrx_word' id='word_1_174' title='bbox 846 2633 1008 2679; x_wconf 87' lang='lat' dir='ltr'><strong>cura</strong></span> <span class='ocrx_word' id='word_1_175' title='bbox 1051 2620 1118 2679; x_wconf 94' lang='lat' dir='ltr'><strong>et</strong></span> <span class='ocrx_word' id='word_1_176' title='bbox 1159 2612 1614 2691; x_wconf 90' lang='lat' dir='ltr'><strong>sollicitudine,</strong></span> <span class='ocrx_word' id='word_1_177' title='bbox 1661 2614 1895 2696; x_wconf 88' lang='lat' dir='ltr'><strong>quibus</strong></span> <span class='ocrx_word' id='word_1_178' title='bbox 1937 2616 2280 2681; x_wconf 89' lang='lat' dir='ltr'><strong>hominum</strong></span> <span class='ocrx_word' id='word_1_179' title='bbox 2323 2625 2579 2682; x_wconf 91' lang='lat' dir='ltr'><strong>mentes</strong></span> <span class='ocrx_word' id='word_1_180' title='bbox 2623 2614 2791 2680; x_wconf 93' lang='lat' dir='ltr'><strong>solet</strong></span> 
     </span>
     <span class='ocr_line' id='line_1_27' title="bbox 845 2698 2790 2784; baseline -0.001 -19"><span class='ocrx_word' id='word_1_181' title='bbox 845 2698 1124 2765; x_wconf 89' lang='lat' dir='ltr'><strong>irretire.</strong></span> <span class='ocrx_word' id='word_1_182' title='bbox 1212 2699 1305 2764; x_wconf 84' lang='lat' dir='ltr'><strong>Et</strong></span> <span class='ocrx_word' id='word_1_183' title='bbox 1347 2699 1562 2765; x_wconf 89' lang='lat' dir='ltr'><strong>Deum</strong></span> <span class='ocrx_word' id='word_1_184' title='bbox 1616 2708 1872 2784; x_wconf 85' lang='lat' dir='ltr'><strong>oportet</strong></span> <span class='ocrx_word' id='word_1_185' title='bbox 1928 2700 2220 2768; x_wconf 88' lang='lat' dir='ltr'><strong>vicissim</strong></span> <span class='ocrx_word' id='word_1_186' title='bbox 2281 2700 2361 2766; x_wconf 94' lang='lat' dir='ltr'><strong>de</strong></span> <span class='ocrx_word' id='word_1_187' title='bbox 2415 2700 2790 2765; x_wconf 89' lang='lat' dir='ltr'><strong>hominibus</strong></span> 
     </span>
     <span class='ocr_line' id='line_1_28' title="bbox 843 2783 2787 2869; baseline 0.001 -20"><span class='ocrx_word' id='word_1_188' title='bbox 843 2785 866 2849; x_wconf 90' lang='lat' dir='ltr'><strong>i</strong></span> <span class='ocrx_word' id='word_1_189' title='bbox 915 2805 1063 2850; x_wconf 90' lang='lat' dir='ltr'><strong>sum</strong></span> <span class='ocrx_word' id='word_1_190' title='bbox 1098 2784 1342 2850; x_wconf 89' lang='lat' dir='ltr'><strong>honore</strong></span> <span class='ocrx_word' id='word_1_191' title='bbox 1378 2783 1594 2850; x_wconf 88' lang='lat' dir='ltr'><strong>debito</strong></span> <span class='ocrx_word' id='word_1_192' title='bbox 1632 2785 2064 2869; x_wconf 89' lang='lat' dir='ltr'><strong>spoliantibus</strong></span> <span class='ocrx_word' id='word_1_193' title='bbox 2106 2787 2462 2854; x_wconf 89' lang='lat' dir='ltr'><strong>vindictam</strong></span> <span class='ocrx_word' id='word_1_194' title='bbox 2509 2807 2787 2852; x_wconf 90' lang='lat' dir='ltr'><strong>sumere.</strong></span> 
     </span>
    </p>

    <p class='ocr_par' dir='ltr' id='par_1_3' title="bbox 844 2870 2798 3809">
     <span class='ocr_line' id='line_1_29' title="bbox 907 2870 2791 2957; baseline 0.001 -22"><span class='ocrx_word' id='word_1_195' title='bbox 907 2891 1056 2936; x_wconf 90' lang='lat' dir='ltr'><strong>orro</strong></span> <span class='ocrx_word' id='word_1_196' title='bbox 1090 2870 1223 2936; x_wconf 88' lang='lat' dir='ltr'><strong>nisi</strong></span> <span class='ocrx_word' id='word_1_197' title='bbox 1255 2870 1463 2936; x_wconf 81' lang='lat' dir='ltr'><strong>vitam</strong></span> <span class='ocrx_word' id='word_1_198' title='bbox 1509 2879 1799 2937; x_wconf 87' lang='lat' dir='ltr'><strong>nostram</strong></span> <span class='ocrx_word' id='word_1_199' title='bbox 1843 2872 1914 2937; x_wconf 90' lang='lat' dir='ltr'><strong>in</strong></span> <span class='ocrx_word' id='word_1_200' title='bbox 1955 2874 2099 2957; x_wconf 89' lang='lat' dir='ltr'><strong>ipso</strong></span> <span class='ocrx_word' id='word_1_201' title='bbox 2140 2892 2554 2957; x_wconf 88' lang='lat' dir='ltr'><strong>reponamus,</strong></span> <span class='ocrx_word' id='word_1_202' title='bbox 2602 2884 2668 2936; x_wconf 89' lang='lat' dir='ltr'><strong>et</strong></span> <span class='ocrx_word' id='word_1_203' title='bbox 2709 2872 2791 2937; x_wconf 86' lang='lat' dir='ltr'><strong>ab</strong></span> 
     </span>
     <span class='ocr_line' id='line_1_30' title="bbox 844 2956 2793 3040; baseline 0 -19"><span class='ocrx_word' id='word_1_204' title='bbox 844 2956 1053 3039; x_wconf 89' lang='lat' dir='ltr'><strong>ipsius</strong></span> <span class='ocrx_word' id='word_1_205' title='bbox 1120 2956 1316 3022; x_wconf 89' lang='lat' dir='ltr'><strong>unica</strong></span> <span class='ocrx_word' id='word_1_206' title='bbox 1376 2957 1618 3022; x_wconf 89' lang='lat' dir='ltr'><strong>virtute</strong></span> <span class='ocrx_word' id='word_1_207' title='bbox 1675 2956 1958 3040; x_wconf 90' lang='lat' dir='ltr'><strong>pendere</strong></span> <span class='ocrx_word' id='word_1_208' title='bbox 2009 2959 2328 3040; x_wconf 89' lang='lat' dir='ltr'><strong>sciamus,</strong></span> <span class='ocrx_word' id='word_1_209' title='bbox 2382 2966 2635 3025; x_wconf 88' lang='lat' dir='ltr'><strong>certum</strong></span> <span class='ocrx_word' id='word_1_210' title='bbox 2691 2967 2793 3022; x_wconf 91' lang='lat' dir='ltr'><strong>est</strong></span> 
     </span>
     <span class='ocr_line' id='line_1_31' title="bbox 844 3041 2793 3128; baseline 0.001 -21"><span class='ocrx_word' id='word_1_211' title='bbox 844 3042 1062 3126; x_wconf 79' lang='lat' dir='ltr'><strong>ipsum</strong></span> <span class='ocrx_word' id='word_1_212' title='bbox 1119 3063 1160 3107; x_wconf 89' lang='lat' dir='ltr'><strong>a</strong></span> <span class='ocrx_word' id='word_1_213' title='bbox 1217 3041 1404 3106; x_wconf 88' lang='lat' dir='ltr'><strong>nobis</strong></span> <span class='ocrx_word' id='word_1_214' title='bbox 1460 3062 1578 3107; x_wconf 90' lang='lat' dir='ltr'><strong>suo</strong></span> <span class='ocrx_word' id='word_1_215' title='bbox 1638 3044 1779 3108; x_wconf 90' lang='lat' dir='ltr'><strong>iure</strong></span> <span class='ocrx_word' id='word_1_216' title='bbox 1822 3049 1889 3108; x_wconf 89' lang='lat' dir='ltr'><strong>et</strong></span> <span class='ocrx_word' id='word_1_217' title='bbox 1930 3045 2282 3109; x_wconf 84' lang='lat' dir='ltr'><strong>autoritate</strong></span> <span class='ocrx_word' id='word_1_218' title='bbox 2322 3044 2606 3128; x_wconf 88' lang='lat' dir='ltr'><strong>spoliari,</strong></span> <span class='ocrx_word' id='word_1_219' title='bbox 2660 3063 2793 3108; x_wconf 88' lang='lat' dir='ltr'><strong>res-</strong></span> 
     </span>
     <span class='ocr_line' id='line_1_32' title="bbox 847 3127 2795 3213; baseline 0.002 -21"><span class='ocrx_word' id='word_1_220' title='bbox 847 3149 975 3212; x_wconf 91' lang='lat' dir='ltr'><strong>que</strong></span> <span class='ocrx_word' id='word_1_221' title='bbox 1035 3148 1264 3193; x_wconf 90' lang='lat' dir='ltr'><strong>omnes</strong></span> <span class='ocrx_word' id='word_1_222' title='bbox 1321 3138 1574 3194; x_wconf 88' lang='lat' dir='ltr'><strong>creatas</strong></span> <span class='ocrx_word' id='word_1_223' title='bbox 1634 3127 1704 3192; x_wconf 91' lang='lat' dir='ltr'><strong>in</strong></span> <span class='ocrx_word' id='word_1_224' title='bbox 1761 3129 1998 3213; x_wconf 90' lang='lat' dir='ltr'><strong>quibus</strong></span> <span class='ocrx_word' id='word_1_225' title='bbox 2055 3129 2360 3196; x_wconf 87' lang='lat' dir='ltr'><strong>fiduciam</strong></span> <span class='ocrx_word' id='word_1_226' title='bbox 2404 3129 2795 3196; x_wconf 87' lang='lat' dir='ltr'><strong>collocamus</strong></span> 
     </span>
     <span class='ocr_line' id='line_1_33' title="bbox 847 3211 2792 3300; baseline -0.001 -20"><span class='ocrx_word' id='word_1_227' title='bbox 847 3235 890 3280; x_wconf 86' lang='lat' dir='ltr'><strong>a</strong></span> <span class='ocrx_word' id='word_1_228' title='bbox 953 3212 1143 3278; x_wconf 90' lang='lat' dir='ltr'><strong>nobis</strong></span> <span class='ocrx_word' id='word_1_229' title='bbox 1209 3213 1278 3276; x_wconf 90' lang='lat' dir='ltr'><strong>in</strong></span> <span class='ocrx_word' id='word_1_230' title='bbox 1342 3211 1518 3279; x_wconf 90' lang='lat' dir='ltr'><strong>idola</strong></span> <span class='ocrx_word' id='word_1_231' title='bbox 1582 3217 2062 3297; x_wconf 83' lang='lat' dir='ltr'><strong>transformari,</strong></span> <span class='ocrx_word' id='word_1_232' title='bbox 2130 3216 2307 3300; x_wconf 90' lang='lat' dir='ltr'><strong>quod</strong></span> <span class='ocrx_word' id='word_1_233' title='bbox 2375 3215 2792 3299; x_wconf 89' lang='lat' dir='ltr'><strong>sacrilegium</strong></span> 
     </span>
     <span class='ocr_line' id='line_1_34' title="bbox 848 3297 2798 3386; baseline 0.001 -22"><span class='ocrx_word' id='word_1_234' title='bbox 848 3297 1074 3365; x_wconf 89' lang='lat' dir='ltr'><strong>Deum</strong></span> <span class='ocrx_word' id='word_1_235' title='bbox 1126 3298 1353 3365; x_wconf 89' lang='lat' dir='ltr'><strong>ulcisci</strong></span> <span class='ocrx_word' id='word_1_236' title='bbox 1412 3319 1531 3381; x_wconf 91' lang='lat' dir='ltr'><strong>par</strong></span> <span class='ocrx_word' id='word_1_237' title='bbox 1585 3308 1702 3365; x_wconf 90' lang='lat' dir='ltr'><strong>est.</strong></span> <span class='ocrx_word' id='word_1_238' title='bbox 1805 3300 2056 3366; x_wconf 77' lang='lat' dir='ltr'><strong>Contra</strong></span> <span class='ocrx_word' id='word_1_239' title='bbox 2117 3322 2272 3367; x_wconf 92' lang='lat' dir='ltr'><strong>vero</strong></span> <span class='ocrx_word' id='word_1_240' title='bbox 2330 3319 2798 3386; x_wconf 86' lang='lat' dir='ltr'><strong>cognoscamus</strong></span> 
     </span>
     <span class='ocr_line' id='line_1_35' title="bbox 849 3384 2798 3474; baseline 0 -24"><span class='ocrx_word' id='word_1_241' title='bbox 849 3406 971 3451; x_wconf 86' lang='lat' dir='ltr'><strong>nos</strong></span> <span class='ocrx_word' id='word_1_242' title='bbox 1029 3384 1111 3449; x_wconf 90' lang='lat' dir='ltr'><strong>ad</strong></span> <span class='ocrx_word' id='word_1_243' title='bbox 1169 3384 1386 3467; x_wconf 90' lang='lat' dir='ltr'><strong>ipsum</strong></span> <span class='ocrx_word' id='word_1_244' title='bbox 1446 3385 1890 3451; x_wconf 87' lang='lat' dir='ltr'><strong>invocandum</strong></span> <span class='ocrx_word' id='word_1_245' title='bbox 1937 3388 2406 3474; x_wconf 80' lang='lat' dir='ltr'><strong>confugientes,</strong></span> <span class='ocrx_word' id='word_1_246' title='bbox 2457 3385 2798 3452; x_wconf 90' lang='lat' dir='ltr'><strong>fiduciam-</strong></span> 
     </span>
     <span class='ocr_line' id='line_1_36' title="bbox 851 3471 2798 3555; baseline 0.001 -20"><span class='ocrx_word' id='word_1_247' title='bbox 851 3490 978 3553; x_wconf 90' lang='lat' dir='ltr'><strong>que</strong></span> <span class='ocrx_word' id='word_1_248' title='bbox 1020 3491 1282 3536; x_wconf 88' lang='lat' dir='ltr'><strong>omnem</strong></span> <span class='ocrx_word' id='word_1_249' title='bbox 1343 3481 1636 3536; x_wconf 89' lang='lat' dir='ltr'><strong>nostram</strong></span> <span class='ocrx_word' id='word_1_250' title='bbox 1694 3472 1761 3536; x_wconf 90' lang='lat' dir='ltr'><strong>in</strong></span> <span class='ocrx_word' id='word_1_251' title='bbox 1824 3472 2034 3555; x_wconf 88' lang='lat' dir='ltr'><strong>ipsius</strong></span> <span class='ocrx_word' id='word_1_252' title='bbox 2090 3475 2335 3540; x_wconf 88' lang='lat' dir='ltr'><strong>virtute</strong></span> <span class='ocrx_word' id='word_1_253' title='bbox 2390 3471 2798 3551; x_wconf 83' lang='lat' dir='ltr'><strong>collocantes,</strong></span> 
     </span>
     <span class='ocr_line' id='line_1_37' title="bbox 851 3555 2798 3645; baseline 0.001 -25"><span class='ocrx_word' id='word_1_254' title='bbox 851 3556 1133 3621; x_wconf 91' lang='lat' dir='ltr'><strong>multum</strong></span> <span class='ocrx_word' id='word_1_255' title='bbox 1192 3556 1557 3639; x_wconf 87' lang='lat' dir='ltr'><strong>profecisse.</strong></span> <span class='ocrx_word' id='word_1_256' title='bbox 1646 3555 1927 3624; x_wconf 88' lang='lat' dir='ltr'><strong>Davidis</strong></span> <span class='ocrx_word' id='word_1_257' title='bbox 1985 3558 2189 3645; x_wconf 84' lang='lat' dir='ltr'><strong>igitur</strong></span> <span class='ocrx_word' id='word_1_258' title='bbox 2234 3558 2609 3641; x_wconf 86' lang='lat' dir='ltr'><strong>exemplum</strong></span> <span class='ocrx_word' id='word_1_259' title='bbox 2651 3557 2798 3622; x_wconf 90' lang='lat' dir='ltr'><strong>ideo</strong></span> 
     </span>
     <span class='ocr_line' id='line_1_38' title="bbox 851 3642 2798 3728; baseline 0 -22"><span class='ocrx_word' id='word_1_260' title='bbox 851 3642 1042 3706; x_wconf 88' lang='lat' dir='ltr'><strong>nobis</strong></span> <span class='ocrx_word' id='word_1_261' title='bbox 1101 3643 1506 3725; x_wconf 89' lang='lat' dir='ltr'><strong>proponitur,</strong></span> <span class='ocrx_word' id='word_1_262' title='bbox 1566 3648 1642 3707; x_wconf 90' lang='lat' dir='ltr'><strong>ut</strong></span> <span class='ocrx_word' id='word_1_263' title='bbox 1697 3644 2022 3725; x_wconf 88' lang='lat' dir='ltr'><strong>patienter</strong></span> <span class='ocrx_word' id='word_1_264' title='bbox 2064 3646 2331 3728; x_wconf 89' lang='lat' dir='ltr'><strong>quosvis</strong></span> <span class='ocrx_word' id='word_1_265' title='bbox 2374 3664 2564 3709; x_wconf 87' lang='lat' dir='ltr'><strong>casus</strong></span> <span class='ocrx_word' id='word_1_266' title='bbox 2607 3644 2798 3721; x_wconf 86' lang='lat' dir='ltr'><strong>ferre,</strong></span> 
     </span>
     <span class='ocr_line' id='line_1_39' title="bbox 849 3726 1853 3809; baseline 0.005 -19"><span class='ocrx_word' id='word_1_267' title='bbox 849 3739 920 3791; x_wconf 89' lang='lat' dir='ltr'><strong>et</strong></span> <span class='ocrx_word' id='word_1_268' title='bbox 961 3726 1177 3809; x_wconf 91' lang='lat' dir='ltr'><strong>ipsum</strong></span> <span class='ocrx_word' id='word_1_269' title='bbox 1219 3727 1465 3792; x_wconf 89' lang='lat' dir='ltr'><strong>imitari</strong></span> <span class='ocrx_word' id='word_1_270' title='bbox 1509 3726 1853 3795; x_wconf 84' lang='lat' dir='ltr'><strong>discamus.</strong></span> 
     </span>
    </p>

    <p class='ocr_par' dir='ltr' id='par_1_4' title="bbox 850 3812 2804 5356">
     <span class='ocr_line' id='line_1_40' title="bbox 1027 3812 2799 3899; baseline 0.003 -24"><span class='ocrx_word' id='word_1_271' title='bbox 1027 3812 1225 3895; x_wconf 81' lang='lat' dir='ltr'><strong>Agite</strong></span> <span class='ocrx_word' id='word_1_272' title='bbox 1283 3813 1489 3895; x_wconf 89' lang='lat' dir='ltr'><strong>igitur</strong></span> <span class='ocrx_word' id='word_1_273' title='bbox 1532 3813 1722 3878; x_wconf 89' lang='lat' dir='ltr'><strong>aliam</strong></span> <span class='ocrx_word' id='word_1_274' title='bbox 1770 3815 2096 3881; x_wconf 90' lang='lat' dir='ltr'><strong>rationem</strong></span> <span class='ocrx_word' id='word_1_275' title='bbox 2140 3836 2180 3881; x_wconf 90' lang='lat' dir='ltr'><strong>a</strong></span> <span class='ocrx_word' id='word_1_276' title='bbox 2222 3817 2555 3899; x_wconf 89' lang='lat' dir='ltr'><strong>superiore</strong></span> <span class='ocrx_word' id='word_1_277' title='bbox 2600 3813 2799 3898; x_wconf 72' lang='lat' dir='ltr'><strong>quam</strong></span> 
     </span>
     <span class='ocr_line' id='line_1_41' title="bbox 854 3897 2800 3985; baseline 0.001 -22"><span class='ocrx_word' id='word_1_278' title='bbox 854 3898 1041 3964; x_wconf 89' lang='lat' dir='ltr'><strong>Deus</strong></span> <span class='ocrx_word' id='word_1_279' title='bbox 1098 3898 1167 3961; x_wconf 88' lang='lat' dir='ltr'><strong>in</strong></span> <span class='ocrx_word' id='word_1_280' title='bbox 1222 3897 1481 3964; x_wconf 86' lang='lat' dir='ltr'><strong>Davide</strong></span> <span class='ocrx_word' id='word_1_281' title='bbox 1537 3898 1875 3966; x_wconf 90' lang='lat' dir='ltr'><strong>liberando</strong></span> <span class='ocrx_word' id='word_1_282' title='bbox 1921 3910 2238 3985; x_wconf 89' lang='lat' dir='ltr'><strong>sequutus</strong></span> <span class='ocrx_word' id='word_1_283' title='bbox 2281 3910 2401 3978; x_wconf 89' lang='lat' dir='ltr'><strong>est,</strong></span> <span class='ocrx_word' id='word_1_284' title='bbox 2468 3900 2800 3984; x_wconf 79' lang='lat' dir='ltr'><strong>expenda-</strong></span> 
     </span>
     <span class='ocr_line' id='line_1_42' title="bbox 851 3982 2799 4072; baseline -0.001 -22"><span class='ocrx_word' id='word_1_285' title='bbox 851 4004 1025 4050; x_wconf 88' lang='lat' dir='ltr'><strong>mus.</strong></span> <span class='ocrx_word' id='word_1_286' title='bbox 1118 3982 1401 4047; x_wconf 87' lang='lat' dir='ltr'><strong>Latebat</strong></span> <span class='ocrx_word' id='word_1_287' title='bbox 1454 3984 1525 4049; x_wconf 93' lang='lat' dir='ltr'><strong>in</strong></span> <span class='ocrx_word' id='word_1_288' title='bbox 1585 3985 1899 4068; x_wconf 89' lang='lat' dir='ltr'><strong>spelunca</strong></span> <span class='ocrx_word' id='word_1_289' title='bbox 1954 3986 2173 4054; x_wconf 88' lang='lat' dir='ltr'><strong>David</strong></span> <span class='ocrx_word' id='word_1_290' title='bbox 2233 3988 2461 4072; x_wconf 89' lang='lat' dir='ltr'><strong>paucis</strong></span> <span class='ocrx_word' id='word_1_291' title='bbox 2504 3986 2638 4052; x_wconf 88' lang='lat' dir='ltr'><strong>illis</strong></span> <span class='ocrx_word' id='word_1_292' title='bbox 2683 3985 2799 4052; x_wconf 88' lang='lat' dir='ltr'><strong>sti-</strong></span> 
     </span>
     <span class='ocr_line' id='line_1_43' title="bbox 850 4067 2802 4154; baseline 0.002 -21"><span class='ocrx_word' id='word_1_293' title='bbox 850 4081 1045 4154; x_wconf 86' lang='lat' dir='ltr'><strong>patus</strong></span> <span class='ocrx_word' id='word_1_294' title='bbox 1088 4067 1443 4134; x_wconf 88' lang='lat' dir='ltr'><strong>militibus:</strong></span> <span class='ocrx_word' id='word_1_295' title='bbox 1487 4079 1714 4136; x_wconf 87' lang='lat' dir='ltr'><strong>contra</strong></span> <span class='ocrx_word' id='word_1_296' title='bbox 1758 4092 1913 4139; x_wconf 87' lang='lat' dir='ltr'><strong>vero</strong></span> <span class='ocrx_word' id='word_1_297' title='bbox 1960 4072 2124 4139; x_wconf 86' lang='lat' dir='ltr'><strong>Saul</strong></span> <span class='ocrx_word' id='word_1_298' title='bbox 2161 4072 2347 4138; x_wconf 90' lang='lat' dir='ltr'><strong>illum</strong></span> <span class='ocrx_word' id='word_1_299' title='bbox 2393 4093 2543 4139; x_wconf 91' lang='lat' dir='ltr'><strong>cum</strong></span> <span class='ocrx_word' id='word_1_300' title='bbox 2588 4071 2802 4136; x_wconf 89' lang='lat' dir='ltr'><strong>tribus</strong></span> 
     </span>
     <span class='ocr_line' id='line_1_44' title="bbox 851 4152 2800 4241; baseline 0.002 -22"><span class='ocrx_word' id='word_1_301' title='bbox 851 4154 1035 4220; x_wconf 91' lang='lat' dir='ltr'><strong>mille</strong></span> <span class='ocrx_word' id='word_1_302' title='bbox 1093 4152 1605 4238; x_wconf 85' lang='lat' dir='ltr'><strong>persequebatur</strong></span> <span class='ocrx_word' id='word_1_303' title='bbox 1662 4157 1885 4224; x_wconf 89' lang='lat' dir='ltr'><strong>electis</strong></span> <span class='ocrx_word' id='word_1_304' title='bbox 1936 4169 2004 4224; x_wconf 88' lang='lat' dir='ltr'><strong>et</strong></span> <span class='ocrx_word' id='word_1_305' title='bbox 2059 4159 2449 4238; x_wconf 81' lang='lat' dir='ltr'><strong>exercitatis,</strong></span> <span class='ocrx_word' id='word_1_306' title='bbox 2505 4157 2619 4241; x_wconf 87' lang='lat' dir='ltr'><strong>qui</strong></span> <span class='ocrx_word' id='word_1_307' title='bbox 2665 4156 2800 4222; x_wconf 89' lang='lat' dir='ltr'><strong>Da-</strong></span> 
     </span>
     <span class='ocr_line' id='line_1_45' title="bbox 855 4240 2802 4330; baseline 0.001 -23"><span class='ocrx_word' id='word_1_308' title='bbox 855 4241 1076 4308; x_wconf 83' lang='lat' dir='ltr'><strong>videm</strong></span> <span class='ocrx_word' id='word_1_309' title='bbox 1133 4240 1426 4323; x_wconf 90' lang='lat' dir='ltr'><strong>undique</strong></span> <span class='ocrx_word' id='word_1_310' title='bbox 1485 4242 1759 4323; x_wconf 89' lang='lat' dir='ltr'><strong>cingunt</strong></span> <span class='ocrx_word' id='word_1_311' title='bbox 1814 4264 1900 4308; x_wconf 90' lang='lat' dir='ltr'><strong>ne</strong></span> <span class='ocrx_word' id='word_1_312' title='bbox 1959 4265 2087 4327; x_wconf 89' lang='lat' dir='ltr'><strong>qua</strong></span> <span class='ocrx_word' id='word_1_313' title='bbox 2137 4245 2344 4330; x_wconf 89' lang='lat' dir='ltr'><strong>possit</strong></span> <span class='ocrx_word' id='word_1_314' title='bbox 2384 4242 2577 4310; x_wconf 88' lang='lat' dir='ltr'><strong>elabi.</strong></span> <span class='ocrx_word' id='word_1_315' title='bbox 2666 4241 2802 4309; x_wconf 87' lang='lat' dir='ltr'><strong>Sed</strong></span> 
     </span>
     <span class='ocr_line' id='line_1_46' title="bbox 854 4325 2803 4412; baseline -0.001 -19"><span class='ocrx_word' id='word_1_316' title='bbox 854 4328 911 4393; x_wconf 89' lang='lat' dir='ltr'><strong>si</strong></span> <span class='ocrx_word' id='word_1_317' title='bbox 969 4325 1191 4393; x_wconf 89' lang='lat' dir='ltr'><strong>David</strong></span> <span class='ocrx_word' id='word_1_318' title='bbox 1238 4333 1496 4391; x_wconf 88' lang='lat' dir='ltr'><strong>tantum</strong></span> <span class='ocrx_word' id='word_1_319' title='bbox 1545 4325 1742 4393; x_wconf 92' lang='lat' dir='ltr'><strong>biduo</strong></span> <span class='ocrx_word' id='word_1_320' title='bbox 1779 4327 1851 4393; x_wconf 89' lang='lat' dir='ltr'><strong>in</strong></span> <span class='ocrx_word' id='word_1_321' title='bbox 1895 4330 2211 4412; x_wconf 88' lang='lat' dir='ltr'><strong>spelunca</strong></span> <span class='ocrx_word' id='word_1_322' title='bbox 2254 4329 2369 4395; x_wconf 89' lang='lat' dir='ltr'><strong>illa</strong></span> <span class='ocrx_word' id='word_1_323' title='bbox 2412 4329 2643 4396; x_wconf 84' lang='lat' dir='ltr'><strong>fuisset</strong></span> <span class='ocrx_word' id='word_1_324' title='bbox 2685 4328 2803 4393; x_wconf 88' lang='lat' dir='ltr'><strong>ob-</strong></span> 
     </span>
     <span class='ocr_line' id='line_1_47' title="bbox 857 4410 2804 4499; baseline 0.002 -21"><span class='ocrx_word' id='word_1_325' title='bbox 857 4432 1095 4491; x_wconf 85' lang='lat' dir='ltr'><strong>sessus,</strong></span> <span class='ocrx_word' id='word_1_326' title='bbox 1151 4410 1331 4478; x_wconf 90' lang='lat' dir='ltr'><strong>unde</strong></span> <span class='ocrx_word' id='word_1_327' title='bbox 1373 4413 1578 4477; x_wconf 88' lang='lat' dir='ltr'><strong>vitam</strong></span> <span class='ocrx_word' id='word_1_328' title='bbox 1635 4412 1779 4495; x_wconf 90' lang='lat' dir='ltr'><strong>ipse</strong></span> <span class='ocrx_word' id='word_1_329' title='bbox 1834 4434 1981 4480; x_wconf 91' lang='lat' dir='ltr'><strong>cum</strong></span> <span class='ocrx_word' id='word_1_330' title='bbox 2027 4417 2162 4482; x_wconf 90' lang='lat' dir='ltr'><strong>suis</strong></span> <span class='ocrx_word' id='word_1_331' title='bbox 2206 4416 2335 4482; x_wconf 89' lang='lat' dir='ltr'><strong>illis</strong></span> <span class='ocrx_word' id='word_1_332' title='bbox 2378 4414 2804 4499; x_wconf 85' lang='lat' dir='ltr'><strong>stipatoribus</strong></span> 
     </span>
     <span class='ocr_line' id='line_1_48' title="bbox 854 4496 2801 4580; baseline 0.001 -17"><span class='ocrx_word' id='word_1_333' title='bbox 854 4497 1239 4563; x_wconf 80' lang='lat' dir='ltr'><strong>tolerasset?</strong></span> <span class='ocrx_word' id='word_1_334' title='bbox 1330 4496 1544 4579; x_wconf 81' lang='lat' dir='ltr'><strong>Quam</strong></span> <span class='ocrx_word' id='word_1_335' title='bbox 1627 4500 1939 4564; x_wconf 87' lang='lat' dir='ltr'><strong>miserum</strong></span> <span class='ocrx_word' id='word_1_336' title='bbox 2005 4500 2178 4565; x_wconf 88' lang='lat' dir='ltr'><strong>fame</strong></span> <span class='ocrx_word' id='word_1_337' title='bbox 2240 4503 2515 4580; x_wconf 89' lang='lat' dir='ltr'><strong>enecari,</strong></span> <span class='ocrx_word' id='word_1_338' title='bbox 2599 4509 2667 4566; x_wconf 89' lang='lat' dir='ltr'><strong>et</strong></span> <span class='ocrx_word' id='word_1_339' title='bbox 2728 4500 2801 4564; x_wconf 89' lang='lat' dir='ltr'><strong>in</strong></span> 
     </span>
     <span class='ocr_line' id='line_1_49' title="bbox 854 4582 2800 4667; baseline 0.001 -19"><span class='ocrx_word' id='word_1_340' title='bbox 854 4582 1176 4666; x_wconf 88' lang='lat' dir='ltr'><strong>specubus</strong></span> <span class='ocrx_word' id='word_1_341' title='bbox 1235 4593 1546 4667; x_wconf 88' lang='lat' dir='ltr'><strong>tanquam</strong></span> <span class='ocrx_word' id='word_1_342' title='bbox 1604 4593 1797 4649; x_wconf 80' lang='lat' dir='ltr'><strong>extra</strong></span> <span class='ocrx_word' id='word_1_343' title='bbox 1855 4585 2197 4652; x_wconf 91' lang='lat' dir='ltr'><strong>hominum</strong></span> <span class='ocrx_word' id='word_1_344' title='bbox 2255 4594 2514 4653; x_wconf 91' lang='lat' dir='ltr'><strong>coetum</strong></span> <span class='ocrx_word' id='word_1_345' title='bbox 2569 4587 2640 4651; x_wconf 90' lang='lat' dir='ltr'><strong>in</strong></span> <span class='ocrx_word' id='word_1_346' title='bbox 2700 4606 2800 4650; x_wconf 91' lang='lat' dir='ltr'><strong>se-</strong></span> 
     </span>
     <span class='ocr_line' id='line_1_50' title="bbox 854 4668 2803 4755; baseline 0.002 -23"><span class='ocrx_word' id='word_1_347' title='bbox 854 4668 1083 4753; x_wconf 90' lang='lat' dir='ltr'><strong>pulcro</strong></span> <span class='ocrx_word' id='word_1_348' title='bbox 1153 4668 1413 4736; x_wconf 90' lang='lat' dir='ltr'><strong>latitare</strong></span> <span class='ocrx_word' id='word_1_349' title='bbox 1479 4676 1547 4735; x_wconf 91' lang='lat' dir='ltr'><strong>et</strong></span> <span class='ocrx_word' id='word_1_350' title='bbox 1612 4670 1900 4753; x_wconf 91' lang='lat' dir='ltr'><strong>quotidie</strong></span> <span class='ocrx_word' id='word_1_351' title='bbox 1959 4672 2142 4751; x_wconf 89' lang='lat' dir='ltr'><strong>mori,</strong></span> <span class='ocrx_word' id='word_1_352' title='bbox 2214 4692 2334 4738; x_wconf 89' lang='lat' dir='ltr'><strong>nee</strong></span> <span class='ocrx_word' id='word_1_353' title='bbox 2390 4692 2582 4755; x_wconf 89' lang='lat' dir='ltr'><strong>posse</strong></span> <span class='ocrx_word' id='word_1_354' title='bbox 2637 4671 2803 4737; x_wconf 88' lang='lat' dir='ltr'><strong>lucis</strong></span> 
     </span>
     <span class='ocr_line' id='line_1_51' title="bbox 856 4754 2802 4825; baseline -0.001 -4"><span class='ocrx_word' id='word_1_355' title='bbox 856 4755 1172 4821; x_wconf 90' lang='lat' dir='ltr'><strong>beneficio</strong></span> <span class='ocrx_word' id='word_1_356' title='bbox 1238 4754 1388 4821; x_wconf 88' lang='lat' dir='ltr'><strong>frui.</strong></span> <span class='ocrx_word' id='word_1_357' title='bbox 1476 4755 1946 4822; x_wconf 88' lang='lat' dir='ltr'><strong>Verumtamen</strong></span> <span class='ocrx_word' id='word_1_358' title='bbox 2018 4756 2346 4825; x_wconf 89' lang='lat' dir='ltr'><strong>Dominus</strong></span> <span class='ocrx_word' id='word_1_359' title='bbox 2403 4759 2666 4824; x_wconf 76' lang='lat' dir='ltr'><strong>,exitum</strong></span> <span class='ocrx_word' id='word_1_360' title='bbox 2730 4757 2802 4821; x_wconf 90' lang='lat' dir='ltr'><strong>in</strong></span> 
     </span>
     <span class='ocr_line' id='line_1_52' title="bbox 854 4838 2804 4926; baseline 0 -19"><span class='ocrx_word' id='word_1_361' title='bbox 854 4862 1059 4908; x_wconf 86' lang='lat' dir='ltr'><strong>manu</strong></span> <span class='ocrx_word' id='word_1_362' title='bbox 1137 4838 1440 4919; x_wconf 88' lang='lat' dir='ltr'><strong>habebat,</strong></span> <span class='ocrx_word' id='word_1_363' title='bbox 1516 4839 1968 4926; x_wconf 86' lang='lat' dir='ltr'><strong>Davidemque</strong></span> <span class='ocrx_word' id='word_1_364' title='bbox 2043 4864 2126 4908; x_wconf 85' lang='lat' dir='ltr'><strong>ex</strong></span> <span class='ocrx_word' id='word_1_365' title='bbox 2189 4843 2436 4910; x_wconf 91' lang='lat' dir='ltr'><strong>inimici</strong></span> <span class='ocrx_word' id='word_1_366' title='bbox 2499 4842 2804 4908; x_wconf 89' lang='lat' dir='ltr'><strong>manibus</strong></span> 
     </span>
     <span class='ocr_line' id='line_1_53' title="bbox 855 4926 2801 5014; baseline 0.001 -21"><span class='ocrx_word' id='word_1_367' title='bbox 855 4947 1139 5008; x_wconf 90' lang='lat' dir='ltr'><strong>servare,</strong></span> <span class='ocrx_word' id='word_1_368' title='bbox 1201 4934 1463 5009; x_wconf 87' lang='lat' dir='ltr'><strong>praeter</strong></span> <span class='ocrx_word' id='word_1_369' title='bbox 1517 4926 1859 4994; x_wconf 90' lang='lat' dir='ltr'><strong>hominum</strong></span> <span class='ocrx_word' id='word_1_370' title='bbox 1917 4931 2466 5014; x_wconf 84' lang='lat' dir='ltr'><strong>exspectationem</strong></span> <span class='ocrx_word' id='word_1_371' title='bbox 2524 4929 2801 4995; x_wconf 90' lang='lat' dir='ltr'><strong>volebat.</strong></span> 
     </span>
     <span class='ocr_line' id='line_1_54' title="bbox 855 5012 2802 5098; baseline 0 -20"><span class='ocrx_word' id='word_1_372' title='bbox 855 5013 1028 5079; x_wconf 90' lang='lat' dir='ltr'><strong>Nam</strong></span> <span class='ocrx_word' id='word_1_373' title='bbox 1075 5012 1238 5078; x_wconf 86' lang='lat' dir='ltr'><strong>Saul</strong></span> <span class='ocrx_word' id='word_1_374' title='bbox 1283 5012 1350 5077; x_wconf 88' lang='lat' dir='ltr'><strong>in</strong></span> <span class='ocrx_word' id='word_1_375' title='bbox 1398 5031 1663 5096; x_wconf 88' lang='lat' dir='ltr'><strong>specum</strong></span> <span class='ocrx_word' id='word_1_376' title='bbox 1711 5013 1889 5079; x_wconf 89' lang='lat' dir='ltr'><strong>illam</strong></span> <span class='ocrx_word' id='word_1_377' title='bbox 1930 5015 2111 5082; x_wconf 89' lang='lat' dir='ltr'><strong>solus</strong></span> <span class='ocrx_word' id='word_1_378' title='bbox 2156 5017 2239 5083; x_wconf 90' lang='lat' dir='ltr'><strong>ad</strong></span> <span class='ocrx_word' id='word_1_379' title='bbox 2275 5024 2553 5082; x_wconf 87' lang='lat' dir='ltr'><strong>naturae</strong></span> <span class='ocrx_word' id='word_1_380' title='bbox 2588 5015 2802 5098; x_wconf 89' lang='lat' dir='ltr'><strong>requi-</strong></span> 
     </span>
     <span class='ocr_line' id='line_1_55' title="bbox 858 5098 2803 5184; baseline 0 -20"><span class='ocrx_word' id='word_1_381' title='bbox 858 5100 987 5164; x_wconf 90' lang='lat' dir='ltr'><strong>sita</strong></span> <span class='ocrx_word' id='word_1_382' title='bbox 1029 5099 1318 5180; x_wconf 89' lang='lat' dir='ltr'><strong>secessit,</strong></span> <span class='ocrx_word' id='word_1_383' title='bbox 1361 5098 1431 5163; x_wconf 91' lang='lat' dir='ltr'><strong>in</strong></span> <span class='ocrx_word' id='word_1_384' title='bbox 1476 5120 1606 5184; x_wconf 89' lang='lat' dir='ltr'><strong>qua</strong></span> <span class='ocrx_word' id='word_1_385' title='bbox 1651 5098 1866 5167; x_wconf 90' lang='lat' dir='ltr'><strong>David</strong></span> <span class='ocrx_word' id='word_1_386' title='bbox 1911 5120 2063 5166; x_wconf 89' lang='lat' dir='ltr'><strong>cum</strong></span> <span class='ocrx_word' id='word_1_387' title='bbox 2109 5103 2245 5169; x_wconf 91' lang='lat' dir='ltr'><strong>suis</strong></span> <span class='ocrx_word' id='word_1_388' title='bbox 2288 5102 2555 5181; x_wconf 87' lang='lat' dir='ltr'><strong>latebat,</strong></span> <span class='ocrx_word' id='word_1_389' title='bbox 2600 5120 2803 5183; x_wconf 90' lang='lat' dir='ltr'><strong>quare</strong></span> 
     </span>
     <span class='ocr_line' id='line_1_56' title="bbox 855 5185 2803 5270; baseline 0.001 -21"><span class='ocrx_word' id='word_1_390' title='bbox 855 5203 1012 5249; x_wconf 90' lang='lat' dir='ltr'><strong>vero</strong></span> <span class='ocrx_word' id='word_1_391' title='bbox 1055 5204 1189 5249; x_wconf 91' lang='lat' dir='ltr'><strong>non</strong></span> <span class='ocrx_word' id='word_1_392' title='bbox 1234 5185 1514 5270; x_wconf 86' lang='lat' dir='ltr'><strong>aliquem</strong></span> <span class='ocrx_word' id='word_1_393' title='bbox 1562 5204 1780 5252; x_wconf 85' lang='lat' dir='ltr'><strong>secum</strong></span> <span class='ocrx_word' id='word_1_394' title='bbox 1819 5207 1905 5251; x_wconf 80' lang='lat' dir='ltr'><strong>ex</strong></span> <span class='ocrx_word' id='word_1_395' title='bbox 1946 5193 2040 5252; x_wconf 90' lang='lat' dir='ltr'><strong>tot</strong></span> <span class='ocrx_word' id='word_1_396' title='bbox 2075 5189 2465 5255; x_wconf 89' lang='lat' dir='ltr'><strong>satellitibus</strong></span> <span class='ocrx_word' id='word_1_397' title='bbox 2502 5206 2803 5269; x_wconf 87' lang='lat' dir='ltr'><strong>assump-</strong></span> 
     </span>
     <span class='ocr_line' id='line_1_57' title="bbox 850 5268 2801 5356; baseline -0.001 -19"><span class='ocrx_word' id='word_1_398' title='bbox 850 5268 986 5337; x_wconf 81' lang='lat' dir='ltr'><strong>sit?</strong></span> <span class='ocrx_word' id='word_1_399' title='bbox 1073 5269 1214 5336; x_wconf 86' lang='lat' dir='ltr'><strong>Nae</strong></span> <span class='ocrx_word' id='word_1_400' title='bbox 1260 5268 1443 5336; x_wconf 91' lang='lat' dir='ltr'><strong>Deus</strong></span> <span class='ocrx_word' id='word_1_401' title='bbox 1485 5269 1673 5336; x_wconf 89' lang='lat' dir='ltr'><strong>illum</strong></span> <span class='ocrx_word' id='word_1_402' title='bbox 1718 5274 1901 5355; x_wconf 88' lang='lat' dir='ltr'><strong>quasi</strong></span> <span class='ocrx_word' id='word_1_403' title='bbox 1944 5294 2144 5341; x_wconf 90' lang='lat' dir='ltr'><strong>manu</strong></span> <span class='ocrx_word' id='word_1_404' title='bbox 2190 5275 2484 5351; x_wconf 81' lang='lat' dir='ltr'><strong>deduxit,</strong></span> <span class='ocrx_word' id='word_1_405' title='bbox 2530 5282 2599 5337; x_wconf 92' lang='lat' dir='ltr'><strong>et</strong></span> <span class='ocrx_word' id='word_1_406' title='bbox 2631 5270 2801 5356; x_wconf 90' lang='lat' dir='ltr'><strong>quod</strong></span> 
     </span>
    </p>
   </div>
   <div class='ocr_carea' id='block_1_3' title="bbox 2406 368 4719 437">
    <p class='ocr_par' dir='ltr' id='par_1_5' title="bbox 2406 368 4719 437">
     <span class='ocr_line' id='line_1_58' title="bbox 2406 368 4719 437; baseline 0 0"><span class='ocrx_word' id='word_1_407' title='bbox 2406 369 2820 437; x_wconf 86' lang='lat' dir='ltr'><strong>HOMILIA</strong></span> <span class='ocrx_word' id='word_1_408' title='bbox 2859 368 3219 437; x_wconf 85' lang='lat' dir='ltr'>LXXXV.</span> <span class='ocrx_word' id='word_1_409' title='bbox 4630 371 4719 437; x_wconf 73' lang='lat'><strong>484</strong></span> 
     </span>
    </p>
   </div>
   <div class='ocr_carea' id='block_1_4' title="bbox 2881 555 4781 5358">
    <p class='ocr_par' dir='ltr' id='par_1_6' title="bbox 2881 555 4781 5358">
     <span class='ocr_line' id='line_1_59' title="bbox 2882 555 4727 642; baseline 0.003 -21"><span class='ocrx_word' id='word_1_410' title='bbox 2882 555 3053 641; x_wconf 88' lang='lat' dir='ltr'><strong>apud</strong></span> <span class='ocrx_word' id='word_1_411' title='bbox 3112 579 3182 623; x_wconf 89' lang='lat' dir='ltr'><strong>se</strong></span> <span class='ocrx_word' id='word_1_412' title='bbox 3243 555 3624 623; x_wconf 89' lang='lat' dir='ltr'><strong>decreverat</strong></span> <span class='ocrx_word' id='word_1_413' title='bbox 3681 556 3969 639; x_wconf 85' lang='lat' dir='ltr'><strong>perfecit.</strong></span> <span class='ocrx_word' id='word_1_414' title='bbox 4058 556 4405 640; x_wconf 86' lang='lat' dir='ltr'><strong>Ingressus</strong></span> <span class='ocrx_word' id='word_1_415' title='bbox 4456 555 4617 642; x_wconf 87' lang='lat' dir='ltr'><strong>igitur</strong></span> <span class='ocrx_word' id='word_1_416' title='bbox 4652 582 4727 626; x_wconf 76' lang='lat' dir='ltr'><strong>caÎ‡</strong></span> 
     </span>
     <span class='ocr_line' id='line_1_60' title="bbox 2882 640 4732 728; baseline 0.003 -19"><span class='ocrx_word' id='word_1_417' title='bbox 2882 663 3152 710; x_wconf 87' lang='lat' dir='ltr'><strong>vernam</strong></span> <span class='ocrx_word' id='word_1_418' title='bbox 3212 642 3391 708; x_wconf 91' lang='lat' dir='ltr'><strong>illam</strong></span> <span class='ocrx_word' id='word_1_419' title='bbox 3455 641 3694 708; x_wconf 88' lang='lat' dir='ltr'><strong>dicitur</strong></span> <span class='ocrx_word' id='word_1_420' title='bbox 3750 642 3834 707; x_wconf 90' lang='lat' dir='ltr'><strong>ad</strong></span> <span class='ocrx_word' id='word_1_421' title='bbox 3895 640 4095 725; x_wconf 90' lang='lat' dir='ltr'><strong>pedes</strong></span> <span class='ocrx_word' id='word_1_422' title='bbox 4157 642 4482 727; x_wconf 86' lang='lat' dir='ltr'><strong>tegendos,</strong></span> <span class='ocrx_word' id='word_1_423' title='bbox 4537 665 4657 728; x_wconf 79' lang='lat' dir='ltr'><strong>quae</strong></span> <span class='ocrx_word' id='word_1_424' title='bbox 4681 647 4732 714; x_wconf 89' lang='lat' dir='ltr'><strong>lo</strong></span> 
     </span>
     <span class='ocr_line' id='line_1_61' title="bbox 2881 726 4729 900; baseline 0.003 -21"><span class='ocrx_word' id='word_1_425' title='bbox 2881 728 3123 897; x_wconf 59' lang='lat'><strong>{3333}</strong></span> <span class='ocrx_word' id='word_1_426' title='bbox 3170 727 3834 898; x_wconf 51' lang='lat' dir='ltr'><strong>ffirffpssffiffi</strong></span> <span class='ocrx_word' id='word_1_427' title='bbox 3839 726 3993 879; x_wconf 63' lang='lat'><strong>Â¹Â²33?</strong></span> <span class='ocrx_word' id='word_1_428' title='bbox 3994 747 4067 791; x_wconf 81' lang='lat'><strong>â°â¸</strong></span> <span class='ocrx_word' id='word_1_429' title='bbox 4082 727 4555 900; x_wconf 51' lang='lat'><strong>12232553235</strong></span> <span class='ocrx_word' id='word_1_430' title='bbox 4557 734 4729 884; x_wconf 57' lang='lat' dir='ltr'><strong>{effi</strong></span> 
     </span>
     <span class='ocr_line' id='line_1_62' title="bbox 2882 897 4733 984; baseline 0.002 -20"><span class='ocrx_word' id='word_1_431' title='bbox 2882 899 3140 978; x_wconf 89' lang='lat' dir='ltr'><strong>dicitur,</strong></span> <span class='ocrx_word' id='word_1_432' title='bbox 3198 901 3307 983; x_wconf 91' lang='lat' dir='ltr'><strong>qui</strong></span> <span class='ocrx_word' id='word_1_433' title='bbox 3365 897 3447 963; x_wconf 91' lang='lat' dir='ltr'><strong>ad</strong></span> <span class='ocrx_word' id='word_1_434' title='bbox 3506 900 3818 982; x_wconf 86' lang='lat' dir='ltr'><strong>requisita</strong></span> <span class='ocrx_word' id='word_1_435' title='bbox 3863 909 4139 964; x_wconf 87' lang='lat' dir='ltr'><strong>naturae</strong></span> <span class='ocrx_word' id='word_1_436' title='bbox 4181 901 4476 966; x_wconf 87' lang='lat' dir='ltr'><strong>secessit:</strong></span> <span class='ocrx_word' id='word_1_437' title='bbox 4527 922 4628 984; x_wconf 87' lang='lat' dir='ltr'><strong>quo</strong></span> <span class='ocrx_word' id='word_1_438' title='bbox 4658 925 4733 970; x_wconf 85' lang='lat' dir='ltr'><strong>vo-</strong></span> 
     </span>
     <span class='ocr_line' id='line_1_63' title="bbox 2882 984 4735 1067; baseline 0.001 -15"><span class='ocrx_word' id='word_1_439' title='bbox 2882 987 3006 1052; x_wconf 91' lang='lat' dir='ltr'><strong>luit</strong></span> <span class='ocrx_word' id='word_1_440' title='bbox 3051 985 3233 1051; x_wconf 90' lang='lat' dir='ltr'><strong>Deus</strong></span> <span class='ocrx_word' id='word_1_441' title='bbox 3275 986 3494 1067; x_wconf 90' lang='lat' dir='ltr'><strong>ipsum</strong></span> <span class='ocrx_word' id='word_1_442' title='bbox 3542 985 3785 1051; x_wconf 85' lang='lat' dir='ltr'><strong>venire.</strong></span> <span class='ocrx_word' id='word_1_443' title='bbox 3875 985 4083 1050; x_wconf 89' lang='lat' dir='ltr'><strong>Porro</strong></span> <span class='ocrx_word' id='word_1_444' title='bbox 4119 984 4398 1053; x_wconf 87' lang='lat' dir='ltr'><strong>Davidis</strong></span> <span class='ocrx_word' id='word_1_445' title='bbox 4430 986 4632 1053; x_wconf 86' lang='lat' dir='ltr'><strong>milites</strong></span> <span class='ocrx_word' id='word_1_446' title='bbox 4661 991 4735 1054; x_wconf 86' lang='lat' dir='ltr'><strong>ubi</strong></span> 
     </span>
     <span class='ocr_line' id='line_1_64' title="bbox 2886 1069 4738 1156; baseline 0 -18"><span class='ocrx_word' id='word_1_447' title='bbox 2886 1071 3149 1139; x_wconf 83' lang='lat' dir='ltr'><strong>Saulem</strong></span> <span class='ocrx_word' id='word_1_448' title='bbox 3220 1072 3587 1156; x_wconf 88' lang='lat' dir='ltr'><strong>ingressum</strong></span> <span class='ocrx_word' id='word_1_449' title='bbox 3656 1069 3982 1149; x_wconf 88' lang='lat' dir='ltr'><strong>viderunt,</strong></span> <span class='ocrx_word' id='word_1_450' title='bbox 4049 1071 4181 1136; x_wconf 89' lang='lat' dir='ltr'><strong>rati</strong></span> <span class='ocrx_word' id='word_1_451' title='bbox 4244 1070 4367 1138; x_wconf 90' lang='lat' dir='ltr'><strong>sibi</strong></span> <span class='ocrx_word' id='word_1_452' title='bbox 4425 1074 4738 1139; x_wconf 80' lang='lat' dir='ltr'><strong>occasionem</strong></span> 
     </span>
     <span class='ocr_line' id='line_1_65' title="bbox 2882 1157 4739 1242; baseline 0.001 -20"><span class='ocrx_word' id='word_1_453' title='bbox 2882 1159 3097 1242; x_wconf 89' lang='lat' dir='ltr'><strong>ipsum</strong></span> <span class='ocrx_word' id='word_1_454' title='bbox 3156 1157 3593 1222; x_wconf 89' lang='lat' dir='ltr'><strong>interficiendi</strong></span> <span class='ocrx_word' id='word_1_455' title='bbox 3640 1157 3924 1221; x_wconf 90' lang='lat' dir='ltr'><strong>oblatam</strong></span> <span class='ocrx_word' id='word_1_456' title='bbox 3970 1157 4310 1242; x_wconf 86' lang='lat' dir='ltr'><strong>divinitus,</strong></span> <span class='ocrx_word' id='word_1_457' title='bbox 4374 1157 4655 1223; x_wconf 86' lang='lat' dir='ltr'><strong>Davidem</strong></span> <span class='ocrx_word' id='word_1_458' title='bbox 4685 1159 4739 1224; x_wconf 80' lang='lat' dir='ltr'><strong>ad</strong></span> 
     </span>
     <span class='ocr_line' id='line_1_66' title="bbox 2884 1241 4741 1327; baseline -0.001 -18"><span class='ocrx_word' id='word_1_459' title='bbox 2884 1242 3146 1309; x_wconf 91' lang='lat' dir='ltr'><strong>caedem</strong></span> <span class='ocrx_word' id='word_1_460' title='bbox 3193 1242 3499 1320; x_wconf 86' lang='lat' dir='ltr'><strong>hominis,</strong></span> <span class='ocrx_word' id='word_1_461' title='bbox 3543 1251 3608 1309; x_wconf 87' lang='lat' dir='ltr'><strong>et</strong></span> <span class='ocrx_word' id='word_1_462' title='bbox 3653 1241 3913 1326; x_wconf 90' lang='lat' dir='ltr'><strong>quidem</strong></span> <span class='ocrx_word' id='word_1_463' title='bbox 3957 1243 4248 1326; x_wconf 89' lang='lat' dir='ltr'><strong>specioso</strong></span> <span class='ocrx_word' id='word_1_464' title='bbox 4290 1255 4610 1327; x_wconf 84' lang='lat' dir='ltr'><strong>praetextu</strong></span> <span class='ocrx_word' id='word_1_465' title='bbox 4638 1260 4741 1310; x_wconf 81' lang='lat' dir='ltr'><strong>sunt</strong></span> 
     </span>
     <span class='ocr_line' id='line_1_67' title="bbox 2885 1327 4741 1414; baseline -0.002 -18"><span class='ocrx_word' id='word_1_466' title='bbox 2885 1328 3222 1396; x_wconf 85' lang='lat' dir='ltr'><strong>cohortati.</strong></span> <span class='ocrx_word' id='word_1_467' title='bbox 3310 1328 3504 1411; x_wconf 89' lang='lat' dir='ltr'><strong>Nam,</strong></span> <span class='ocrx_word' id='word_1_468' title='bbox 3565 1327 3770 1407; x_wconf 90' lang='lat' dir='ltr'><strong>aiunt,</strong></span> <span class='ocrx_word' id='word_1_469' title='bbox 3830 1337 3905 1393; x_wconf 90' lang='lat' dir='ltr'><strong>tu</strong></span> <span class='ocrx_word' id='word_1_470' title='bbox 3962 1329 4034 1394; x_wconf 90' lang='lat' dir='ltr'><strong>in</strong></span> <span class='ocrx_word' id='word_1_471' title='bbox 4091 1349 4312 1414; x_wconf 89' lang='lat' dir='ltr'><strong>regem</strong></span> <span class='ocrx_word' id='word_1_472' title='bbox 4369 1340 4585 1395; x_wconf 88' lang='lat' dir='ltr'><strong>unctus</strong></span> <span class='ocrx_word' id='word_1_473' title='bbox 4630 1351 4681 1395; x_wconf 84' lang='lat' dir='ltr'><strong>es</strong></span> <span class='ocrx_word' id='word_1_474' title='bbox 4717 1351 4741 1393; x_wconf 78' lang='lat' dir='ltr'><strong>s</strong></span> 
     </span>
     <span class='ocr_line' id='line_1_68' title="bbox 2887 1413 4742 1500; baseline 0.002 -22"><span class='ocrx_word' id='word_1_475' title='bbox 2887 1416 3206 1479; x_wconf 86' lang='lat' dir='ltr'><strong>Domino:</strong></span> <span class='ocrx_word' id='word_1_476' title='bbox 3265 1414 3383 1479; x_wconf 91' lang='lat' dir='ltr'><strong>tibi</strong></span> <span class='ocrx_word' id='word_1_477' title='bbox 3442 1435 3560 1498; x_wconf 89' lang='lat' dir='ltr'><strong>per</strong></span> <span class='ocrx_word' id='word_1_478' title='bbox 3604 1413 3983 1480; x_wconf 79' lang='lat' dir='ltr'><strong>Samuelem</strong></span> <span class='ocrx_word' id='word_1_479' title='bbox 4022 1415 4409 1498; x_wconf 88' lang='lat' dir='ltr'><strong>prophetam</strong></span> <span class='ocrx_word' id='word_1_480' title='bbox 4454 1416 4742 1500; x_wconf 82' lang='lat' dir='ltr'><strong>promissioÎ‡</strong></span> 
     </span>
     <span class='ocr_line' id='line_1_69' title="bbox 2889 1499 4746 1584; baseline 0 -18"><span class='ocrx_word' id='word_1_481' title='bbox 2889 1522 3005 1566; x_wconf 90' lang='lat' dir='ltr'><strong>nes</strong></span> <span class='ocrx_word' id='word_1_482' title='bbox 3038 1500 3247 1566; x_wconf 87' lang='lat' dir='ltr'><strong>factae</strong></span> <span class='ocrx_word' id='word_1_483' title='bbox 3281 1507 3471 1565; x_wconf 86' lang='lat' dir='ltr'><strong>sunt:</strong></span> <span class='ocrx_word' id='word_1_484' title='bbox 3519 1499 3682 1566; x_wconf 88' lang='lat' dir='ltr'><strong>Saul</strong></span> <span class='ocrx_word' id='word_1_485' title='bbox 3717 1499 3926 1584; x_wconf 88' lang='lat' dir='ltr'><strong>igitur</strong></span> <span class='ocrx_word' id='word_1_486' title='bbox 3967 1508 4428 1567; x_wconf 82' lang='lat' dir='ltr'><strong>exauctoratus</strong></span> <span class='ocrx_word' id='word_1_487' title='bbox 4470 1523 4508 1566; x_wconf 87' lang='lat' dir='ltr'><strong>a</strong></span> <span class='ocrx_word' id='word_1_488' title='bbox 4536 1501 4746 1566; x_wconf 87' lang='lat' dir='ltr'><strong>Domino</strong></span> 
     </span>
     <span class='ocr_line' id='line_1_70' title="bbox 2889 1585 4747 1670; baseline 0.001 -19"><span class='ocrx_word' id='word_1_489' title='bbox 2889 1606 3191 1651; x_wconf 89' lang='lat' dir='ltr'><strong>coronam</strong></span> <span class='ocrx_word' id='word_1_490' title='bbox 3236 1586 3481 1651; x_wconf 89' lang='lat' dir='ltr'><strong>iniuste</strong></span> <span class='ocrx_word' id='word_1_491' title='bbox 3526 1585 3814 1668; x_wconf 89' lang='lat' dir='ltr'><strong>possidet</strong></span> <span class='ocrx_word' id='word_1_492' title='bbox 3857 1595 3923 1650; x_wconf 90' lang='lat' dir='ltr'><strong>et</strong></span> <span class='ocrx_word' id='word_1_493' title='bbox 3967 1606 4087 1670; x_wconf 82' lang='lat' dir='ltr'><strong>per</strong></span> <span class='ocrx_word' id='word_1_494' title='bbox 4127 1587 4267 1653; x_wconf 88' lang='lat' dir='ltr'><strong>vim</strong></span> <span class='ocrx_word' id='word_1_495' title='bbox 4310 1597 4596 1670; x_wconf 86' lang='lat' dir='ltr'><strong>usurpat:</strong></span> <span class='ocrx_word' id='word_1_496' title='bbox 4628 1593 4679 1654; x_wconf 79' lang='lat' dir='ltr'><strong>et</strong></span> <span class='ocrx_word' id='word_1_497' title='bbox 4705 1595 4747 1652; x_wconf 75' lang='lat' dir='ltr'><strong>te</strong></span> 
     </span>
     <span class='ocr_line' id='line_1_71' title="bbox 2891 1671 4750 1757; baseline 0.001 -22"><span class='ocrx_word' id='word_1_498' title='bbox 2891 1681 3228 1755; x_wconf 89' lang='lat' dir='ltr'><strong>praeterea</strong></span> <span class='ocrx_word' id='word_1_499' title='bbox 3282 1679 3453 1737; x_wconf 90' lang='lat' dir='ltr'><strong>testa</strong></span> <span class='ocrx_word' id='word_1_500' title='bbox 3511 1671 3779 1755; x_wconf 90' lang='lat' dir='ltr'><strong>lutoque</strong></span> <span class='ocrx_word' id='word_1_501' title='bbox 3836 1673 4271 1757; x_wconf 83' lang='lat' dir='ltr'><strong>persequitur,</strong></span> <span class='ocrx_word' id='word_1_502' title='bbox 4341 1683 4630 1757; x_wconf 86' lang='lat' dir='ltr'><strong>tanquam</strong></span> <span class='ocrx_word' id='word_1_503' title='bbox 4669 1674 4750 1756; x_wconf 65' lang='lat' dir='ltr'><strong>ipa?</strong></span> 
     </span>
     <span class='ocr_line' id='line_1_72' title="bbox 2890 1756 4751 1841; baseline 0 -19"><span class='ocrx_word' id='word_1_504' title='bbox 2890 1758 3052 1836; x_wconf 91' lang='lat' dir='ltr'><strong>Deo,</strong></span> <span class='ocrx_word' id='word_1_505' title='bbox 3110 1778 3150 1822; x_wconf 90' lang='lat' dir='ltr'><strong>a</strong></span> <span class='ocrx_word' id='word_1_506' title='bbox 3192 1778 3318 1841; x_wconf 92' lang='lat' dir='ltr'><strong>quo</strong></span> <span class='ocrx_word' id='word_1_507' title='bbox 3364 1757 3609 1822; x_wconf 90' lang='lat' dir='ltr'><strong>electus</strong></span> <span class='ocrx_word' id='word_1_508' title='bbox 3651 1778 3739 1833; x_wconf 90' lang='lat' dir='ltr'><strong>es,</strong></span> <span class='ocrx_word' id='word_1_509' title='bbox 3788 1756 4029 1822; x_wconf 92' lang='lat' dir='ltr'><strong>bellum</strong></span> <span class='ocrx_word' id='word_1_510' title='bbox 4074 1758 4403 1825; x_wconf 90' lang='lat' dir='ltr'><strong>illaturus.</strong></span> <span class='ocrx_word' id='word_1_511' title='bbox 4487 1758 4611 1824; x_wconf 89' lang='lat' dir='ltr'><strong>Iam</strong></span> <span class='ocrx_word' id='word_1_512' title='bbox 4648 1777 4751 1822; x_wconf 85' lang='lat' dir='ltr'><strong>vero</strong></span> 
     </span>
     <span class='ocr_line' id='line_1_73' title="bbox 2891 1841 4754 1929; baseline 0.001 -21"><span class='ocrx_word' id='word_1_513' title='bbox 2891 1843 3075 1908; x_wconf 91' lang='lat' dir='ltr'><strong>vides</strong></span> <span class='ocrx_word' id='word_1_514' title='bbox 3127 1843 3314 1908; x_wconf 90' lang='lat' dir='ltr'><strong>illum</strong></span> <span class='ocrx_word' id='word_1_515' title='bbox 3372 1864 3413 1907; x_wconf 92' lang='lat' dir='ltr'><strong>a</strong></span> <span class='ocrx_word' id='word_1_516' title='bbox 3469 1841 3615 1909; x_wconf 94' lang='lat' dir='ltr'><strong>Deo</strong></span> <span class='ocrx_word' id='word_1_517' title='bbox 3672 1843 3791 1908; x_wconf 92' lang='lat' dir='ltr'><strong>tibi</strong></span> <span class='ocrx_word' id='word_1_518' title='bbox 3847 1843 4043 1908; x_wconf 89' lang='lat' dir='ltr'><strong>etiam</strong></span> <span class='ocrx_word' id='word_1_519' title='bbox 4090 1844 4474 1929; x_wconf 87' lang='lat' dir='ltr'><strong>incogitanti</strong></span> <span class='ocrx_word' id='word_1_520' title='bbox 4519 1843 4754 1909; x_wconf 81' lang='lat' dir='ltr'><strong>traditum</strong></span> 
     </span>
     <span class='ocr_line' id='line_1_74' title="bbox 2889 1927 4755 2012; baseline -0.001 -19"><span class='ocrx_word' id='word_1_521' title='bbox 2889 1930 2956 1993; x_wconf 92' lang='lat' dir='ltr'><strong>in</strong></span> <span class='ocrx_word' id='word_1_522' title='bbox 2995 1950 3249 2006; x_wconf 89' lang='lat' dir='ltr'><strong>manus,</strong></span> <span class='ocrx_word' id='word_1_523' title='bbox 3293 1927 3449 2011; x_wconf 89' lang='lat' dir='ltr'><strong>quid</strong></span> <span class='ocrx_word' id='word_1_524' title='bbox 3486 1929 3689 2012; x_wconf 89' lang='lat' dir='ltr'><strong>igitur</strong></span> <span class='ocrx_word' id='word_1_525' title='bbox 3722 1928 4100 1996; x_wconf 80' lang='lat' dir='ltr'><strong>cunctaris?</strong></span> <span class='ocrx_word' id='word_1_526' title='bbox 4180 1929 4367 1996; x_wconf 86' lang='lat' dir='ltr'><strong>Haec</strong></span> <span class='ocrx_word' id='word_1_527' title='bbox 4403 1929 4513 1995; x_wconf 90' lang='lat' dir='ltr'><strong>tibi</strong></span> <span class='ocrx_word' id='word_1_528' title='bbox 4548 1929 4755 1993; x_wconf 73' lang='lat' dir='ltr'><strong>laetitae</strong></span> 
     </span>
     <span class='ocr_line' id='line_1_75' title="bbox 2890 2012 4756 2099; baseline 0 -21"><span class='ocrx_word' id='word_1_529' title='bbox 2890 2012 3031 2080; x_wconf 91' lang='lat' dir='ltr'><strong>dies</strong></span> <span class='ocrx_word' id='word_1_530' title='bbox 3097 2013 3418 2082; x_wconf 84' lang='lat' dir='ltr'><strong>divinitus</strong></span> <span class='ocrx_word' id='word_1_531' title='bbox 3482 2014 3730 2080; x_wconf 89' lang='lat' dir='ltr'><strong>affulsit</strong></span> <span class='ocrx_word' id='word_1_532' title='bbox 3793 2015 3873 2080; x_wconf 87' lang='lat' dir='ltr'><strong>ad</strong></span> <span class='ocrx_word' id='word_1_533' title='bbox 3942 2015 4192 2080; x_wconf 86' lang='lat' dir='ltr'><strong>hostem</strong></span> <span class='ocrx_word' id='word_1_534' title='bbox 4259 2015 4756 2099; x_wconf 86' lang='lat' dir='ltr'><strong>pessumdandum.</strong></span> 
     </span>
     <span class='ocr_line' id='line_1_76' title="bbox 2892 2098 4755 2184; baseline -0.003 -17"><span class='ocrx_word' id='word_1_535' title='bbox 2892 2098 3238 2183; x_wconf 87' lang='lat' dir='ltr'><strong>Speciosae</strong></span> <span class='ocrx_word' id='word_1_536' title='bbox 3281 2100 3569 2184; x_wconf 85' lang='lat' dir='ltr'><strong>profecto</strong></span> <span class='ocrx_word' id='word_1_537' title='bbox 3613 2102 3899 2166; x_wconf 89' lang='lat' dir='ltr'><strong>rationes</strong></span> <span class='ocrx_word' id='word_1_538' title='bbox 3943 2102 4180 2183; x_wconf 91' lang='lat' dir='ltr'><strong>quibus</strong></span> <span class='ocrx_word' id='word_1_539' title='bbox 4222 2102 4568 2167; x_wconf 87' lang='lat' dir='ltr'><strong>videbatur</strong></span> <span class='ocrx_word' id='word_1_540' title='bbox 4604 2099 4755 2164; x_wconf 79' lang='lat' dir='ltr'><strong>David</strong></span> 
     </span>
     <span class='ocr_line' id='line_1_77' title="bbox 2892 2184 4760 2269; baseline -0.001 -18"><span class='ocrx_word' id='word_1_541' title='bbox 2892 2187 3116 2251; x_wconf 89' lang='lat' dir='ltr'><strong>statim</strong></span> <span class='ocrx_word' id='word_1_542' title='bbox 3174 2184 3687 2269; x_wconf 89' lang='lat' dir='ltr'><strong>persuadendus.</strong></span> <span class='ocrx_word' id='word_1_543' title='bbox 3776 2185 3949 2252; x_wconf 91' lang='lat' dir='ltr'><strong>Nam</strong></span> <span class='ocrx_word' id='word_1_544' title='bbox 4012 2186 4259 2253; x_wconf 90' lang='lat' dir='ltr'><strong>sciebat</strong></span> <span class='ocrx_word' id='word_1_545' title='bbox 4312 2208 4389 2253; x_wconf 89' lang='lat' dir='ltr'><strong>se</strong></span> <span class='ocrx_word' id='word_1_546' title='bbox 4446 2207 4572 2252; x_wconf 90' lang='lat' dir='ltr'><strong>non</strong></span> <span class='ocrx_word' id='word_1_547' title='bbox 4618 2185 4760 2251; x_wconf 76' lang='lat' dir='ltr'><strong>honoÎ‡</strong></span> 
     </span>
     <span class='ocr_line' id='line_1_78' title="bbox 2892 2270 4758 2357; baseline -0.002 -20"><span class='ocrx_word' id='word_1_548' title='bbox 2892 2292 3037 2337; x_wconf 88' lang='lat' dir='ltr'><strong>rum</strong></span> <span class='ocrx_word' id='word_1_549' title='bbox 3084 2270 3442 2355; x_wconf 89' lang='lat' dir='ltr'><strong>cupiditate</strong></span> <span class='ocrx_word' id='word_1_550' title='bbox 3486 2271 3735 2357; x_wconf 87' lang='lat' dir='ltr'><strong>regiam</strong></span> <span class='ocrx_word' id='word_1_551' title='bbox 3782 2271 4167 2357; x_wconf 85' lang='lat' dir='ltr'><strong>dignitatem</strong></span> <span class='ocrx_word' id='word_1_552' title='bbox 4214 2273 4576 2351; x_wconf 84' lang='lat' dir='ltr'><strong>ambivisse,</strong></span> <span class='ocrx_word' id='word_1_553' title='bbox 4625 2271 4709 2335; x_wconf 83' lang='lat' dir='ltr'><strong>sed</strong></span> <span class='ocrx_word' id='word_1_554' title='bbox 4737 2291 4758 2334; x_wconf 76' lang='lat' dir='ltr'><strong>a</strong></span> 
     </span>
     <span class='ocr_line' id='line_1_79' title="bbox 2892 2356 4763 2444; baseline 0 -23"><span class='ocrx_word' id='word_1_555' title='bbox 2892 2356 3054 2436; x_wconf 92' lang='lat' dir='ltr'><strong>Deo,</strong></span> <span class='ocrx_word' id='word_1_556' title='bbox 3121 2378 3322 2441; x_wconf 92' lang='lat' dir='ltr'><strong>quum</strong></span> <span class='ocrx_word' id='word_1_557' title='bbox 3381 2356 3551 2421; x_wconf 89' lang='lat' dir='ltr'><strong>nihil</strong></span> <span class='ocrx_word' id='word_1_558' title='bbox 3610 2359 3832 2423; x_wconf 91' lang='lat' dir='ltr'><strong>minus</strong></span> <span class='ocrx_word' id='word_1_559' title='bbox 3891 2378 4091 2441; x_wconf 88' lang='lat' dir='ltr'><strong>quam</strong></span> <span class='ocrx_word' id='word_1_560' title='bbox 4152 2357 4230 2424; x_wconf 91' lang='lat' dir='ltr'><strong>de</strong></span> <span class='ocrx_word' id='word_1_561' title='bbox 4276 2380 4486 2444; x_wconf 87' lang='lat' dir='ltr'><strong>regno</strong></span> <span class='ocrx_word' id='word_1_562' title='bbox 4527 2358 4763 2443; x_wconf 71' lang='lat' dir='ltr'><strong>cogitaret</strong></span> 
     </span>
     <span class='ocr_line' id='line_1_80' title="bbox 2892 2441 4765 2527; baseline -0.002 -19"><span class='ocrx_word' id='word_1_563' title='bbox 2892 2454 3217 2521; x_wconf 86' lang='lat' dir='ltr'><strong>vocatum,</strong></span> <span class='ocrx_word' id='word_1_564' title='bbox 3278 2450 3346 2508; x_wconf 91' lang='lat' dir='ltr'><strong>et</strong></span> <span class='ocrx_word' id='word_1_565' title='bbox 3399 2441 3665 2525; x_wconf 87' lang='lat' dir='ltr'><strong>quidem</strong></span> <span class='ocrx_word' id='word_1_566' title='bbox 3712 2443 4017 2510; x_wconf 89' lang='lat' dir='ltr'><strong>omnibus</strong></span> <span class='ocrx_word' id='word_1_567' title='bbox 4061 2444 4198 2509; x_wconf 90' lang='lat' dir='ltr'><strong>suis</strong></span> <span class='ocrx_word' id='word_1_568' title='bbox 4240 2445 4552 2511; x_wconf 86' lang='lat' dir='ltr'><strong>fratribus</strong></span> <span class='ocrx_word' id='word_1_569' title='bbox 4590 2445 4765 2527; x_wconf 85' lang='lat' dir='ltr'><strong>primoÎ‡</strong></span> 
     </span>
     <span class='ocr_line' id='line_1_81' title="bbox 2896 2526 4765 2615; baseline 0.001 -23"><span class='ocrx_word' id='word_1_570' title='bbox 2896 2529 3153 2611; x_wconf 87' lang='lat' dir='ltr'><strong>genitis,</strong></span> <span class='ocrx_word' id='word_1_571' title='bbox 3231 2549 3395 2611; x_wconf 91' lang='lat' dir='ltr'><strong>quos</strong></span> <span class='ocrx_word' id='word_1_572' title='bbox 3454 2526 3744 2595; x_wconf 91' lang='lat' dir='ltr'><strong>Samueli</strong></span> <span class='ocrx_word' id='word_1_573' title='bbox 3802 2537 3991 2612; x_wconf 89' lang='lat' dir='ltr'><strong>pater</strong></span> <span class='ocrx_word' id='word_1_574' title='bbox 4050 2530 4403 2612; x_wconf 86' lang='lat' dir='ltr'><strong>obtulerat,</strong></span> <span class='ocrx_word' id='word_1_575' title='bbox 4470 2528 4765 2615; x_wconf 57' lang='lat' dir='ltr'><strong>repudiatis</strong></span> 
     </span>
     <span class='ocr_line' id='line_1_82' title="bbox 2895 2614 4765 2697; baseline 0.001 -20"><span class='ocrx_word' id='word_1_576' title='bbox 2895 2614 3179 2697; x_wconf 89' lang='lat' dir='ltr'><strong>ipsisque</strong></span> <span class='ocrx_word' id='word_1_577' title='bbox 3223 2614 3592 2693; x_wconf 91' lang='lat' dir='ltr'><strong>aDomino,</strong></span> <span class='ocrx_word' id='word_1_578' title='bbox 3639 2614 3792 2679; x_wconf 91' lang='lat' dir='ltr'><strong>licet</strong></span> <span class='ocrx_word' id='word_1_579' title='bbox 3825 2616 4123 2680; x_wconf 90' lang='lat' dir='ltr'><strong>omnium</strong></span> <span class='ocrx_word' id='word_1_580' title='bbox 4163 2617 4482 2682; x_wconf 87' lang='lat' dir='ltr'><strong>minimus</strong></span> <span class='ocrx_word' id='word_1_581' title='bbox 4524 2629 4586 2681; x_wconf 88' lang='lat' dir='ltr'><strong>et</strong></span> <span class='ocrx_word' id='word_1_582' title='bbox 4621 2615 4765 2679; x_wconf 77' lang='lat' dir='ltr'><strong>abiec-</strong></span> 
     </span>
     <span class='ocr_line' id='line_1_83' title="bbox 2897 2700 4764 2782; baseline -0.001 -19"><span class='ocrx_word' id='word_1_583' title='bbox 2897 2700 3190 2764; x_wconf 90' lang='lat' dir='ltr'><strong>tissimus</strong></span> <span class='ocrx_word' id='word_1_584' title='bbox 3225 2708 3417 2779; x_wconf 87' lang='lat' dir='ltr'><strong>esset,</strong></span> <span class='ocrx_word' id='word_1_585' title='bbox 3463 2700 3917 2782; x_wconf 87' lang='lat' dir='ltr'><strong>antepositum.</strong></span> <span class='ocrx_word' id='word_1_586' title='bbox 4010 2700 4265 2767; x_wconf 90' lang='lat' dir='ltr'><strong>Deinde</strong></span> <span class='ocrx_word' id='word_1_587' title='bbox 4309 2701 4439 2767; x_wconf 88' lang='lat' dir='ltr'><strong>sibi</strong></span> <span class='ocrx_word' id='word_1_588' title='bbox 4486 2701 4632 2766; x_wconf 87' lang='lat' dir='ltr'><strong>bene</strong></span> <span class='ocrx_word' id='word_1_589' title='bbox 4669 2719 4764 2764; x_wconf 61' lang='lat' dir='ltr'><strong>eoa</strong></span> 
     </span>
     <span class='ocr_line' id='line_1_84' title="bbox 2897 2781 4765 2870; baseline 0.002 -22"><span class='ocrx_word' id='word_1_590' title='bbox 2897 2783 3069 2849; x_wconf 88' lang='lat' dir='ltr'><strong>scius</strong></span> <span class='ocrx_word' id='word_1_591' title='bbox 3104 2792 3248 2850; x_wconf 91' lang='lat' dir='ltr'><strong>erat</strong></span> <span class='ocrx_word' id='word_1_592' title='bbox 3281 2793 3558 2852; x_wconf 86' lang='lat' dir='ltr'><strong>navatae</strong></span> <span class='ocrx_word' id='word_1_593' title='bbox 3600 2784 3813 2851; x_wconf 87' lang='lat' dir='ltr'><strong>fidelis</strong></span> <span class='ocrx_word' id='word_1_594' title='bbox 3855 2807 4093 2870; x_wconf 90' lang='lat' dir='ltr'><strong>operae</strong></span> <span class='ocrx_word' id='word_1_595' title='bbox 4135 2807 4291 2853; x_wconf 91' lang='lat' dir='ltr'><strong>suae</strong></span> <span class='ocrx_word' id='word_1_596' title='bbox 4339 2797 4479 2852; x_wconf 87' lang='lat' dir='ltr'><strong>tam</strong></span> <span class='ocrx_word' id='word_1_597' title='bbox 4512 2781 4765 2870; x_wconf 71' lang='lat' dir='ltr'><strong>ipsisauli</strong></span> 
     </span>
     <span class='ocr_line' id='line_1_85' title="bbox 2901 2870 4764 2956; baseline -0.002 -21"><span class='ocrx_word' id='word_1_598' title='bbox 2901 2891 3097 2953; x_wconf 91' lang='lat' dir='ltr'><strong>quam</strong></span> <span class='ocrx_word' id='word_1_599' title='bbox 3144 2871 3262 2936; x_wconf 90' lang='lat' dir='ltr'><strong>toti</strong></span> <span class='ocrx_word' id='word_1_600' title='bbox 3308 2870 3579 2956; x_wconf 87' lang='lat' dir='ltr'><strong>regioni,</strong></span> <span class='ocrx_word' id='word_1_601' title='bbox 3626 2873 3812 2937; x_wconf 90' lang='lat' dir='ltr'><strong>cuius</strong></span> <span class='ocrx_word' id='word_1_602' title='bbox 3856 2872 3981 2955; x_wconf 89' lang='lat' dir='ltr'><strong>ipsi</strong></span> <span class='ocrx_word' id='word_1_603' title='bbox 4029 2873 4365 2938; x_wconf 87' lang='lat' dir='ltr'><strong>sufficiens</strong></span> <span class='ocrx_word' id='word_1_604' title='bbox 4400 2872 4764 2939; x_wconf 87' lang='lat' dir='ltr'><strong>testimonium</strong></span> 
     </span>
     <span class='ocr_line' id='line_1_86' title="bbox 2900 2955 4771 3041; baseline -0.001 -20"><span class='ocrx_word' id='word_1_605' title='bbox 2900 2956 3082 3022; x_wconf 90' lang='lat' dir='ltr'><strong>Deus</strong></span> <span class='ocrx_word' id='word_1_606' title='bbox 3125 2956 3267 3040; x_wconf 90' lang='lat' dir='ltr'><strong>ipse</strong></span> <span class='ocrx_word' id='word_1_607' title='bbox 3302 2966 3370 3022; x_wconf 90' lang='lat' dir='ltr'><strong>et</strong></span> <span class='ocrx_word' id='word_1_608' title='bbox 3405 2957 3624 3041; x_wconf 88' lang='lat' dir='ltr'><strong>angeli</strong></span> <span class='ocrx_word' id='word_1_609' title='bbox 3659 2958 3867 3040; x_wconf 90' lang='lat' dir='ltr'><strong>ipsius</strong></span> <span class='ocrx_word' id='word_1_610' title='bbox 3903 2957 4167 3023; x_wconf 90' lang='lat' dir='ltr'><strong>dabant.</strong></span> <span class='ocrx_word' id='word_1_611' title='bbox 4236 2959 4588 3025; x_wconf 86' lang='lat' dir='ltr'><strong>Praeterea</strong></span> <span class='ocrx_word' id='word_1_612' title='bbox 4618 2955 4771 3024; x_wconf 71' lang='lat' dir='ltr'><strong>Saulis</strong></span> 
     </span>
     <span class='ocr_line' id='line_1_87' title="bbox 2898 3041 4769 3127; baseline -0.003 -19"><span class='ocrx_word' id='word_1_613' title='bbox 2898 3042 3356 3108; x_wconf 89' lang='lat' dir='ltr'><strong>crudelitatem</strong></span> <span class='ocrx_word' id='word_1_614' title='bbox 3399 3044 3793 3119; x_wconf 89' lang='lat' dir='ltr'><strong>intuebatur,</strong></span> <span class='ocrx_word' id='word_1_615' title='bbox 3860 3063 3988 3127; x_wconf 90' lang='lat' dir='ltr'><strong>qua</strong></span> <span class='ocrx_word' id='word_1_616' title='bbox 4033 3065 4165 3109; x_wconf 92' lang='lat' dir='ltr'><strong>non</strong></span> <span class='ocrx_word' id='word_1_617' title='bbox 4211 3052 4478 3110; x_wconf 88' lang='lat' dir='ltr'><strong>tantum</strong></span> <span class='ocrx_word' id='word_1_618' title='bbox 4520 3046 4582 3109; x_wconf 90' lang='lat' dir='ltr'><strong>in</strong></span> <span class='ocrx_word' id='word_1_619' title='bbox 4620 3064 4676 3107; x_wconf 84' lang='lat' dir='ltr'><strong>se</strong></span> <span class='ocrx_word' id='word_1_620' title='bbox 4704 3041 4769 3103; x_wconf 78' lang='lat' dir='ltr'><strong>fuÎ‡</strong></span> 
     </span>
     <span class='ocr_line' id='line_1_88' title="bbox 2898 3126 4771 3213; baseline -0.001 -21"><span class='ocrx_word' id='word_1_621' title='bbox 2898 3128 3100 3203; x_wconf 87' lang='lat' dir='ltr'><strong>rebat,</strong></span> <span class='ocrx_word' id='word_1_622' title='bbox 3157 3126 3273 3193; x_wconf 89' lang='lat' dir='ltr'><strong>sed</strong></span> <span class='ocrx_word' id='word_1_623' title='bbox 3328 3129 3524 3193; x_wconf 89' lang='lat' dir='ltr'><strong>etiam</strong></span> <span class='ocrx_word' id='word_1_624' title='bbox 3576 3128 3648 3192; x_wconf 90' lang='lat' dir='ltr'><strong>in</strong></span> <span class='ocrx_word' id='word_1_625' title='bbox 3703 3127 3921 3193; x_wconf 92' lang='lat' dir='ltr'><strong>Deum</strong></span> <span class='ocrx_word' id='word_1_626' title='bbox 3981 3130 4197 3213; x_wconf 88' lang='lat' dir='ltr'><strong>ipsum</strong></span> <span class='ocrx_word' id='word_1_627' title='bbox 4257 3131 4614 3199; x_wconf 86' lang='lat' dir='ltr'><strong>ferebatur:</strong></span> <span class='ocrx_word' id='word_1_628' title='bbox 4661 3145 4771 3212; x_wconf 73' lang='lat' dir='ltr'><strong>quae</strong></span> 
     </span>
     <span class='ocr_line' id='line_1_89' title="bbox 2899 3211 4771 3300; baseline -0.002 -22"><span class='ocrx_word' id='word_1_629' title='bbox 2899 3233 3101 3297; x_wconf 91' lang='lat' dir='ltr'><strong>quum</strong></span> <span class='ocrx_word' id='word_1_630' title='bbox 3168 3213 3391 3279; x_wconf 90' lang='lat' dir='ltr'><strong>omnia</strong></span> <span class='ocrx_word' id='word_1_631' title='bbox 3446 3223 3928 3294; x_wconf 89' lang='lat' dir='ltr'><strong>concurrerent,</strong></span> <span class='ocrx_word' id='word_1_632' title='bbox 3997 3236 4201 3300; x_wconf 89' lang='lat' dir='ltr'><strong>quare</strong></span> <span class='ocrx_word' id='word_1_633' title='bbox 4256 3238 4394 3282; x_wconf 89' lang='lat' dir='ltr'><strong>non</strong></span> <span class='ocrx_word' id='word_1_634' title='bbox 4457 3217 4661 3281; x_wconf 84' lang='lat' dir='ltr'><strong>liceret</strong></span> <span class='ocrx_word' id='word_1_635' title='bbox 4690 3211 4771 3296; x_wconf 71' lang='lat' dir='ltr'><strong>ipmâ€˜</strong></span> 
     </span>
     <span class='ocr_line' id='line_1_90' title="bbox 2901 3298 4773 3382; baseline 0.002 -19"><span class='ocrx_word' id='word_1_636' title='bbox 2901 3319 3094 3382; x_wconf 88' lang='lat' dir='ltr'><strong>quem</strong></span> <span class='ocrx_word' id='word_1_637' title='bbox 3159 3298 3345 3365; x_wconf 93' lang='lat' dir='ltr'><strong>Deus</strong></span> <span class='ocrx_word' id='word_1_638' title='bbox 3406 3298 3661 3365; x_wconf 88' lang='lat' dir='ltr'><strong>hostem</strong></span> <span class='ocrx_word' id='word_1_639' title='bbox 3730 3301 3798 3365; x_wconf 92' lang='lat' dir='ltr'><strong>in</strong></span> <span class='ocrx_word' id='word_1_640' title='bbox 3864 3320 4099 3366; x_wconf 89' lang='lat' dir='ltr'><strong>manus</strong></span> <span class='ocrx_word' id='word_1_641' title='bbox 4166 3323 4321 3368; x_wconf 88' lang='lat' dir='ltr'><strong>suas</strong></span> <span class='ocrx_word' id='word_1_642' title='bbox 4383 3300 4706 3368; x_wconf 73' lang='lat' dir='ltr'><strong>tradiderat</strong></span> <span class='ocrx_word' id='word_1_643' title='bbox 4732 3305 4773 3359; x_wconf 63' lang='lat' dir='ltr'><strong>el</strong></span> 
     </span>
     <span class='ocr_line' id='line_1_91' title="bbox 2898 3383 4771 3467; baseline 0.001 -18"><span class='ocrx_word' id='word_1_644' title='bbox 2898 3383 3307 3467; x_wconf 88' lang='lat' dir='ltr'><strong>repudiatum</strong></span> <span class='ocrx_word' id='word_1_645' title='bbox 3354 3393 3908 3466; x_wconf 83' lang='lat' dir='ltr'><strong>exauctoraverat,</strong></span> <span class='ocrx_word' id='word_1_646' title='bbox 3953 3386 4373 3454; x_wconf 81' lang='lat' dir='ltr'><strong>interficere?</strong></span> <span class='ocrx_word' id='word_1_647' title='bbox 4469 3386 4620 3454; x_wconf 89' lang='lat' dir='ltr'><strong>Saul</strong></span> <span class='ocrx_word' id='word_1_648' title='bbox 4654 3385 4771 3450; x_wconf 85' lang='lat' dir='ltr'><strong>enim</strong></span> 
     </span>
     <span class='ocr_line' id='line_1_92' title="bbox 2899 3468 4772 3550; baseline -0.002 -15"><span class='ocrx_word' id='word_1_649' title='bbox 2899 3468 3285 3535; x_wconf 88' lang='lat' dir='ltr'><strong>crudelitate</strong></span> <span class='ocrx_word' id='word_1_650' title='bbox 3338 3481 3404 3536; x_wconf 92' lang='lat' dir='ltr'><strong>et</strong></span> <span class='ocrx_word' id='word_1_651' title='bbox 3445 3471 3857 3537; x_wconf 87' lang='lat' dir='ltr'><strong>immanitate</strong></span> <span class='ocrx_word' id='word_1_652' title='bbox 3901 3474 4217 3550; x_wconf 90' lang='lat' dir='ltr'><strong>saeviens,</strong></span> <span class='ocrx_word' id='word_1_653' title='bbox 4274 3473 4539 3538; x_wconf 90' lang='lat' dir='ltr'><strong>nullum</strong></span> <span class='ocrx_word' id='word_1_654' title='bbox 4579 3469 4772 3537; x_wconf 85' lang='lat' dir='ltr'><strong>modum</strong></span> 
     </span>
     <span class='ocr_line' id='line_1_93' title="bbox 2900 3556 4775 3641; baseline -0.001 -20"><span class='ocrx_word' id='word_1_655' title='bbox 2900 3556 3220 3635; x_wconf 87' lang='lat' dir='ltr'><strong>servabat,</strong></span> <span class='ocrx_word' id='word_1_656' title='bbox 3265 3576 3468 3640; x_wconf 87' lang='lat' dir='ltr'><strong>quare</strong></span> <span class='ocrx_word' id='word_1_657' title='bbox 3512 3557 3716 3641; x_wconf 88' lang='lat' dir='ltr'><strong>igitur</strong></span> <span class='ocrx_word' id='word_1_658' title='bbox 3757 3556 4036 3622; x_wconf 85' lang='lat' dir='ltr'><strong>Davidie</strong></span> <span class='ocrx_word' id='word_1_659' title='bbox 4079 3557 4406 3624; x_wconf 89' lang='lat' dir='ltr'><strong>militibus</strong></span> <span class='ocrx_word' id='word_1_660' title='bbox 4450 3579 4579 3624; x_wconf 87' lang='lat' dir='ltr'><strong>uon</strong></span> <span class='ocrx_word' id='word_1_661' title='bbox 4619 3557 4775 3621; x_wconf 71' lang='lat' dir='ltr'><strong>linerat</strong></span> 
     </span>
     <span class='ocr_line' id='line_1_94' title="bbox 2900 3641 4773 3725; baseline 0.001 -21"><span class='ocrx_word' id='word_1_662' title='bbox 2900 3641 2968 3705; x_wconf 90' lang='lat' dir='ltr'><strong>in</strong></span> <span class='ocrx_word' id='word_1_663' title='bbox 3013 3642 3229 3724; x_wconf 90' lang='lat' dir='ltr'><strong>ipsum</strong></span> <span class='ocrx_word' id='word_1_664' title='bbox 3274 3652 3588 3725; x_wconf 88' lang='lat' dir='ltr'><strong>tanquam</strong></span> <span class='ocrx_word' id='word_1_665' title='bbox 3631 3644 3700 3707; x_wconf 90' lang='lat' dir='ltr'><strong>in</strong></span> <span class='ocrx_word' id='word_1_666' title='bbox 3746 3643 4067 3708; x_wconf 90' lang='lat' dir='ltr'><strong>latronem</strong></span> <span class='ocrx_word' id='word_1_667' title='bbox 4114 3655 4179 3707; x_wconf 92' lang='lat' dir='ltr'><strong>et</strong></span> <span class='ocrx_word' id='word_1_668' title='bbox 4212 3643 4605 3710; x_wconf 89' lang='lat' dir='ltr'><strong>homicidam</strong></span> <span class='ocrx_word' id='word_1_669' title='bbox 4635 3643 4773 3723; x_wconf 80' lang='lat' dir='ltr'><strong>impe-</strong></span> 
     </span>
     <span class='ocr_line' id='line_1_95' title="bbox 2900 3727 4774 3814; baseline 0 -24"><span class='ocrx_word' id='word_1_670' title='bbox 2900 3734 3043 3791; x_wconf 91' lang='lat' dir='ltr'><strong>tum</strong></span> <span class='ocrx_word' id='word_1_671' title='bbox 3109 3727 3338 3806; x_wconf 86' lang='lat' dir='ltr'><strong>facere,</strong></span> <span class='ocrx_word' id='word_1_672' title='bbox 3415 3736 3485 3794; x_wconf 92' lang='lat' dir='ltr'><strong>et</strong></span> <span class='ocrx_word' id='word_1_673' title='bbox 3546 3739 3858 3811; x_wconf 88' lang='lat' dir='ltr'><strong>tauquam</strong></span> <span class='ocrx_word' id='word_1_674' title='bbox 3925 3729 4247 3812; x_wconf 87' lang='lat' dir='ltr'><strong>perfidum</strong></span> <span class='ocrx_word' id='word_1_675' title='bbox 4316 3740 4391 3795; x_wconf 89' lang='lat' dir='ltr'><strong>et</strong></span> <span class='ocrx_word' id='word_1_676' title='bbox 4455 3729 4774 3814; x_wconf 79' lang='lat' dir='ltr'><strong>proditorem</strong></span> 
     </span>
     <span class='ocr_line' id='line_1_96' title="bbox 2900 3812 4779 3882; baseline -0.002 -4"><span class='ocrx_word' id='word_1_677' title='bbox 2900 3813 3319 3879; x_wconf 83' lang='lat' dir='ltr'><strong>interficere?</strong></span> <span class='ocrx_word' id='word_1_678' title='bbox 3379 3814 3811 3879; x_wconf 87' lang='lat' dir='ltr'><strong>Verumenim</strong></span> <span class='ocrx_word' id='word_1_679' title='bbox 3849 3834 4007 3881; x_wconf 90' lang='lat' dir='ltr'><strong>vero</strong></span> <span class='ocrx_word' id='word_1_680' title='bbox 4031 3815 4252 3881; x_wconf 82' lang='lat' dir='ltr'><strong>David</strong></span> <span class='ocrx_word' id='word_1_681' title='bbox 4294 3815 4451 3882; x_wconf 88' lang='lat' dir='ltr'><strong>istis</strong></span> <span class='ocrx_word' id='word_1_682' title='bbox 4493 3812 4779 3881; x_wconf 62' lang='lat' dir='ltr'><strong>rationibus</strong></span> 
     </span>
     <span class='ocr_line' id='line_1_97' title="bbox 2902 3897 4781 3985; baseline 0.002 -23"><span class='ocrx_word' id='word_1_683' title='bbox 2902 3897 3137 3963; x_wconf 88' lang='lat' dir='ltr'><strong>adduci</strong></span> <span class='ocrx_word' id='word_1_684' title='bbox 3181 3920 3315 3963; x_wconf 90' lang='lat' dir='ltr'><strong>non</strong></span> <span class='ocrx_word' id='word_1_685' title='bbox 3359 3899 3589 3983; x_wconf 90' lang='lat' dir='ltr'><strong>potuit,</strong></span> <span class='ocrx_word' id='word_1_686' title='bbox 3653 3909 3726 3964; x_wconf 91' lang='lat' dir='ltr'><strong>ut</strong></span> <span class='ocrx_word' id='word_1_687' title='bbox 3769 3901 3837 3964; x_wconf 91' lang='lat' dir='ltr'><strong>in</strong></span> <span class='ocrx_word' id='word_1_688' title='bbox 3886 3897 4154 3965; x_wconf 89' lang='lat' dir='ltr'><strong>Saulem</strong></span> <span class='ocrx_word' id='word_1_689' title='bbox 4200 3900 4458 3985; x_wconf 88' lang='lat' dir='ltr'><strong>aliquid</strong></span> <span class='ocrx_word' id='word_1_690' title='bbox 4501 3899 4781 3967; x_wconf 82' lang='lat' dir='ltr'><strong>moliretur.</strong></span> 
     </span>
     <span class='ocr_line' id='line_1_98' title="bbox 2902 3979 4776 4070; baseline -0.002 -20"><span class='ocrx_word' id='word_1_691' title='bbox 2902 3992 2969 4050; x_wconf 93' lang='lat' dir='ltr'><strong>et</strong></span> <span class='ocrx_word' id='word_1_692' title='bbox 3004 3983 3140 4048; x_wconf 90' lang='lat' dir='ltr'><strong>ulla</strong></span> <span class='ocrx_word' id='word_1_693' title='bbox 3175 3985 3245 4049; x_wconf 91' lang='lat' dir='ltr'><strong>in</strong></span> <span class='ocrx_word' id='word_1_694' title='bbox 3280 3993 3469 4067; x_wconf 88' lang='lat' dir='ltr'><strong>parte</strong></span> <span class='ocrx_word' id='word_1_695' title='bbox 3503 3986 3628 4068; x_wconf 90' lang='lat' dir='ltr'><strong>ipsi</strong></span> <span class='ocrx_word' id='word_1_696' title='bbox 3663 3995 3944 4051; x_wconf 90' lang='lat' dir='ltr'><strong>noceret.</strong></span> <span class='ocrx_word' id='word_1_697' title='bbox 4013 3984 4190 4067; x_wconf 77' lang='lat' dir='ltr'><strong>Quid</strong></span> <span class='ocrx_word' id='word_1_698' title='bbox 4229 3986 4427 4052; x_wconf 88' lang='lat' dir='ltr'><strong>illum</strong></span> <span class='ocrx_word' id='word_1_699' title='bbox 4464 3979 4776 4070; x_wconf 71' lang='lat' dir='ltr'><strong>impedivit?</strong></span> 
     </span>
     <span class='ocr_line' id='line_1_99' title="bbox 2902 4069 4778 4154; baseline 0 -20"><span class='ocrx_word' id='word_1_700' title='bbox 2902 4069 3154 4153; x_wconf 89' lang='lat' dir='ltr'><strong>Nempe</strong></span> <span class='ocrx_word' id='word_1_701' title='bbox 3212 4073 3578 4137; x_wconf 89' lang='lat' dir='ltr'><strong>reverentia</strong></span> <span class='ocrx_word' id='word_1_702' title='bbox 3632 4071 3961 4137; x_wconf 91' lang='lat' dir='ltr'><strong>unctionis</strong></span> <span class='ocrx_word' id='word_1_703' title='bbox 4019 4092 4215 4154; x_wconf 89' lang='lat' dir='ltr'><strong>quam</strong></span> <span class='ocrx_word' id='word_1_704' title='bbox 4262 4072 4427 4139; x_wconf 92' lang='lat' dir='ltr'><strong>olim</strong></span> <span class='ocrx_word' id='word_1_705' title='bbox 4475 4071 4626 4138; x_wconf 85' lang='lat' dir='ltr'><strong>Saul</strong></span> <span class='ocrx_word' id='word_1_706' title='bbox 4662 4085 4778 4134; x_wconf 78' lang='lat' dir='ltr'><strong>acueÎ‡</strong></span> 
     </span>
     <span class='ocr_line' id='line_1_100' title="bbox 2903 4155 4776 4242; baseline 0 -22"><span class='ocrx_word' id='word_1_707' title='bbox 2903 4162 3105 4239; x_wconf 90' lang='lat' dir='ltr'><strong>perat.</strong></span> <span class='ocrx_word' id='word_1_708' title='bbox 3172 4156 3345 4222; x_wconf 90' lang='lat' dir='ltr'><strong>Nam</strong></span> <span class='ocrx_word' id='word_1_709' title='bbox 3392 4158 3513 4232; x_wconf 89' lang='lat' dir='ltr'><strong>etsi</strong></span> <span class='ocrx_word' id='word_1_710' title='bbox 3556 4176 3835 4242; x_wconf 88' lang='lat' dir='ltr'><strong>regnum</strong></span> <span class='ocrx_word' id='word_1_711' title='bbox 3881 4157 3949 4222; x_wconf 91' lang='lat' dir='ltr'><strong>in</strong></span> <span class='ocrx_word' id='word_1_712' title='bbox 3997 4157 4173 4223; x_wconf 88' lang='lat' dir='ltr'><strong>tribu</strong></span> <span class='ocrx_word' id='word_1_713' title='bbox 4219 4169 4286 4224; x_wconf 92' lang='lat' dir='ltr'><strong>et</strong></span> <span class='ocrx_word' id='word_1_714' title='bbox 4331 4159 4583 4224; x_wconf 85' lang='lat' dir='ltr'><strong>familia</strong></span> <span class='ocrx_word' id='word_1_715' title='bbox 4607 4155 4776 4223; x_wconf 71' lang='lat' dir='ltr'><strong>Benia-</strong></span> 
     </span>
     <span class='ocr_line' id='line_1_101' title="bbox 2905 4241 4778 4324; baseline -0.001 -19"><span class='ocrx_word' id='word_1_716' title='bbox 2905 4241 3067 4306; x_wconf 90' lang='lat' dir='ltr'><strong>miui</strong></span> <span class='ocrx_word' id='word_1_717' title='bbox 3124 4262 3256 4305; x_wconf 88' lang='lat' dir='ltr'><strong>nou</strong></span> <span class='ocrx_word' id='word_1_718' title='bbox 3314 4248 3570 4324; x_wconf 90' lang='lat' dir='ltr'><strong>poterat</strong></span> <span class='ocrx_word' id='word_1_719' title='bbox 3627 4262 3770 4308; x_wconf 89' lang='lat' dir='ltr'><strong>esse</strong></span> <span class='ocrx_word' id='word_1_720' title='bbox 3828 4242 4243 4309; x_wconf 90' lang='lat' dir='ltr'><strong>diuturnum:</strong></span> <span class='ocrx_word' id='word_1_721' title='bbox 4300 4244 4425 4310; x_wconf 83' lang='lat' dir='ltr'><strong>sed</strong></span> <span class='ocrx_word' id='word_1_722' title='bbox 4483 4245 4550 4310; x_wconf 93' lang='lat' dir='ltr'><strong>in</strong></span> <span class='ocrx_word' id='word_1_723' title='bbox 4603 4241 4778 4308; x_wconf 70' lang='lat' dir='ltr'><strong>tribum</strong></span> 
     </span>
     <span class='ocr_line' id='line_1_102' title="bbox 2904 4326 4777 4418; baseline 0.001 -26"><span class='ocrx_word' id='word_1_724' title='bbox 2904 4326 3070 4392; x_wconf 89' lang='lat' dir='ltr'><strong>Iuda</strong></span> <span class='ocrx_word' id='word_1_725' title='bbox 3105 4329 3629 4395; x_wconf 84' lang='lat' dir='ltr'><strong>transferendum</strong></span> <span class='ocrx_word' id='word_1_726' title='bbox 3666 4335 3823 4408; x_wconf 89' lang='lat' dir='ltr'><strong>erat,</strong></span> <span class='ocrx_word' id='word_1_727' title='bbox 3871 4329 4039 4411; x_wconf 87' lang='lat' dir='ltr'><strong>quod</strong></span> <span class='ocrx_word' id='word_1_728' title='bbox 4085 4329 4157 4393; x_wconf 89' lang='lat' dir='ltr'><strong>in</strong></span> <span class='ocrx_word' id='word_1_729' title='bbox 4179 4328 4450 4396; x_wconf 82' lang='lat' dir='ltr'><strong>Davide</strong></span> <span class='ocrx_word' id='word_1_730' title='bbox 4492 4330 4777 4418; x_wconf 68' lang='lat' dir='ltr'><strong>perseum</strong></span> 
     </span>
     <span class='ocr_line' id='line_1_103' title="bbox 2904 4410 4775 4497; baseline -0.002 -18"><span class='ocrx_word' id='word_1_731' title='bbox 2904 4423 3035 4479; x_wconf 87' lang='lat' dir='ltr'><strong>est:</strong></span> <span class='ocrx_word' id='word_1_732' title='bbox 3103 4412 3321 4478; x_wconf 90' lang='lat' dir='ltr'><strong>David</strong></span> <span class='ocrx_word' id='word_1_733' title='bbox 3390 4423 3610 4480; x_wconf 89' lang='lat' dir='ltr'><strong>tamen</strong></span> <span class='ocrx_word' id='word_1_734' title='bbox 3675 4413 3948 4497; x_wconf 88' lang='lat' dir='ltr'><strong>pulchre</strong></span> <span class='ocrx_word' id='word_1_735' title='bbox 4009 4415 4256 4481; x_wconf 89' lang='lat' dir='ltr'><strong>sciebat</strong></span> <span class='ocrx_word' id='word_1_736' title='bbox 4320 4437 4464 4482; x_wconf 90' lang='lat' dir='ltr'><strong>non</strong></span> <span class='ocrx_word' id='word_1_737' title='bbox 4530 4434 4654 4482; x_wconf 83' lang='lat' dir='ltr'><strong>esse</strong></span> <span class='ocrx_word' id='word_1_738' title='bbox 4696 4410 4775 4475; x_wconf 76' lang='lat' dir='ltr'><strong>sibl</strong></span> 
     </span>
     <span class='ocr_line' id='line_1_104' title="bbox 2906 4493 4776 4644; baseline 0.001 -81"><span class='ocrx_word' id='word_1_739' title='bbox 2906 4497 3399 4599; x_wconf 76' lang='lat' dir='ltr'><strong>transsiliendos</strong></span> <span class='ocrx_word' id='word_1_740' title='bbox 3462 4500 3739 4601; x_wconf 74' lang='lat' dir='ltr'><strong>limites:</strong></span> <span class='ocrx_word' id='word_1_741' title='bbox 3800 4500 3916 4566; x_wconf 90' lang='lat' dir='ltr'><strong>sed</strong></span> <span class='ocrx_word' id='word_1_742' title='bbox 3982 4500 4492 4586; x_wconf 84' lang='lat' dir='ltr'><strong>quiescendum,</strong></span> <span class='ocrx_word' id='word_1_743' title='bbox 4554 4511 4614 4565; x_wconf 88' lang='lat' dir='ltr'><strong>et</strong></span> <span class='ocrx_word' id='word_1_744' title='bbox 4663 4493 4776 4644; x_wconf 57' lang='lat' dir='ltr'><strong>miii}</strong></span> 
     </span>
     <span class='ocr_line' id='line_1_105' title="bbox 2904 4583 4776 4755; baseline -0.002 -21"><span class='ocrx_word' id='word_1_745' title='bbox 2904 4583 3447 4737; x_wconf 57' lang='lat' dir='ltr'><strong>ttffiâ€˜ffiffi,</strong></span> <span class='ocrx_word' id='word_1_746' title='bbox 3487 4585 3875 4738; x_wconf 49' lang='lat' dir='ltr'><strong>5Â¹52&amp;ss</strong></span> <span class='ocrx_word' id='word_1_747' title='bbox 3893 4585 4260 4755; x_wconf 55' lang='grc' dir='ltr'><strong>Ï‰á¿—á½³á¼“á¿—ÎµÏ‰á¿–á¼¶</strong></span> <span class='ocrx_word' id='word_1_748' title='bbox 4276 4596 4776 4744; x_wconf 56' lang='grc' dir='ltr'><strong>á¼›á½²á¼“á¿‘á¾¶á¿“á¿“Ï‰á½²</strong></span> 
     </span>
     <span class='ocr_line' id='line_1_106' title="bbox 2904 4757 4773 4843; baseline 0.003 -23"><span class='ocrx_word' id='word_1_749' title='bbox 2904 4765 3047 4821; x_wconf 91' lang='lat' dir='ltr'><strong>erat</strong></span> <span class='ocrx_word' id='word_1_750' title='bbox 3102 4758 3173 4820; x_wconf 88' lang='lat' dir='ltr'><strong>in</strong></span> <span class='ocrx_word' id='word_1_751' title='bbox 3230 4759 3706 4839; x_wconf 89' lang='lat' dir='ltr'><strong>possessionem</strong></span> <span class='ocrx_word' id='word_1_752' title='bbox 3766 4759 3986 4843; x_wconf 87' lang='lat' dir='ltr'><strong>regiae</strong></span> <span class='ocrx_word' id='word_1_753' title='bbox 4042 4757 4391 4842; x_wconf 85' lang='lat' dir='ltr'><strong>dignitatis</strong></span> <span class='ocrx_word' id='word_1_754' title='bbox 4450 4760 4690 4824; x_wconf 71' lang='lat' dir='ltr'><strong>missus:</strong></span> <span class='ocrx_word' id='word_1_755' title='bbox 4734 4759 4773 4814; x_wconf 55' lang='grc' dir='ltr'>á½…</span> 
     </span>
     <span class='ocr_line' id='line_1_107' title="bbox 2903 4835 4773 4929; baseline 0.001 -23"><span class='ocrx_word' id='word_1_756' title='bbox 2903 4841 3090 4909; x_wconf 88' lang='lat' dir='ltr'><strong>Deus</strong></span> <span class='ocrx_word' id='word_1_757' title='bbox 3125 4843 3341 4925; x_wconf 90' lang='lat' dir='ltr'><strong>ipsum</strong></span> <span class='ocrx_word' id='word_1_758' title='bbox 3373 4844 3443 4907; x_wconf 92' lang='lat' dir='ltr'><strong>in</strong></span> <span class='ocrx_word' id='word_1_759' title='bbox 3479 4843 3789 4909; x_wconf 88' lang='lat' dir='ltr'><strong>mediocri</strong></span> <span class='ocrx_word' id='word_1_760' title='bbox 3833 4851 4030 4921; x_wconf 90' lang='lat' dir='ltr'><strong>statu,</strong></span> <span class='ocrx_word' id='word_1_761' title='bbox 4075 4852 4394 4929; x_wconf 85' lang='lat' dir='ltr'><strong>tanquam</strong></span> <span class='ocrx_word' id='word_1_762' title='bbox 4439 4845 4588 4911; x_wconf 84' lang='lat' dir='ltr'><strong>vilis</strong></span> <span class='ocrx_word' id='word_1_763' title='bbox 4621 4851 4675 4908; x_wconf 81' lang='lat' dir='ltr'><strong>et</strong></span> <span class='ocrx_word' id='word_1_764' title='bbox 4702 4835 4773 4902; x_wconf 68' lang='lat' dir='ltr'><strong>tl&gt;</strong></span> 
     </span>
     <span class='ocr_line' id='line_1_108' title="bbox 2903 4927 4771 5006; baseline -0.001 -14"><span class='ocrx_word' id='word_1_765' title='bbox 2903 4927 3106 4993; x_wconf 88' lang='lat' dir='ltr'><strong>iectae</strong></span> <span class='ocrx_word' id='word_1_766' title='bbox 3152 4928 3542 4995; x_wconf 90' lang='lat' dir='ltr'><strong>conditionis</strong></span> <span class='ocrx_word' id='word_1_767' title='bbox 3581 4928 3919 4995; x_wconf 86' lang='lat' dir='ltr'><strong>hominem</strong></span> <span class='ocrx_word' id='word_1_768' title='bbox 3965 4930 4300 4996; x_wconf 88' lang='lat' dir='ltr'><strong>continere</strong></span> <span class='ocrx_word' id='word_1_769' title='bbox 4346 4930 4578 5006; x_wconf 79' lang='lat' dir='ltr'><strong>voluit,</strong></span> <span class='ocrx_word' id='word_1_770' title='bbox 4630 4927 4771 4990; x_wconf 74' lang='lat' dir='ltr'>donee</span> 
     </span>
     <span class='ocr_line' id='line_1_109' title="bbox 2904 5012 4773 5102; baseline 0.003 -24"><span class='ocrx_word' id='word_1_771' title='bbox 2904 5014 2974 5078; x_wconf 90' lang='lat' dir='ltr'><strong>in</strong></span> <span class='ocrx_word' id='word_1_772' title='bbox 3034 5013 3220 5098; x_wconf 86' lang='lat' dir='ltr'><strong>regni</strong></span> <span class='ocrx_word' id='word_1_773' title='bbox 3263 5015 3736 5097; x_wconf 86' lang='lat' dir='ltr'><strong>possessionem</strong></span> <span class='ocrx_word' id='word_1_774' title='bbox 3778 5015 3997 5098; x_wconf 91' lang='lat' dir='ltr'><strong>ipsum</strong></span> <span class='ocrx_word' id='word_1_775' title='bbox 4056 5015 4380 5094; x_wconf 84' lang='lat' dir='ltr'><strong>misisset,</strong></span> <span class='ocrx_word' id='word_1_776' title='bbox 4443 5012 4773 5102; x_wconf 67' lang='lat' dir='ltr'><strong>regionisque</strong></span> 
     </span>
     <span class='ocr_line' id='line_1_110' title="bbox 2904 5099 4773 5185; baseline -0.002 -19"><span class='ocrx_word' id='word_1_777' title='bbox 2904 5109 3102 5184; x_wconf 87' lang='lat' dir='ltr'><strong>caput</strong></span> <span class='ocrx_word' id='word_1_778' title='bbox 3144 5100 3419 5166; x_wconf 84' lang='lat' dir='ltr'><strong>fecisset.</strong></span> <span class='ocrx_word' id='word_1_779' title='bbox 3482 5099 3703 5182; x_wconf 78' lang='lat' dir='ltr'><strong>Quam</strong></span> <span class='ocrx_word' id='word_1_780' title='bbox 3746 5101 4019 5183; x_wconf 87' lang='lat' dir='ltr'><strong>pulchre</strong></span> <span class='ocrx_word' id='word_1_781' title='bbox 4060 5102 4262 5185; x_wconf 84' lang='lat' dir='ltr'><strong>igitur</strong></span> <span class='ocrx_word' id='word_1_782' title='bbox 4304 5102 4380 5167; x_wconf 88' lang='lat' dir='ltr'><strong>in</strong></span> <span class='ocrx_word' id='word_1_783' title='bbox 4426 5122 4609 5169; x_wconf 86' lang='lat' dir='ltr'><strong>usum</strong></span> <span class='ocrx_word' id='word_1_784' title='bbox 4646 5113 4773 5163; x_wconf 74' lang='lat' dir='ltr'><strong>revo-</strong></span> 
     </span>
     <span class='ocr_line' id='line_1_111' title="bbox 2904 5181 4769 5271; baseline -0.002 -19"><span class='ocrx_word' id='word_1_785' title='bbox 2904 5187 3080 5252; x_wconf 85' lang='lat' dir='ltr'><strong>cavit</strong></span> <span class='ocrx_word' id='word_1_786' title='bbox 3136 5185 3307 5270; x_wconf 91' lang='lat' dir='ltr'><strong>quod</strong></span> <span class='ocrx_word' id='word_1_787' title='bbox 3366 5186 3446 5251; x_wconf 91' lang='lat' dir='ltr'><strong>de</strong></span> <span class='ocrx_word' id='word_1_788' title='bbox 3504 5206 3576 5252; x_wconf 92' lang='lat' dir='ltr'><strong>se</strong></span> <span class='ocrx_word' id='word_1_789' title='bbox 3628 5186 3960 5271; x_wconf 86' lang='lat' dir='ltr'><strong>praedicat</strong></span> <span class='ocrx_word' id='word_1_790' title='bbox 4018 5186 4263 5254; x_wconf 89' lang='lat' dir='ltr'><strong>Psalm.</strong></span> <span class='ocrx_word' id='word_1_791' title='bbox 4328 5188 4494 5255; x_wconf 85' lang='lat'>131:</span> <span class='ocrx_word' id='word_1_792' title='bbox 4558 5181 4769 5253; x_wconf 80' lang='lat' dir='ltr'><strong>nomino</strong></span> 
     </span>
     <span class='ocr_line' id='line_1_112' title="bbox 2906 5271 4769 5358; baseline -0.003 -20"><span class='ocrx_word' id='word_1_793' title='bbox 2906 5291 3041 5338; x_wconf 90' lang='lat' dir='ltr'><strong>non</strong></span> <span class='ocrx_word' id='word_1_794' title='bbox 3106 5279 3208 5339; x_wconf 89' lang='lat' dir='ltr'><strong>est</strong></span> <span class='ocrx_word' id='word_1_795' title='bbox 3273 5271 3634 5339; x_wconf 87' lang='lat' dir='ltr'><strong>exaltatum</strong></span> <span class='ocrx_word' id='word_1_796' title='bbox 3698 5292 3809 5338; x_wconf 89' lang='lat' dir='ltr'><strong>cor</strong></span> <span class='ocrx_word' id='word_1_797' title='bbox 3871 5292 4088 5339; x_wconf 91' lang='lat' dir='ltr'><strong>meum</strong></span> <span class='ocrx_word' id='word_1_798' title='bbox 4107 5321 4126 5357; x_wconf 89' lang='lat'><strong>,</strong></span> <span class='ocrx_word' id='word_1_799' title='bbox 4190 5293 4412 5358; x_wconf 87' lang='lat' dir='ltr'><strong>neque</strong></span> <span class='ocrx_word' id='word_1_800' title='bbox 4476 5273 4615 5339; x_wconf 82' lang='lat' dir='ltr'><strong>elati</strong></span> <span class='ocrx_word' id='word_1_801' title='bbox 4666 5271 4769 5333; x_wconf 64' lang='lat' dir='ltr'><strong>sunt</strong></span> 
     </span>
    </p>
   </div>
   <div class='ocr_carea' id='block_1_5' title="bbox 4864 660 4884 2889">
    <p class='ocr_par' dir='ltr' id='par_1_7' title="bbox 4864 660 4884 2889">
     <span class='ocr_line' id='line_1_113' title="bbox 4864 660 4884 2889; baseline 0 0"><span class='ocrx_word' id='word_1_802' title='bbox 4864 660 4884 2889; x_wconf 95' lang='lat' dir='ltr'><strong> </strong></span> 
     </span>
    </p>
   </div>
   <div class='ocr_carea' id='block_1_6' title="bbox 4863 660 4885 3133">
    <p class='ocr_par' dir='ltr' id='par_1_8' title="bbox 4863 660 4885 3133">
     <span class='ocr_line' id='line_1_114' title="bbox 4863 660 4885 3133; baseline 0 0"><span class='ocrx_word' id='word_1_803' title='bbox 4863 660 4885 3133; x_wconf 95' lang='lat' dir='ltr'><strong> </strong></span> 
     </span>
    </p>
   </div>
  </div>
 </body>
</html>
