5059 6059
875 326 1008 393 539

874 532 1099 580 omnes
1161 517 1409 578 certum
1466 517 1566 574 est
1620 505 2066 591 proximorum
2108 500 2461 570 commodis
2503 498 2766 567 studere
2781 548 2800 580 ,

876 600 1129 682 Deique
1169 596 1441 681 gloriam
1482 613 1600 677 pro
1636 591 1890 657 viribus
1922 588 2093 657 velle
2125 607 2525 672 promovere,
2592 585 2800 651 sancti

880 682 1147 768 apostoli
1190 680 1383 747 Pauli
1427 677 1790 744 doctrinam
1831 683 2236 758 usurpantes,
2294 692 2423 756 qua
2465 677 2688 737 monet
2728 679 2804 769 ut

879 766 1240 837 Christiani
1297 764 1535 831 divites
1586 782 1728 829 esse
1782 769 1851 827 et
1903 779 2220 844 pauperes
2271 757 2557 825 discant:
2614 774 2693 822 ao
2743 776 2804 820 si

879 853 1116 922 divites
1157 872 1299 918 esse
1340 848 1744 949 contigerit,-
1769 867 1853 947 ne
1895 847 2253 945 efferantur
2292 843 2529 943 animo,
2593 861 2802 942 neque

877 928 2801 1115 3ἓὲηᾶἶῖῗὶᾆῇξ’ζέᾚῖἓῗᾶῗ,ἔὲᾶαὲὲιᾶῗιὲῗοὲἔῗᾰ

879 1130 998 1177 suo
1075 1111 1144 1175 in
1223 1106 1525 1172 omnibus
1600 1103 1976 1188 fungantur.
2066 1100 2193 1167 Sin
2253 1106 2602 1183 contigerit
2662 1117 2802 1163 esse

923 1214 1216 1278 auperes,
1281 1191 1365 1259 ad
1428 1190 1643 1256 Deum
1707 1187 2102 1271 confugiant,
2176 1183 2579 1270 paupertatis
2647 1201 2802 1249 suae

856 1217 1124 1349 Bonum
1196 1279 1445 1345 exitum
1514 1280 1981 1359 exspectantes.
2069 1271 2166 1336 At
2218 1283 2480 1354 quanta,
2545 1286 2801 1352 quaeso,

885 1386 1137 1433 morum
1204 1359 1575 1446 corruptio?
1647 1359 1796 1442 quis
1848 1356 2220 1424 mortalium
2274 1356 2405 1421 ista
2459 1361 2805 1438 praecepta

884 1449 1145 1521 servat?
1191 1449 1251 1514 N
1256 1469 1363 1514 am
1388 1467 1467 1513 ea
1500 1445 1884 1529 plerumque
1916 1451 2017 1509 est
2050 1441 2388 1508 hominum
2424 1439 2507 1506 ad
2544 1440 2806 1506 divitias

872 1538 1421 1604 inflammatorum
1442 1529 1738 1609 aviditas,
1775 1539 1848 1594 ut
1876 1528 1959 1594 ad
1981 1527 2263 1610 rapinas,
2296 1525 2803 1610 compilationes,

873 1620 1132 1689 fraudes
1172 1617 1610 1702 impellantur,
1654 1623 1846 1699 atque
1887 1612 2201 1681 iudicium
2242 1619 2681 1695 corrumpant,
2726 1629 2802 1677 ac

872 1706 1103 1775 ordine
1143 1705 1320 1771 omni
1364 1703 1606 1769 violato
1649 1700 2041 1782 aequitatem
2086 1717 2344 1764 omnem
2401 1704 2800 1780 pervertant,

875 1802 951 1860 ut
1007 1791 1270 1857 tandem
1328 1788 1411 1854 ad
1470 1807 1662 1852 omne
1715 1785 2039 1871 flagitium
2095 1785 2235 1851 sine
2292 1781 2663 1849 discrimine
2702 1780 2798 1847 fe·

875 1889 1126 1945 rantur.
1221 1873 1416 1957 Quod
1467 1873 1753 1938 maxime
1808 1870 2220 1954 conspicuum
2277 1870 2349 1933 in
2405 1867 2488 1934 iis
2545 1876 2648 1933 est
2686 1866 2800 1950 qui

874 1962 959 2031 ad
1013 1982 1301 2030 summos
1354 1959 1634 2025 honores
1687 1956 1892 2021 evecti
1926 1962 2117 2021 sunt:
2180 1954 2294 2021 sed
2337 1962 2401 2019 et
2445 1952 2528 2018 ad
2575 1972 2799 2018 omnes

875 2050 1313 2131 cuiuscunque
1355 2042 1620 2108 tandem
1662 2040 1908 2107 ordinis
1950 2040 2249 2124 pertinet,
2298 2039 2405 2108 vel
2446 2038 2592 2122 ipsa
2634 2046 2798 2103 teste

876 2133 1297 2218 experientia.
1383 2129 1555 2195 Nam
1639 2127 1750 2211 qui
1835 2126 2110 2192 avaritia
2178 2125 2498 2201 feruntur,
2588 2123 2798 2190 aliena

877 2239 1135 2303 semper
1190 2222 1522 2300 appetunt,
1578 2234 1654 2279 ac
1712 2210 1981 2297 proinde
2024 2231 2279 2295 semper
2319 2210 2586 2294 laqueos
2628 2210 2796 2274 inse·

878 2315 1050 2385 runt,
1103 2303 1338 2386 quibus
1393 2301 1686 2366 incautos
1726 2297 2049 2375 irretiant,
2109 2307 2176 2361 et
2218 2316 2440 2362 eorum
2484 2295 2654 2360 bona
2695 2294 2796 2359 iu-

882 2389 1138 2456 vadant.
1229 2385 1361 2453 Sed
1415 2386 1696 2449 maxime
1752 2380 2111 2467 periculosa
2151 2390 2251 2448 est
2293 2382 2360 2445 in
2406 2380 2485 2447 iis
2526 2380 2640 2462 qui
2682 2399 2795 2445 au-

880 2475 1141 2540 toritate
1181 2472 1428 2556 pollent
1470 2469 1762 2545 avaritia,
1818 2467 1988 2552 quod
2032 2467 2175 2533 fieri
2216 2487 2343 2531 nou
2388 2467 2595 2550 possit
2636 2466 2794 2549 quin

876 2561 980 2626 ius
1045 2569 1113 2623 et
1162 2575 1441 2640 aequum
1499 2574 1689 2619 omne
1731 2559 2124 2636 pervertant.
2210 2551 2393 2617 Deus
2437 2552 2610 2616 enim
2655 2551 2793 2633 ipse

878 2665 996 2729 per
1054 2643 1281 2709 Mosen
1335 2640 1460 2707 hoo
1500 2638 1813 2706 iudicium
1855 2637 2032 2719 tulit,
2094 2635 2199 2702 his
2240 2635 2491 2703 verbis:
2552 2635 2795 2702 Munus

877 2750 955 2796 ne
999 2730 1272 2811 accipito,
1320 2745 1473 2793 nam
1526 2744 1756 2790 munus
1810 2723 2020 2807 ipsum
2072 2726 2355 2789 excaecat
2393 2720 2680 2801 oculatos,
2736 2726 2795 2787 et

864 2815 1165 2899 pervertit
1218 2812 1402 2879 verba
1454 2811 1778 2893 iustorum,
1837 2810 2022 2892 quasi
2079 2807 2250 2873 dicat
2293 2806 2632 2872 avaritiam
2679 2806 2789 2870 ho·

875 2901 1085 2966 mines
1127 2895 1541 2983 quantumvis
1584 2894 1824 2980 peritos
1867 2905 1934 2958 et
1970 2893 2424 2977 intelligentes,
2466 2912 2543 2957 ac
2586 2891 2790 2958 virtu·

875 2985 1046 3052 tibus
1090 2985 1345 3050 eximiis
1388 2982 1616 3060 claros,
1674 2981 1768 3045 ita
1811 2998 2170 3056 excaecare,
2228 2986 2302 3043 ut
2342 2977 2686 3061 aequitatis
2726 2985 2794 3043 et

874 3073 1038 3138 iuris
1080 3090 1338 3137 omnem
1381 3067 1514 3134 illis
1556 3065 1991 3150 cognitionem
2034 3064 2281 3147 eripiat.
2370 3061 2551 3144 Quin
2596 3063 2791 3128 etiam

878 3177 1067 3223 nemo
1124 3169 1259 3221 tam
1317 3162 1580 3221 sanctus
1636 3159 1753 3230 est,
1816 3161 2075 3232 tamque
2128 3148 2324 3216 officii
2365 3149 2471 3214 sui
2509 3147 2791 3215 faciendi

876 3241 1219 3318 studiosus,
1263 3249 1339 3306 ut
1378 3236 1744 3322 angelicam
1783 3234 2243 3320 perfectionem
2276 3242 2556 3317 expetat,
2596 3253 2791 3317 quem

876 3327 1152 3395 avaritia
1208 3346 1340 3391 non
1404 3322 1614 3399 violet,
1673 3322 1728 3388 si
1782 3319 1984 3387 semel
2025 3320 2229 3404 ipsius
2270 3319 2563 3385 animum
2604 3338 2793 3385 occu-

876 3415 1066 3499 parit.
1153 3408 1593 3492 Quamobrem
1650 3406 1885 3473 animis
1941 3405 2179 3471 nostris
2232 3404 2430 3471 altius
2488 3414 2588 3471 est
2643 3404 2793 3469 infl-

875 3497 1090 3585 genda
1145 3495 1340 3562 Pauli
1388 3491 1701 3572 doctrina,
1760 3490 2048 3559 docentis
2091 3488 2431 3556 avaritiam
2471 3509 2614 3556 esse
2657 3509 2791 3556 ma-

877 3585 1087 3650 lorum
1128 3581 1419 3647 omnium
1462 3578 1779 3645 radicem:
1824 3575 2093 3642 minime
2135 3576 2394 3660 quidem
2435 3575 2619 3659 quasi
2662 3574 2792 3642 alia

877 3670 945 3734 in
999 3667 1239 3733 mundo
1282 3674 1540 3750 peccata
1580 3685 1710 3731 non
1754 3663 1905 3743 sint,
1962 3660 2076 3728 sed
2119 3660 2293 3745 quod
2332 3659 2413 3728 ab
2456 3681 2534 3727 ea
2575 3660 2794 3726 omnia

878 3759 1140 3836 peccata
1171 3757 1529 3834 erumpant.
1572 3749 1940 3815 Fraudibus
1973 3748 2148 3813 enim
2182 3747 2398 3813 aliena
2429 3755 2790 3829 captantur,

877 3858 954 3905 ac
1007 3837 1168 3902 iuris
1223 3843 1289 3903 et
1344 3835 1689 3918 aequitatis
1746 3832 1978 3900 ultima
2033 3851 2191 3899 cura
2232 3832 2527 3898 habetur.
2615 3831 2791 3897 Hinc

877 3922 1023 3989 odia
1086 3930 1464 4001 nascuntur,
1526 3919 1683 3986 hinc
1736 3919 1940 3997 rixae,
1996 3916 2152 3985 hinc
2210 3916 2455 3995 caedes,
2514 3915 2790 3997 fraudes,

877 4005 1374 4092 compilationes,
1428 4007 1714 4090 rapinae,
1773 4013 1838 4070 et
1888 4023 2081 4069 omne
2136 4002 2519 4069 iniuriarum
2562 4022 2789 4085 genus.

876 4093 1177 4177 Denique
1235 4091 1290 4157 si
1346 4094 1490 4175 quis
1545 4092 1706 4157 haec
1761 4090 1983 4156 omnia
2039 4098 2333 4156 accurate
2389 4089 2789 4171 expenderit,

875 4178 1224 4262 comperiet
1276 4177 1401 4243 hoc
1451 4174 1613 4244 vitio
1666 4174 2073 4241 laborantem
2128 4174 2336 4240 veluti
2392 4174 2792 4257 mancipium

876 4285 1017 4331 esse
1061 4262 1364 4339 Satanae,
1421 4283 1462 4327 a
1502 4280 1631 4346 quo
1673 4259 1758 4326 ad
1799 4259 2122 4345 quaelibet
2161 4258 2326 4324 vitia
2365 4278 2484 4342 pro
2524 4258 2791 4325 libidine

873 4348 1263 4434 impellatur.
1351 4345 1602 4414 Idcirco
1678 4344 1901 4411 eadem
1964 4344 2237 4429 epistola
2290 4342 2532 4410 Paulus
2587 4343 2789 4422 docet,

873 4456 982 4502 eos
1038 4434 1149 4519 qui
1207 4431 1518 4499 ditescere
1558 4433 1829 4514 cupiunt
1866 4431 1936 4496 in
1979 4431 2295 4496 maximos
2340 4429 2592 4495 dolores
2630 4429 2788 4495 iuci-

875 4521 1044 4587 dere.
1126 4519 1359 4602 Neque
1422 4518 1598 4583 enim
1656 4514 1939 4584 Satanae
1993 4514 2260 4582 insidias
2301 4514 2788 4600 praeviderunt:

875 4613 1069 4690 atque
1122 4603 1397 4671 avaritia
1444 4600 1866 4688 proculdubio
1916 4602 2153 4668 vitium
2195 4609 2294 4666 est
2335 4620 2463 4685 quo
2504 4600 2789 4666 maxime

874 4691 1169 4758 homines
1224 4688 1651 4773 decipiuntur.
1738 4686 1964 4771 Neque
2021 4687 2194 4753 enim
2248 4691 2563 4753 scortator
2604 4706 2787 4752 suam

875 4773 1345 4860 turpitudinem
1384 4772 1665 4854 iactabit,
1706 4772 1787 4838 ab
1828 4771 2126 4838 omnibus
2160 4770 2442 4854 alioquin
2477 4770 2789 4836 damnan-

875 4861 1027 4928 dus:
1072 4880 1280 4943 neque
1322 4859 1632 4940 ebriosus,
1675 4878 1889 4941 neque
1929 4858 2094 4923 alius
2127 4857 2393 4940 quilibet
2423 4856 2788 4923 istiusmodi

873 4947 1053 5012 vitiis
1110 4944 1386 5013 deditus.
1473 4942 1606 5011 Sed
1661 4964 1898 5010 avarus
1956 4943 2151 5009 etiam
2209 4963 2280 5009 se
2335 4940 2643 5020 laudabit,
2712 4962 2788 5009 ac

879 5034 1184 5097 virtutem
1228 5051 1370 5098 esse
1412 5027 1804 5114 praedicabit
1846 5049 1994 5096 suas
2039 5029 2344 5112 pecunias
2378 5037 2617 5093 temere
2651 5048 2787 5092 non

874 5114 1298 5199 profundere:
1339 5115 1564 5200 optimi
1598 5115 1869 5199 sanique
1897 5113 2121 5180 iudicii
2141 5134 2299 5191 esse,
2334 5114 2528 5179 rebus
2544 5111 2787 5179 domes-

876 5202 1017 5269 ticis
1058 5201 1416 5286 providere,
1461 5208 1529 5267 et
1560 5220 1815 5268 summa
1854 5221 2012 5269 cura
2045 5207 2112 5267 et
2159 5197 2589 5266 sollicitudine
2636 5218 2785 5282 pro-

2470 309 2880 380 HOMILIA
2933 310 3234 378 XXVII.

4651 321 4745 391 540

2901 519 3183 566 movere.
3261 499 3368 567 En
3403 501 3638 585 quibus
3670 501 4031 568 rationibus
4065 504 4265 588 pestis
4301 504 4414 569 illa
4443 508 4749 576 moralium

2902 584 3097 651 etiam
3154 585 3411 653 virtutis
3463 586 3710 652 honore
3753 584 4180 655 decorabitur.
4266 588 4665 671 Quamobrem
4694 615 4749 663 eo

2902 669 3281 755 diligentius
3333 671 3713 753 cavendum,
3816 692 3975 737 uum
4033 672 4214 742 Deus
4265 675 4449 754 bona,
4502 677 4749 762 fortusse,

2900 755 3419 840 possessionesve
3473 756 3659 823 nobis
3701 756 3743 822 d
3825 756 3969 841 erit,
4026 779 4109 825 ne
4151 758 4390 830 diaboli
4429 762 4629 829 fraude
4660 766 4750 832 cir-

2900 841 3406 923 cumveniamur,
3462 851 3530 908 et
3578 842 3702 909 hac
3757 842 4023 910 virtutis
4063 847 4294 929 specie,
4345 846 4534 914 rebus
4569 869 4753 934 nempe

2902 928 3139 993 nostris
3190 926 3586 1005 consulendi,
3631 926 4048 1011 decipiamur.
4135 930 4453 999 Videmus
4491 934 4644 999 enim
4677 935 4753 1003 bio

2897 1031 2940 1077 a
2998 1019 3220 1079 sancto
3262 1013 3493 1097 spiritu
3532 1013 3699 1080 filios
3739 1013 4069 1082 Samuelis
4107 1019 4342 1097 notari,
4399 1025 4466 1085 et
4503 1019 4756 1088 avaritise

2900 1096 3217 1177 damnari,
3274 1119 3439 1182 quae
3492 1099 3586 1166 sic
3638 1098 3831 1165 corda
3885 1105 4174 1183 ipsorum
4229 1103 4490 1182 invasit,
4544 1115 4614 1169 ut
4639 1103 4755 1173 hino

2899 1182 3052 1248 inde
3085 1184 3365 1267 acceptis
3397 1184 3779 1251 muneribus
3811 1185 4119 1253 iudicium
4151 1187 4591 1272 perverterint.
4662 1190 4757 1258 lio·

2901 1266 3175 1335 tandum
3233 1269 3428 1336 etiam
3487 1269 3730 1336 iudices
3784 1290 3898 1339 eos
3953 1290 4181 1339 omnes
4236 1273 4348 1373 qui
4397 1275 4672 1359 quaestui
4713 1287 4760 1342 st

2903 1352 3081 1421 lucro
3114 1356 3378 1438 proprio
3411 1355 3776 1437 inhiabunt,
3809 1356 4122 1424 iudicium
4153 1359 4341 1425 facile
4376 1380 4760 1443 perversuros,

2901 1447 2970 1506 et
3000 1437 3081 1506 ab
3114 1457 3321 1524 aequo
3356 1449 3425 1506 et
3456 1450 3631 1508 recto
3666 1439 4091 1510 discessuros:
4134 1465 4213 1511 ac
4244 1444 4398 1510 licet
4429 1445 4760 1530 gravitstsm

2903 1533 2970 1590 et
3009 1527 3445 1593 constantiam
3482 1546 3642 1611 prae
3674 1547 3746 1592 se
3786 1528 4015 1606 ferant,
4073 1526 4238 1595 adde
4281 1538 4350 1595 et
4369 1549 4669 1598 summam
4685 1533 4762 1597 in-

2901 1610 3272 1696 tegritatem
3314 1621 3383 1678 et
3422 1611 3905 1713 continentiam,
3949 1614 4255 1681 facillime
4296 1623 4517 1682 tamen
4555 1616 4631 1682 ad
4667 1619 4764 1702 pri-

2899 1715 3647 1882 &42:333033333.
3659 1717 4058 1867 ⁰1⁰⁰⁸⁸02q32¹¹i1¹fl
4106 1700 4765 1866 :limem

2895 1866 3141 1933 frustra
3217 1876 3681 1934 continentiam
3704 1919 3720 1948 ,
3799 1869 4044 1936 frustra
4123 1873 4559 1939 constantiam
4624 1873 4765 1940 isefi-

2897 1961 3059 2030 tant,
3101 1952 3231 2020 nisi
3273 1953 3494 2020 Deum
3535 1954 3745 2039 ipsum
3791 1955 4167 2023 mendacem
4201 1959 4476 2044 fingant,
4517 1958 4625 2043 qui
4652 1979 4768 2026 cou-

2896 2039 3176 2105 trarium
3233 2050 3311 2106 ut
3366 2047 3519 2104 ante
3575 2060 3658 2105 ex
3714 2041 3900 2107 Mose
3951 2041 4301 2125 docuimus,
4359 2043 4640 2111 accidere
4684 2066 4768 2110 ue-

2893 2142 3073 2191 cesse
3115 2144 3257 2190 esse
3294 2125 3769 2208 pronunciavit.
3855 2124 4079 2208 Quare
4120 2127 4281 2195 haec
4322 2128 4612 2197 doctrina
4637 2150 4773 2214 spee-

2896 2217 2991 2273 tat
3045 2208 3311 2291 quidem
3363 2230 3472 2275 eos
3526 2211 3808 2277 maxime
3864 2213 3979 2296 qui
4020 2213 4101 2278 ad
4145 2234 4367 2280 rerum
4411 2214 4770 2298 publicarum

2893 2293 3336 2380 gubernacula
3391 2293 3640 2375 sedent,
3705 2305 3773 2363 et
3827 2297 4086 2382 populis
4143 2300 4246 2365 ius
4301 2298 4771 2368 administraturi

2895 2386 3080 2446 sunt:
3126 2400 3362 2446 verum
3401 2390 3624 2447 tamen
3667 2401 3810 2448 eam
3855 2382 4040 2449 nobis
4074 2384 4374 2451 omnibus
4409 2406 4772 2453 communem

2896 2485 3038 2531 esse
3093 2465 3430 2533 sciendum
3486 2474 3603 2544 est,
3661 2487 3737 2535 ac
3792 2467 4208 2536 statuendum
4263 2491 4404 2535 non
4458 2491 4642 2555 posse
4684 2491 4773 2537 nos

2896 2550 3131 2616 diaboli
3172 2550 3437 2635 laqueos
3469 2551 3774 2637 effugere,
3817 2554 3978 2637 quin
4013 2552 4097 2620 ad
4130 2574 4394 2622 omnem
4427 2557 4774 2623 iniustitiam

2895 2635 4774 2806 :53:22313‘33.&remissuram

2895 2815 2962 2872 et
3059 2808 3238 2875 aucis
3290 2808 3576 2875 contenti
3629 2829 3770 2876 esse
3823 2829 4302 2879 assuescamus:
4365 2813 4641 2880 scientes
4686 2833 4774 2880 sos

2894 2913 2977 2977 op
3047 2892 3330 2960 entiores
3386 2894 3606 2973 factos,
3672 2895 3798 2962 nisi
3855 2915 4261 2980 summopere
4311 2917 4668 2979 caveamus,
4714 2896 4776 2963 sd

2894 2977 3379 3062 compilationes
3430 2986 3502 3045 et
3540 2980 3803 3063 rapinas
3844 2979 3982 3049 fore
4021 2982 4377 3066 proclives:
4437 3003 4516 3052 ao
4555 2983 4774 3051 tandem

2893 3064 3118 3130 multis
3180 3063 3508 3131 laboribus
3564 3078 3818 3133 coactas
3872 3086 3913 3133 o
4079 3067 4154 3132 in
4210 3067 4466 3135 fumum
4510 3069 4775 3145 abituras,

2894 3159 2962 3215 et
3017 3149 3204 3300 noblils
3259 3170 3335 3217 ac
3376 3150 3654 3234 posteris
3693 3153 3851 3217 imm
3940 3152 3954 3167 ‘
4035 3151 4164 3220 bile
4206 3151 4528 3220 damnum
4570 3165 4632 3221 et
4665 3155 4776 3221 exi·

2893 3237 3054 3301 tium
3191 3242 3429 3301 aturas.

3061 3319 3386 3404 Deinceps
3429 3320 3511 3386 ad
3557 3320 3806 3405 reliqua
3847 3322 4048 3390 verba
4087 3344 4462 3409 pergamus,
4521 3346 4674 3409 quae
4706 3326 4778 3390 its
4913 3371 4914 3384 ι

2891 3405 3164 3471 habent:
3227 3405 3595 3490 Gonyreqati
3646 3427 3788 3491 erqo
3841 3410 4125 3474 universi
4177 3411 4453 3477 maiores
4505 3417 4651 3476 nata
4695 3412 4775 3476 Is·
4913 3447 4914 3478 ι

2889 3490 3024 3557 rael
3079 3498 3371 3557 venerunt
3412 3492 3496 3558 ad
3540 3490 3890 3560 Samuelem
3929 3495 4001 3559 in
4044 3494 4384 3562 Ramatka.
4474 3496 4778 3563 Diremit·
4913 3571 4914 3574 Ἴ

2890 3595 3007 3658 que
3047 3577 3134 3642 ei.-
3190 3575 3347 3643 Ecce
3387 3581 3458 3642 tu
3497 3579 3778 3662 senuisti,
3823 3583 3881 3644 et
3916 3579 4041 3660 filio·
4080 3581 4177 3645 tui
4215 3601 4342 3647 non
4386 3581 4777 3649 ambulantia

2890 3661 3015 3726 viis
3056 3663 3217 3727 tuis:
3278 3660 3586 3730 Constitue
3625 3664 3802 3730 nobis
3832 3685 4062 3747 reyem,
4108 3671 4179 3731 ut
4215 3668 4453 3734 iudicet
4493 3688 4618 3748 nos,
4654 3668 4780 3735 eiad

2889 3751 2945 3813 et
2975 3747 3301 3814 universae
3333 3747 3552 3814 habent
3581 3751 3880 3815 nationes.
3945 3750 4304 3818 Consilium
4339 3752 4603 3836 quidem
4635 3751 4776 3818 istud
4913 3819 4914 3832 χ

2891 3833 3096 3914 primo
3152 3833 3433 3898 intuenti
3492 3853 3620 3900 nou
3676 3834 3939 3901 videtur
3994 3836 4237 3903 malum
4295 3858 4512 3922 neque
4566 3838 4776 3923 vitupe-

2890 3918 3183 3984 randum.
3270 3917 3439 3984 Nam
3483 3919 3594 3985 ubi
3636 3919 3792 4004 quid
3834 3920 3988 3987 mali
4029 3931 4147 4000 est,
4205 3924 4572 3991 remedium
4614 3927 4775 3990 etiam

2889 4002 3330 4086 quaerendum
3373 4014 3438 4068 et
3471 4003 3924 4072 adhibendum.
4012 4006 4235 4088 Quum
4269 4009 4493 4095 itaque
4526 4011 4775 4076 seniores

2890 4088 3462 4259 {ipssflbgssssissfiffi
3492 4089 4778 4265 {23:322‘522051251‘2323‘3223322

2891 4258 3250 4324 debuerunt
3292 4260 3646 4325 remedium
3688 4262 3830 4327 istis
3870 4263 4059 4329 malis
4100 4284 4432 4347 quaerere,
4477 4277 4548 4334 et
4586 4266 4698 4332 hsc
4725 4265 4777 4329 iu

2890 4354 3071 4427 parte
3113 4353 3269 4410 sunt
3303 4344 3678 4427 laudabiles,
3767 4347 4013 4414 Verum
4049 4349 4118 4414 in
4147 4351 4434 4416 remedio
4469 4352 4588 4418 illo
4619 4369 4778 4436 quss-

2889 4428 3089 4494 rendo
3158 4431 3427 4496 nimium
3490 4431 3757 4498 fuerunt
3809 4435 4209 4516 praecipites,
4274 4455 4478 4519 quam
4535 4438 4617 4504 ob
4668 4455 4777 4502 rem

2887 4514 3212 4581 Dominus
3244 4518 3437 4581 etiam
3471 4517 3703 4583 merito
3736 4518 3819 4584 ad
3854 4521 4018 4585 iram
4051 4532 4409 4588 commotus
4447 4534 4569 4590 est.
4638 4521 4776 4588 Nam

2890 4599 3181 4666 Samueli
3236 4622 3375 4667 rem
3428 4610 3631 4669 totam
3674 4603 4054 4687 simpliciter
4093 4626 4421 4690 exponere
4466 4607 4777 4678 debebant.

2887 4697 2955 4751 et
3024 4686 3103 4751 de
3174 4687 3326 4753 filiis
3376 4688 3581 4771 ipsius
3637 4708 3711 4755 ac
3767 4690 4154 4756 iudiciorum
4212 4694 4591 4776 corruptela
4639 4688 4777 4776 apud

2885 4772 3098 4854 ipsum
3152 4775 3456 4856 conqueri
3474 4823 3490 4851 ,
3549 4794 3623 4839 ac
3676 4773 3963 4843 debitum
4019 4776 4116 4841 illi
4175 4775 4493 4844 honorem
4553 4788 4619 4846 et
4653 4777 4776 4844 obe-

2886 4858 3190 4922 dientiam
3234 4855 3532 4924 reddere:
3597 4858 3712 4924 sed
3753 4859 4026 4928 ulterius
4068 4871 4368 4947 pergunt.
4459 4864 4629 4930 Nam
4669 4881 4774 4928 non

2885 4951 3038 5007 sunt
3090 4964 3129 5008 a
3173 4941 3261 5008 ud
3314 4942 3500 5008 illum
3556 4945 3838 5028 primum
3885 4946 3965 5013 de
4005 4946 4155 5013 filiis
4199 4949 4403 5032 ipsius
4448 4946 4775 5034 conquat&

2885 5028 3034 5128 ⁸⁰5¹.
3062 4964 3274 5095 sulbito
3338 5028 3408 5093 in
3472 5028 3640 5128 hanc
3705 5033 4093 5098 sententiam
4157 5045 4499 5115 venerunt,
4585 5051 4774 5117 regem

2885 5113 2944 5177 el
3017 5136 3039 5178 1
3072 5122 3381 5198 oportere.
3468 5113 3726 5198 Dignus
3762 5116 3869 5184 hic
3901 5116 4077 5185 locus
4112 5117 4589 5199 observatione,
4629 5117 4773 5203 quod

2886 5218 2929 5263 u
2962 5199 2975 5212 '
3006 5220 3109 5265 em
3185 5219 3259 5267 ac
3336 5201 3764 5267 necessariam
3843 5201 4203 5271 doctrinam
4265 5206 4614 5275 contineat.
4693 5205 4774 5270 Ac
