5059 6059
260 303 332 372 93
1293 327 1302 336 ·
1546 298 1645 366 IN
1689 300 1743 367 L
1784 301 1966 368 LIB.
2014 299 2412 370 SAMUBL.
2457 301 2657 370 CAP.
2700 302 2857 369 XV.

255 489 352 560 ssd
393 495 597 556 tamen
640 488 845 556 otium
890 497 956 557 et
993 489 1281 574 quietem
1337 487 1533 556 nimis
1567 488 1766 556 avide
1805 492 2146 574 quaesive-

251 585 405 648 runt.
485 575 584 642 Ao
634 574 908 658 proinde
959 596 1092 642 non
1152 574 1469 641 habemus
1522 575 1666 641 illos
1718 575 1787 642 in
1854 574 2146 644 fidelium

249 661 841 818 smum:
873 660 1676 830 &mutasti-„25
1712 662 2145 832 2⁸⁶3&

249 836 368 902 lum
407 827 665 900 Israelis
708 831 1162 917 praebuerant,
1205 852 1400 916 quem
1423 831 1612 897 Deus
1656 853 1774 915 per
1813 832 2143 910 desertum

244 930 303 990 et
340 919 476 986 loos
514 919 665 984 avia
706 917 1095 986 deduxerat:
1139 931 1206 982 et
1248 919 1557 1001 qnoniam
1599 917 1796 983 efiam
1842 919 2147 985 barbaras

241 1005 533 1088 nationes,
591 1024 760 1087 quae
789 1004 888 1072 ‚in
943 1003 1072 1068 Dei
1127 1002 1384 1070 foedere
1443 1024 1573 1067 non
1630 1003 2146 1079 continebantur,

237 1088 634 1244 mm
659 1087 1660 1241 iustissimus&
1683 1091 1902 1242 „mm
1919 1088 2145 1257 Qu

234 1263 286 1330 si
321 1261 500 1328 Deus
539 1195 946 1346 etiams
983 1260 1134 1327 illos
1173 1281 1245 1327 ee
1289 1259 1770 1327 misericordem
1827 1223 2143 1344 praebuit,

229 1348 326 1431 qui
369 1355 624 1414 tantum
670 1367 756 1412 ex
800 1357 983 1430 parte
1021 1346 1127 1411 sui
1170 1355 1377 1424 erant,
1423 1355 1491 1411 et
1525 1345 1638 1429 qui
1673 1367 1712 1412 a
1735 1347 1861 1412 Dei
1902 1345 2144 1432 populo

229 1443 618 1510 recesserant
679 1444 748 1498 et
809 1431 1106 1497 extranei
1171 1432 1324 1498 faeti
1390 1442 1600 1511 erant,
1655 1452 1867 1515 neque
1924 1431 2140 1497 Deum

225 1537 423 1602 neque
482 1517 681 1586 fidem
737 1526 984 1584 oertam
1043 1516 1376 1596 hebentes,
1433 1517 1687 1601 qualem
1746 1518 1932 1584 illum
1987 1537 2144 1602 erga

223 1624 330 1672 nos
371 1603 672 1670 futurum
712 1602 1109 1670 arbitramur
1147 1602 1206 1668 si
1248 1604 1317 1668 in
1364 1604 1567 1686 ipsius
1611 1603 1846 1669 timone
1887 1604 2141 1669 sineere

220 1689 800 1756 ambulaverimus:
863 1688 1192 1771 fidemque
1242 1689 1369 1773 ipsi
1441 1709 1636 1773 quam
1693 1690 1762 1754 in
1819 1689 2141 1773 baptismo

218 1774 649 1859 promisimus,
716 1775 1036 1860 integram
1099 1775 1601 1858 servaverimus,
1665 1782 1736 1839 et
1797 1775 1867 1839 in
1933 1775 2142 1858 ipsius

217 1861 389 1928 cultu
465 1860 951 1946 simplieitatem
1027 1860 1510 1927 retinuerimus.
1617 1857 1795 1926 Sane
1872 1861 2142 1928 minime

214 1941 638 2012 dubitandum
680 1953 781 2013 est
821 1947 1004 2030 quin,
1047 1944 1199 2013 lieet
1242 1952 1418 2011 totus
1453 1944 1798 2012 adversum
1843 1967 1963 2012 nos
2005 1955 2140 2012 ter-

209 2051 421 2098 rarum
481 2032 665 2098 orbis
718 2030 1129 2115 oonspirarit‚
1191 2032 1398 2114 ipsius
1455 2052 1656 2096 manau
1710 2039 2008 2116 tegamur
2071 2040 2139 2096 et

206 2116 653 2184 defendamur.
741 2115 975 2202 Itaque
1033 2138 1116 2182 ex
1172 2138 1249 2181 eo
1309 2117 1480 2200 quod
1523 2116 1807 2184 Kinaeos
1851 2116 2012 2184 Saul
2053 2118 2136 2183 ab

204 2202 588 2270 imminente
633 2202 1013 2270 Amaleoitis
1055 2203 1498 2268 internecione
1540 2201 1751 2268 voluit
1791 2201 2136 2281 immunes,

202 2287 516 2356 (lisoium
575 2308 697 2358 uos
754 2288 961 2356 multo
1023 2288 1233 2371 magis
1275 2308 1316 2352 a
1356 2288 1500 2352 Deo
1556 2288 2014 2373 protegendos,
2072 2297 2139 2353 et

196 2374 374 2442 velut
442 2374 655 2459 ipsius
722 2393 926 2440 manu
984 2373 1056 2437 in
1116 2382 1343 2437 tutum
1412 2373 1626 2439 looum
1675 2372 2136 2452 deducendos,

193 2479 392 2543 quum
437 2460 516 2526 in
565 2459 791 2525 mundi
827 2456 1150 2524 judicium
1193 2468 1492 2524 matus
1533 2457 1877 2535 videbitur,
1923 2468 1991 2523 et
2033 2460 2136 2523 in-

192 2545 494 2612 credulos
562 2561 842 2630 quorum
903 2543 984 2608 in
1044 2543 1259 2609 medio
1324 2564 1668 2609 versamur
1731 2544 2138 2611 iudieaturus

191 2639 527 2731 exsurget,
574 2653 660 2696 ne
705 2629 908 2695 ullam
949 2649 1196 2694 noxam
1238 2630 1616 2709 sentiamus,
1651 2637 1719 2694 et
1751 2630 1821 2695 in
1859 2629 2135 2698 eandem

188 2737 332 2782 oum
376 2718 557 2801 ipsis
596 2715 1036 2782 eonfusionem
1083 2715 1536 2782 deveniamus:
1583 2714 1696 2780 sed
1743 2726 2001 2781 mature
2041 2717 2140 2801 ip-

187 2803 320 2869 sius
352 2821 569 2955 ffiem
615 2810 685 2868 et
727 2801 1049 2952 auxuiilttigm
1095 2821 1217 2866 nos
1263 2821 1405 2868 esse
1446 2821 1775 2876 sensuros.

465 2907 621 2954 moe
977 2906 1028 2964 r,
1057 2906 1107 2952 a
1128 2883 1321 2953 Saule
1448 2885 2137 2966 eummAmaledmm,

183 2973 416 3073 iudea
467 2905 2139 3072 wuspssamneqmqaqomtffwoewensquoeeste

177 3058 1206 3213 mamam&
1251 3075 1429 3142 ψ
1463 3056 1876 3210 ,svm
1893 3078 2138 3226 κει

175 3228 398 3297 bituri.
495 3229 663 3296 Istis
720 3249 876 3294 vero
931 3229 1148 3294 verbis
1203 3229 1281 3294 fit
1323 3229 1745 3296 manifestum
1795 3229 2008 3295 Deum
2059 3250 2136 3295 re

170 3315 314 3400 ipsa
354 3315 640 3383 dedisse
675 3313 984 3381 mandata
1025 3312 1315 3380 Samueli
1358 3314 1439 3380 de
1475 3312 1825 3397 perdendis
1866 3314 2135 3392 Amale-

171 3403 351 3470 oitis:
409 3398 956 3486 quandoquidem
1016 3400 1178 3467 haee
1230 3399 1493 3466 laniena
1551 3399 1768 3484 potius
1813 3401 2135 3483 peoudum

167 3487 444 3555 videtur
514 3507 719 3572 quam
786 3485 1095 3552 viatoria:
1162 3485 1481 3571 siquidem
1544 3485 1716 3552 eaesi
1781 3484 1864 3552 ad
1928 3503 2135 3551 uuum

167 3583 326 3640 sunt
371 3573 798 3642 Amaleeitee
838 3570 981 3637 sine
1024 3572 1347 3639 oonflietu.
1414 3570 1586 3636 Nam
1631 3572 1754 3637 etsi
1797 3573 1984 3636 ferox
2023 3571 2137 3637 ille

158 3659 712 3728 Amalooitarum
754 3656 1035 3742 populus
1078 3678 1222 3724 sese
1263 3656 1346 3722 ad
1391 3655 1829 3724 resistendum
1861 3675 2137 3741 appara-

159 3745 273 3824 vit,
322 3746 428 3811 ita
480 3753 713 3811 tamen
737 3743 921 3809 Deus
961 3762 1077 3809 eos
1121 3743 1373 3821 terruit,
1418 3750 1494 3807 ut
1532 3741 1725 3808 faoile
1765 3742 1939 3808 oaesi
1981 3744 2136 3809 sint.

156 3830 265 3897 Ex
314 3831 584 3915 quibus
644 3828 954 3896 disoimus
997 3829 1122 3893 Dei
1168 3829 1370 3894 verbo
1412 3828 1599 3894 nobis
1641 3835 1996 3911 praeeunte
2041 3830 2138 3895 ui-

157 3915 253 3981 hil
300 3917 616 4001 amplius
659 3914 846 3982 nobis
890 3913 1334 3995 metuendum,
1395 3912 1916 3998 quandoquidem
1963 3935 2140 3999 gres-

155 4021 272 4070 sus
324 4010 620 4069 nostros
659 4021 886 4067 omues
941 4000 1080 4085 regi
1137 4021 1177 4066 a
1219 3999 1503 4065 Domino
1544 4006 1791 4066 oen-tum
1838 4007 1956 4065 est.
2045 4001 2138 4065 Et

155 4086 254 4154 ita
301 4087 520 4155 Deus
565 4105 635 4153 se
678 4106 946 4152 manum
1003 4105 1191 4152 suam
1251 4093 1702 4169 perrecturum
1765 4084 2135 4151 braehium·

154 4193 288 4258 que
335 4183 793 4242 extensurum
840 4171 1185 4256 pollicetur
1225 4169 1310 4236 ad
1353 4191 1474 4238 nos
1518 4168 1828 4238 tutandos
1873 4178 1938 4236 et
1981 4171 2136 4238 sub-

149 4258 529 4337 levandos,
576 4279 778 4343 quum
821 4258 891 4323 in
937 4258 1060 4324 viis
1079 4291 1084 4300 ·
1101 4257 1314 4340 ipsius
1351 4255 1916 4324 ambulaverimus.
1972 4258 2136 4323 Viae

154 4356 396 4412 autem
469 4344 756 4410 Domini
815 4343 1182 4428 intelligite,
1245 4363 1445 4426 quum
1500 4363 1632 4408 nou
1678 4343 1975 4409 laxamus
2018 4343 2136 4408 ha-

147 4429 370 4498 benas
423 4429 524 4496 ad
572 4428 1001 4515 petulantiam
1048 4437 1113 4496 et
1155 4429 1743 4511 intemperantiam,
1790 4426 1901 4494 sed
1946 4447 1989 4493 a
2009 4429 2134 4494 Dei

151 4517 582 4601 nmquium
647 4534 773 4581 nos
835 4514 1308 4598 componimus,
1369 4513 1668 4597 nihilque
1733 4513 1860 4579 nisi
1926 4513 2134 4597 ipsius

145 4602 524 4669 voluntati
591 4621 948 4669 oonsonum
1013 4600 1419 4684 suscipimus.
1518 4597 1708 4681 Quae
1770 4620 1974 4683 quum
2041 4601 2134 4665 ita

145 4710 219 4754 se
267 4689 623 4769 habeant,
692 4707 823 4770 quo
866 4686 1082 4752 animo
1126 4707 1242 4752 nos
1285 4705 1427 4750 esse
1470 4683 1684 4764 decet,
1743 4706 1936 4769 quam
1981 4685 2133 4751 forti

144 4783 212 4839 et
261 4775 654 4859 praesenti,
703 4792 1125 4857 quaeeunque
1189 4768 1453 4840 tandem
1496 4781 1858 4855 exsurgant
1914 4791 2131 4836 rerum

144 4859 630 4928 discrimina?
716 4859 897 4926 Sane
960 4859 1196 4937 fateor,
1263 4857 1589 4940 improbos
1645 4865 1712 4922 et
1766 4856 2136 4924 incredulos

144 4944 487 5014 homines
541 4944 703 5011 nihil
754 4945 876 5010 nisi
919 4962 1246 5009 summam
1299 4942 1738 5041 arrogantiam
1800 4949 1864 5006 et
1906 4942 2132 5026 ingen·

144 5039 245 5099 tes
296 5033 595 5098 animos
651 5031 902 5114 spirare
921 5076 936 5104 ‚
995 5027 1150 5092 dum
1208 5026 1628 5113 tyrannidem
1671 5038 2009 5101 exornent.
2067 5036 2137 5093 et

144 5120 292 5186 suis
345 5115 669 5186 oonsiliis
721 5125 792 5182 et
844 5112 1184 5181 conatibus
1239 5111 1409 5179 velle
1466 5113 1639 5197 ipsas
1698 5114 1901 5178 nubes
1943 5131 2135 5197 supe-

4102 307 4193 374 94

2246 489 2430 556 Deus
2492 490 2690 557 etiam
2757 499 3069 576 tanquam
3134 492 3423 560 ebriosos
3485 493 3727 575 deiieit,
3790 504 3861 561 et
3921 496 4191 565 stultam

2246 575 2426 642 illam
2485 574 2827 645 audaoiam
2892 577 3216 662 deprimit,
3283 600 3412 663 qua
3475 599 3677 664 super
3736 579 3913 665 ipsas
3978 582 4190 652 nubes

2246 661 2701 728 efferebantur.
2789 662 3019 747 Itaque
3074 664 3263 729 nulla
3318 672 3507 730 tanta
3560 673 3663 731 est
3704 666 3975 734 audaoia
4016 689 4187 753 quae

2245 746 2438 813 firmo
2498 748 2753 814 nitatur
2806 748 3253 829 fundamento,
3308 751 3435 816 nisi
3494 770 3661 834 quae
3716 772 3804 817 ex
3855 752 3987 818 fide
4041 774 4187 838 pro-

2245 839 2497 898 manat:
2557 853 2757 919 quum
2818 834 3127 900 nimirum
3182 833 3267 900 de
3310 835 3437 901 Dei
3493 835 3833 903 voluntate
3886 841 4182 923 persuasi

2246 938 2490 997 sumus,
2569 919 2758 1003 eique
2820 940 3065 986 morem
3132 920 3441 1005 gerimus,
3517 921 3785 1006 eiusque
3849 925 4185 1007 promissis

2245 1009 2516 1085 stamus,
2581 1004 2813 1089 quibus
2877 1025 2949 1071 se
3011 1005 3259 1072 oultum
3325 1014 3655 1090 nostrum,
3720 1027 3848 1091 quo
3913 1029 4035 1076 nos
4094 1011 4183 1078 ad

2243 1089 2447 1172 ipsius
2488 1091 2896 1157 voluntatem
2940 1092 3341 1157 conformare
3384 1092 3657 1158 nitimur
3698 1102 3956 1178 gratum
3997 1094 4185 1164 habi·-

2245 1185 2491 1257 turum,
2534 1186 2601 1242 et
2644 1176 2898 1244 felieem
2957 1176 3053 1241 illi
3100 1196 3468 1244 sueoessum
3512 1178 3925 1263 largiturum,
3966 1181 4182 1265 polli-

2244 1270 2449 1327 eetur.
2538 1262 2705 1327 'Pum
2762 1283 2924 1328 sane
2977 1282 3136 1329 vere
3177 1262 3384 1329 fortes
3429 1274 3494 1328 et
3538 1266 3938 1348 magnanimi
3982 1266 4185 1334 futuri

2242 1367 2469 1413 sumus
2489 1394 2507 1431 ,
2572 1355 2641 1412 et
2698 1348 3010 1415 invictam
3076 1347 3513 1414 constentiam
3576 1352 3914 1430 retenturi,
3974 1372 4184 1436 quum

2244 1433 2406 1498 fides
2449 1441 2672 1499 nostra
2730 1454 2896 1517 puro
2941 1443 3099 1516 puto
3138 1432 3268 1499 Dei
3323 1432 3521 1500 verbo
3574 1435 3845 1506 nitetur.
3930 1437 4184 1506 Contra

2242 1537 2402 1583 vero
2446 1529 2668 1585 nostra
2724 1517 3148 1586 inei-edulitas
3210 1521 3476 1606 patefiet
3493 1565 3510 1599 ,
3569 1540 3766 1606 quum
3832 1523 4179 1608 trepidabi-

2241 1625 2406 1683 mus,
2464 1614 2531 1669 et
2591 1605 2822 1670 inserti
2880 1624 2955 1668 ao
3021 1601 3201 1670 dubii
3244 1624 3464 1670 rerum
3508 1613 3814 1671 eventum
3858 1609 4184 1678 insertum

2241 1701 2625 1756 metuemus.
2692 1689 3080 1773 Ubicunque
3124 1689 3298 1754 enim
3345 1711 3507 1756 vera
3547 1690 3707 1757 fides
3750 1692 3969 1760 sedem
4011 1697 4182 1780 fixit,

2239 1775 2423 1840 nulla
2485 1783 2787 1860 superest
2844 1773 3215 1852 dubitatio„
3260 1776 3442 1841 nulla
3504 1778 3749 1843 mentis
3810 1781 4175 1864 trepidatio.

2238 1860 2435 1926 Hane
2492 1860 2574 1926 ob
2638 1880 2900 1927 oausam
2961 1881 2999 1925 a
3045 1858 3137 1925 ud
3209 1860 3588 1946 prophetam
3651 1862 3926 1950 legimus
3988 1885 4183 1934 veros

2239 1944 2535 2011 doctores
2585 1947 2777 2026 mitti,
2843 1945 2957 2028 qui
3041 1945 3307 2011 abantia
3360 1967 3575 2030 genua
3626 1950 4051 2031 confirment,
4117 1960 4188 2019 et

2240 2030 2485 2098 debiles
2541 2032 3004 2098 eorroboreut:
3064 2038 3138 2096 ut
3196 2030 3543 2116 doeeamur
3601 2034 3726 2100 Dei
3786 2035 3985 2103 verbo
4042 2039 4177 2105 vim

2237 2116 2407 2184 hano
2450 2118 2682 2197 inesse,
2741 2125 2819 2182 ut
2860 2136 2983 2182 nos
3026 2114 3109 2182 ad
3147 2116 3519 2183 faoiendum
3566 2119 3847 2188 officium
3892 2122 4176 2202 idoneos,

2238 2210 2306 2266 et
2366 2201 2450 2266 ad
2515 2202 2957 2268 obedientiam
3040 2201 3495 2286 praestandam
3582 2205 3869 2272 habiles:
3917 2207 4180 2275 effieiat.

2238 2286 2681 2368 Quamobrem
2726 2287 2931 2355 donee
2973 2286 3159 2353 Deus
3201 2309 3319 2354 nos
3362 2288 3607 2356 invicta
3642 2293 3852 2357 saneti
3897 2295 3998 2358 sui
4044 2295 4178 2378 spi·

2237 2373 2408 2437 ritus
2450 2374 2698 2438 virtute
2754 2373 3052 2451 einxerit,
3118 2371 3370 2440 viribus
3424 2375 3723 2441 omnibus
3783 2375 4180 2462 defioiemur,
4224 2428 4229 2432 ·

2238 2458 2697 2525 enervabimur
2758 2479 2835 2526 ao
2890 2457 3390 2537 debilitabimur,
3455 2468 3531 2525 ut
3586 2461 3799 2527 simus
3863 2462 3945 2529 ad
4010 2484 4050 2530 o
4096 2483 4178 2531 us

2241 2543 2573 2628 quodlibet
2632 2543 3146 2631 aggrediendum
3188 2544 3470 2610 inutiles.
3555 2546 3748 2614 Hane
3791 2548 3990 2631 igitur
4070 2570 4179 2618 oo-

2241 2630 2479 2695 trinam
2540 2649 2847 2697 eruamus
2902 2651 2985 2697 ex
3044 2630 3168 2696 hoe
3225 2629 3385 2708 loeo,
3410 2671 3415 2680 -
3445 2643 3511 2695 et
3566 2634 3893 2702 mentibus
3938 2629 4177 2702 nostris

2241 2714 2438 2786 eitius
2479 2716 2851 2814 infigamus,
2896 2734 3101 2800 quum
3146 2714 3383 2815 dieitur
3418 2715 3581 2782 Saul
3624 2718 3693 2818 in
3737 2717 3979 2820 bellum
4023 2740 4177 2822 oum

2245 2799 3775 2970 &iuiiopissoffissis‘iffsssmfflssg‘iffl
3788 2804 4175 2977 &mm-”m

2240 2973 2468 3037 ruerit·
2524 2972 2742 3039 Deum
2821 2972 3015 3038 huius
3090 2971 3241 3036 belli
3318 2987 3642 3040 summum
3710 2973 4172 3059 imperatorem

2242 3057 2456 3134 fuisse,
2486 3068 2573 3123 et
2608 3057 2927 3125 adversus
2966 3057 3144 3141 ipsos
3189 3056 3407 3123 hostes
3448 3056 3809 3138 dimicasse,
3853 3073 3929 3124 ut
3972 3070 4170 3129 antea

2240 3142 2615 3209 audivimus
2657 3164 2740 3209 ex
2783 3144 2985 3223 Mose,
3033 3144 3245 3209 Deum
3290 3162 3360 3208 se
3402 3142 3682 3209 ultorem
3728 3145 3861 3211 fore
3914 3155 3979 3212 et
4021 3166 4174 3231 poe-

2239 3249 2362 3295 nas
2401 3228 2486 3300 de
2527 3241 2661 3295 tam
2706 3230 2970 3315 ingrata
3032 3238 3100 3294 et
3142 3227 3484 3295 maledieta
3571 3237 3721 3296 ente
3760 3241 4172 3317 sumpturum

2236 3313 2368 3380 iam
2434 3314 2589 3380 olim
2652 3314 2861 3381 ¹fuisse
2924 3315 3412 3381 eommiuatum.
3618 3313 3949 3382 amobrem
4014 3319 4172 3386 hine

2238 3400 2562 3468 &mamus
2603 3399 2727 3466 sub
2773 3400 3078 3485 auspiciis
3120 3399 3391 3466 Domini
3446 3400 3807 3482 ambulare,
3873 3404 4173 3504 persuasi

2236 3506 2388 3566 nos,
2462 3485 2631 3552 nihil
2708 3487 2837 3552 nisi
2901 3483 3075 3570 quod
3139 3485 3325 3550 Deus
3387 3485 3651 3552 iusserit
3719 3491 4171 3577 suscipientes,

2234 3587 2491 3656 semper
2509 3571 2763 3638 fflhem
2784 3571 3038 3638 exitum
3061 3570 3402 3636 sortituros
3422 3572 3857 3654 oonsiliorum,
3879 3576 4173 3659 quando-

2232 3656 2494 3808 gngidem
2559 3658 2861 3741 promisit
2926 3677 2997 3723 se
3062 3663 3354 3722 nostram
3420 3655 3853 3724 obedientiam
3912 3671 4170 3745 guttam

2319 3742 2633 3819 bituriam,
2675 3743 2863 3827 eique
2906 3761 3247 3827 prosperos
3289 3761 3624 3808 suoeessus
3667 3742 3996 3812 daturum.

2406 3829 2733 3913 Deinoeps
2796 3847 2952 3896 vero
3017 3825 3241 3894 Saulis
3300 3835 3367 3892 et
3438 3828 3658 3911 populi
3737 3833 4172 3917 transgressio

2238 3922 2652 3980 memoratur.
2721 3914 3063 3980 Laudatus
3106 3910 3367 3996 quidem
3410 3911 3726 3980 haetenus
3772 3914 3949 3998 Saul,
3993 3918 4169 4002 quod

2237 4009 2570 4066 strenuam
2611 4008 2915 4067 navasset
2955 4018 3217 4082 operam
3260 3998 3330 4062 in
3376 4001 3804 4082 exsequendis
3826 4003 3953 4068 Dei
3988 4025 4175 4070 man-

2238 4085 2441 4152 datis:
2483 4084 2599 4151 sed
2646 4088 2773 4151 iam
2821 4092 2955 4151 tam
3000 4083 3215 4168 turpis
3254 4082 3477 4167 lapsus
3516 4085 3720 4169 ipsius
3765 4087 4172 4169 describitur,

2237 4179 2315 4237 ut
2372 4179 2718 4256 propterea
2779 4170 3105 4236 Dominus
3170 4168 3357 4234 illum
3421 4174 3888 4254 exauctorarit,
3969 4175 4172 4239 immo

2235 4256 2432 4342 plane
2475 4257 2787 4336 reieeerit‚
2831 4265 2905 4321 ut
2946 4257 3013 4320 in
3050 4254 3467 4338 sequentibus
3503 4256 3704 4324 visuri
3748 4277 3989 4326 sumus.
4034 4259 4171 4323 ‘Ve-

2239 4364 2384 4409 rum
2425 4344 2762 4408 enimvero
2802 4342 3018 4426 prima
3077 4342 3287 4406 fronte
3342 4361 3473 4408 non
3520 4361 3723 4426 usque
3766 4343 3925 4410 adeo
3968 4363 4171 4429 grave

2238 4437 2570 4513 peoeatum
2616 4427 2789 4492 istud
2835 4426 3193 4506 videbitur,
3256 4446 3347 4509 qu

2240 4524 2366 4580 tur.
2432 4515 2599 4579 Nam
2643 4520 2708 4579 et
2748 4514 2888 4597 ipse
2932 4532 3005 4577 se
3044 4510 3208 4579 Saul
3253 4531 3595 4579 ooeurreus
3638 4512 3927 4580 Samueli
3947 4565 3964 4595 ,
4020 4523 4170 4580 tan-

2238 4620 2434 4686 quam
2478 4621 2553 4664 re
2591 4598 2755 4664 bene
2798 4603 2983 4684 gesta
3020 4596 3253 4678 isetst,
3317 4608 3381 4662 et
3424 4617 3497 4663 se
3536 4598 3717 4663 velut
3756 4600 4169 4685 irreprehen-

2238 4686 2491 4751 sibilem
2539 4684 2874 4770 gloriatur,
2918 4704 3115 4768 quum
3162 4684 3273 4762 ait,
3316 4683 3609 4765 praestiti
3650 4683 3929 4750 verbum
3973 4685 4169 4752 leho-

2239 4792 2380 4837 vae.
2424 4770 2687 4853 Quibus
2731 4768 2948 4835 verbis
2982 4769 3315 4836 victoriam
3362 4787 3541 4833 suam
3570 4767 3855 4835 Samueli
3890 4770 4173 4854 probare

2238 4867 2552 4939 tanquam
2586 4854 2976 4921 laudabilem
3004 4854 3259 4934 nititur,
3304 4864 3371 4917 et
3390 4861 3693 4936 tanquam
3718 4873 3838 4921 rex
3860 4865 4168 4924 strenuus

2236 4953 2303 5008 et
2343 4943 2532 5008 fortis
2577 4941 2829 5006 laudari
2872 4940 2957 5006 ab
2995 4939 3108 5005 illo
3153 4939 3359 5022 eupit,
3416 4939 3936 5024 quandoquidem
3980 4955 4168 5008 man-

2236 5028 2392 5094 data
2431 5027 2556 5093 sibi
2615 5034 2782 5094 esset
2823 5034 3237 5109 exsequutus.
3324 5024 3573 5089 Verum
3630 5033 3701 5091 et
3740 5025 3903 5093 Saul
3943 5036 4013 5094 et
4051 5049 4170 5116 po-

2238 5114 2437 5198 pulus
2501 5113 2789 5199 graviter
2840 5119 3031 5177 erant
3084 5109 3283 5194 lapsi,
3350 5123 3684 5194 peecatum
3750 5119 3968 5178 tamen
4035 5135 4168 5181 non

3349 4427 3430 4491 od
3475 4434 3609 4492 tam
3653 4447 3879 4495 severe
3909 4431 4172 4529 punire-

144 5225 342 5271 rare:
401 5200 548 5270 sed
581 5202 884 5286 quoniam
925 5221 1055 5267 non
1081 5199 1296 5266 sobria
1317 5208 1542 5265 mente
1583 5200 1712 5265 ista
1746 5198 2130 5282 suscipiunt,
2241 5207 2666 5286 agnoscentes
2684 5248 2702 5281 ,
2758 5197 2873 5264 sed
2916 5195 3137 5281 potius
3176 5195 3504 5279 praeclare
3547 5216 3617 5264 se
3659 5197 3869 5265 officio
3913 5201 4169 5269 functos
