5059 6059
790 296 917 363 251

782 495 941 553 rant
983 494 1177 550 antea
1212 483 1537 550 Davidem
1585 505 1716 550 non
1757 487 2172 569 agnoverint.
2260 484 2595 568 Quidquid
2640 489 2727 552 sit

782 594 916 640 non
977 591 1175 654 parva
1235 572 1600 636 tentatione
1644 570 1974 637 Davidem
2022 572 2324 637 affectum
2369 572 2726 637 verisimile

782 669 903 737 est,
950 678 1146 740 quum
1194 678 1265 722 se
1309 677 1441 721 non
1496 657 1763 741 agnosci
1818 679 1974 724 cons
2022 659 2238 723 iceret.
2328 656 2726 740 Quanquam

782 765 917 811 non
965 743 1387 808 vehementer
1431 742 1619 807 illum
1666 741 1746 809 de
1788 763 1866 808 eo
1917 744 1982 807 la
2027 763 2213 807 orare
2270 745 2721 826 conspicimus.

781 832 1011 930 Neque
1055 830 1227 893 enim
1277 829 1414 913 regi
1454 828 1891 893 ministerium
1938 849 2133 894 suum
2170 829 2521 912 superioris
2557 840 2721 894 tem—

782 916 956 999 poris
1037 913 1408 999 exprobrat
1497 915 1585 978 Et
1656 935 1815 980 sane
1881 916 2115 981 merito
2182 926 2435 997 poterat
2505 913 2721 980 David

784 1000 1054 1068 Saulem
1113 998 1606 1084 ingratitudinis
1666 1020 1992 1081 accusare,
2051 1000 2153 1064 his
2196 1001 2441 1066 verbis.
2488 1001 2720 1066 Nonne

780 1100 856 1153 tu
894 1107 1000 1150 me
1040 1088 1239 1170 probe
1277 1085 1498 1150 nosti?
1537 1106 1757 1151 nonne
1792 1087 1850 1150 is
1885 1106 2005 1170 ego
2040 1106 2187 1150 sum
2225 1107 2417 1168 quem
2454 1108 2490 1152 e
2528 1087 2720 1152 domo

779 1186 1055 1258 paterna
1110 1172 1417 1250 evocasti,
1477 1181 1551 1236 ut
1608 1191 1828 1236 coram
1885 1184 1949 1237 te
2006 1171 2328 1236 citharam
2368 1173 2717 1255 pulsarem,

782 1259 941 1325 dum
1005 1268 1072 1323 te
1137 1258 1349 1323 malus
1414 1257 1679 1340 spiritus
1747 1256 2078 1340 exagitat?
2167 1257 2404 1324 Nonne
2468 1280 2589 1342 ego
2656 1267 2721 1323 te

784 1366 979 1445 saepe
1042 1365 1191 1410 sum
1249 1343 1597 1409 comitatus
1654 1351 1722 1406 et
1778 1343 2062 1426 armiger
2118 1351 2273 1409 tuus
2326 1342 2461 1409 fui?
2584 1343 2718 1411 Sed

785 1431 933 1496 istis
1000 1429 1303 1495 omnibus
1367 1429 1700 1494 abstinens
1766 1429 2150 1512 simpliciter
2205 1429 2577 1531 respondet,
2649 1452 2720 1495 se

784 1516 918 1582 Isai
983 1514 1506 1581 Bethlehemitae
1572 1515 1781 1579 filium
1845 1535 1988 1580 esse
2049 1514 2223 1580 servi
2287 1516 2510 1598 ipsius.
2613 1517 2717 1580 Ex

787 1601 1023 1686 quibus
1060 1610 1330 1684 apparet
1366 1599 1686 1664 Davidem
1724 1620 1860 1663 non
1896 1621 1965 1666 se
2002 1598 2349 1664 admodum
2386 1621 2719 1667 commen-

785 1687 992 1766 dasse,
1029 1707 1234 1768 neque
1272 1699 1529 1769 optasse
1567 1685 1791 1760 videri,
1829 1706 2039 1768 neque
2078 1705 2271 1768 aegre
2307 1686 2537 1752 tulisse
2574 1696 2721 1770 post

784 1773 1032 1856 aliquot
1088 1771 1339 1837 dierum
1401 1771 1835 1836 ministerium
1894 1793 2026 1836 non
2071 1775 2353 1855 agnosci,
2414 1781 2478 1836 et
2518 1793 2719 1855 quae-

785 1861 978 1926 sitam
1066 1859 1249 1941 prius
1327 1858 1607 1942 gratiam
1681 1869 2008 1922 momento
2074 1857 2437 1923 evanuisse.
2527 1857 2719 1924 Unde

780 1944 1151 2028 colligimus
1214 1943 1403 2007 illum
1463 1963 1595 2007 non
1654 1942 1735 2008 ab
1781 1943 2151 2007 hominibus
2195 1943 2557 2008 mercedem
2604 1964 2718 2008 ex·

782 2030 1201 2114 spectavisse,
1271 2049 1465 2111 quam
1535 2027 1780 2093 nullam
1849 2038 1961 2093 aut
2025 2028 2332 2111 exiguam
2392 2029 2525 2093 fore
2583 2031 2720 2093 ani-

782 2114 1260 2182 madvertebat:
1322 2113 1435 2178 sed
1493 2135 1532 2178 a
1576 2114 1849 2178 Domini
1894 2114 2196 2190 bonitate,
2257 2134 2451 2196 quam
2499 2127 2719 2180 tamen

781 2202 908 2268 sibi
948 2223 1077 2265 non
1115 2198 1333 2264 deberi
1372 2199 1530 2264 satis
1567 2199 1974 2282 agnoscebat.
2062 2199 2266 2281 Atqui
2302 2199 2517 2264 Saul
2500 2221 2718 2283 ipsum

780 2288 1083 2387 precibus
1128 2285 1207 2350 ab
1253 2286 1384 2350 lsai
1430 2295 1613 2368 patre
1649 2283 1928 2350 Davidis
1966 2284 2352 2350 obtinuerat.
2417 2285 2641 2350 Nam
2622 2308 2719 2350 ιιι-

784 2374 960 2457 quit:
1027 2370 1177 2438 Stet
1236 2370 1454 2436 David
1500 2373 1568 2435 in
1614 2380 1962 2454 conspectu
2007 2388 2185 2434 meo.
2244 2371 2499 2435 invenit
2543 2372 2718 2435 enim

784 2459 1062 2544 gratiam
1136 2458 1204 2521 in
1261 2457 1465 2522 oculis
1524 2455 1706 2521 meis.
1795 2455 1936 2520 Iam
1999 2477 2154 2522 vero
2213 2476 2414 2538 quum
2474 2456 2718 2523 honore

784 2542 1002 2610 debito
1082 2551 1181 2608 est
1255 2541 1652 2620 afficiendus,
1735 2541 1815 2609 ab
1880 2541 2021 2625 ipso
2087 2562 2215 2605 non
2282 2544 2715 2626 cognoscitur.

784 2628 1009 2711 Quare
1063 2648 1384 2693 summam
1429 2630 1498 2692 in
1545 2627 1801 2693 Davide
1846 2625 2224 2694 modestiam
2268 2628 2717 2728 conspicimus,

784 2716 898 2800 qui
965 2714 1243 2779 honores
1308 2713 1390 2778 ab
1454 2713 1829 2778 hominibus
1894 2734 2026 2778 non
2082 2715 2348 2813 expetit,
2418 2716 2540 2779 etsi
2587 2715 2717 2779 iam

780 2797 1258 2885 quodammodo
1297 2798 1629 2879 delibatos,
1666 2797 2227 2881 quandoquidem
2210 2821 2278 2865 ιιι
2301 2800 2475 2883 regis
2499 2800 2716 2864 aulam

782 2896 1069 2965 venerat,
1127 2894 1192 2950 et
1250 2886 1538 2968 armiger
1590 2886 1791 2966 ipsius
1834 2884 2043 2949 factus
2084 2884 2323 2950 fuerat.
2409 2886 2551 2951 Nae
2594 2887 2719 2950 fuit

782 2972 868 3039 ab
946 2936 1306 3037 aulicorum
1365 2970 1628 3035 illorum
1689 2970 1973 3035 moribus
2030 2970 2486 3051 alienissimus,
2559 2992 2719 3054 quos

782 3057 979 3125 aulici
1025 3057 1303 3122 honores
1347 3063 1684 3140 tantopere
1719 3055 2032 3135 alliciunt,
2076 3058 2478 3157 praesertim
2496 3077 2720 3122 eorum

785 3144 901 3229 qui
945 3145 1138 3227 longe
1182 3142 1309 3207 alia
1356 3142 1608 3207 ratione
1652 3142 1855 3206 vitam
1901 3143 2360 3226 transigerent,
2425 3143 2484 3207 si
2529 3141 2719 3207 modo

781 3231 1084 3297 animum
1125 3227 1370 3294 vellent
1412 3228 1722 3293 adiicere:
1769 3227 1883 3292 sed
1928 3248 2122 3309 quam
2171 3227 2457 3309 primum
2503 3228 2720 3294 aulam

785 3316 894 3382 vel
937 3314 1161 3399 procul
1205 3314 1594 3396 salutarunt,
1653 3314 1784 3377 iam
1830 3314 1980 3378 facti
2025 3311 2291 3393 nobiles,
2351 3335 2571 3379 rerum
2616 3313 2724 3379 do-

783 3405 1206 3467 mesticarum
1251 3420 1514 3463 omnem
1559 3419 1783 3464 curam
1830 3398 2161 3476 abiiciunt,
2208 3398 2332 3463 nisi
2377 3399 2554 3481 quod
2589 3420 2723 3465 cor-

785 3485 1015 3551 radere
1072 3506 1329 3568 semper
1384 3485 1632 3567 aliquid
1688 3491 2029 3549 conantur.
2117 3484 2287 3549 Nam
2349 3486 2472 3549 sibi
2527 3484 2721 3551 dede-

785 3573 921 3638 cori
980 3574 1116 3636 fore
1174 3570 1576 3635 arbitrantur
1632 3571 1687 3635 si
1746 3569 1964 3649 labore
2022 3569 2237 3652 aliquo
2294 3571 2498 3636 vitam
2558 3569 2720 3635 tole·

785 3667 1029 3736 rarent‚
1096 3668 1161 3720 et
1225 3677 1411 3721 suam
1476 3655 1646 3738 apud
1716 3655 2014 3720 homines
2078 3655 2515 3721 conditionem
2585 3657 2720 3722 fore

786 3743 1100 3809 viliorem.
1149 3742 1326 3823 Quin
1366 3743 1495 3807 imo
1533 3741 1774 3807 multos
1810 3741 2082 3806 miseros
2119 3741 2451 3808 mendicos
2473 3741 2718 3821 videas,

785 3830 898 3912 qui
940 3829 997 3895 si
1042 3828 1124 3893 ad
1167 3826 1409 3892 bellum
1456 3828 1724 3910 profecti
1769 3827 1924 3900 sint,
1982 3835 2048 3892 et
2093 3847 2328 3910 urgeas
2376 3836 2450 3892 ut
2493 3827 2575 3892 ad
2621 3849 2719 3893 ar·

782 3926 917 3980 tem
953 3913 1235 3996 aliquam
1272 3933 1340 3977 se
1377 3912 1722 3996 applicent,
1759 3913 2264 3997 ignominiosum
2299 3911 2423 3978 sibi
2445 3913 2723 3980 ducant·

781 4010 848 4067 et
887 4000 1163 4065 rusticos
1186 3998 1503 4082 agricolas
1542 4019 1581 4062 a
1612 3998 1785 4063 stiva
1820 3999 2020 4064 semel
2052 3997 2359 4098 abductos
2382 4020 2715 4098 nunquam

779 4084 1055 4153 reducas
1118 4082 1200 4147 ad
1282 4084 1775 4167 agriculturam.
1868 4084 2273 4168 peregrinari
2337 4085 2584 4148 malunt
2649 4086 2718 4150 in

779 4171 1015 4237 alienis
1075 4170 1471 4255 regionibus,
1529 4190 1724 4250 quam
1787 4170 2068 4269 aliquam
2129 4177 2337 4236 artem
2397 4170 2717 4253 profiteri:

780 4266 866 4336 et,
922 4256 1094 4341 quod
1153 4255 1427 4320 aliorum
1476 4256 1576 4321 usi
1619 4262 1774 4319 sunt
1817 4255 2200 4333 ministerio,
2255 4266 2445 4338 turpe
2488 4256 2611 4321 sibi
2654 4267 2721 4321 et

781 4342 1289 4429 ignominiosum
1366 4339 1614 4406 ducunt
1668 4340 1856 4407 alteri
1917 4341 2254 4407 inservire.
2344 4340 2479 4407 Sed
2538 4344 2720 4408 varia

779 4440 940 4496 sunt
1006 4440 1332 4511 tempora:
1399 4426 1572 4509 quod
1637 4425 1798 4509 ipsis
1864 4434 2086 4491 tamen
2152 4427 2272 4492 etsi
2338 4427 2508 4491 fame
2574 4448 2718 4510 pre-

778 4522 1052 4581 mantur
1095 4512 1469 4596 persuaderi
1515 4533 1644 4577 non
1693 4521 1943 4595 potest:
2004 4532 2155 4577 nam
2204 4535 2273 4578 se
2318 4513 2398 4577 ad
2437 4514 2717 4596 priorem

781 4602 963 4666 illam
1008 4601 1213 4664 vitam
1260 4598 1582 4663 redituros
1628 4599 1748 4663 sibi
1794 4598 2202 4681 pollicentur.
2293 4598 2718 4664 Contrarium

782 4706 1055 4772 prorsus
1091 4683 1414 4750 Davidem
1452 4694 1802 4766 sequutum
1841 4682 2154 4762 videmus,
2200 4683 2719 4784 quandoquidem

782 4772 983 4837 nullis
1028 4771 1253 4836 aulicis
1297 4769 1544 4836 deliciis
1588 4780 1687 4834 est
1727 4767 2056 4847 delinitus,
2114 4771 2276 4851 quin
2324 4771 2603 4836 libenter
2647 4770 2717 4835 in

784 4858 1046 4923 domum
1132 4866 1472 4939 paternam
1556 4876 1637 4920 ex
1702 4855 1851 4920 aula
1918 4855 1998 4919 ad
2065 4856 2438 4954 pecuariam
2507 4866 2718 4923 artem

781 4941 1214 5009 exercendam
1260 4963 1565 5008 reversus
1609 4941 1729 5007 sit:
1775 4951 1840 5006 et
1882 4941 2035 5007 licet
2077 4942 2145 5005 in
2183 4951 2396 5007 castra
2432 4943 2716 5017 redierit,

782 5050 994 5111 neque
1037 5048 1431 5110 magnopere
1475 5049 1546 5093 se
1592 5025 2060 5108 commendarit
2103 5037 2176 5092 ut
2219 5029 2499 5112 gratiam
2543 5026 2716 5113 apud

783 5113 1031 5180 aulicos
1086 5114 1207 5179 sibi
1252 5122 1609 5214 quaereret,
1670 5134 1877 5196 neque
1922 5113 2120 5178 etiam
2164 5135 2233 5179 se
2278 5133 2407 5179 non
2452 5114 2715 5199 agnosci

779 5208 1173 5283 conquestus
1215 5200 1319 5266 sit.
1409 5201 1498 5265 Et
1543 5200 1624 5265 de
1668 5198 1926 5264 Davide
1971 5198 2306 5265 hactenus.

2442 296 2855 363 HOMILIA
2901 295 3119 362 LXV.

4603 303 4696 370 252

2996 486 3061 551 N
3062 508 3191 554 unc
3233 489 3431 553 etiam
3475 487 3922 572 expendamus
3964 487 4309 554 formulam
4354 489 4566 555 illam
4551 493 4705 559 iuris·

2825 571 3085 638 iurandi
3146 593 3275 656 qua
3330 575 3536 639 utitur
3585 574 3889 640 Abnerus
3924 574 4064 658 regi
4101 575 4527 658 respondens.
4577 576 4710 644 Vivit

2825 661 3046 724 anima
3077 663 3206 736 tua,
3250 680 3385 737 rex,
3427 661 3491 725 si
3521 659 3684 727 novi.
3772 658 4007 725 Aulica
4044 660 4204 726 haec
4240 681 4499 745 prorsus
4530 683 4706 727 asseu-

2827 746 3017 821 tatio;
3060 745 3186 810 etsi
3228 766 3439 828 neque
3486 745 3884 828 blasphema,
3929 767 4141 828 neque
4176 745 4302 810 Dei
4342 746 4559 813 honori
4588 769 4705 814 eoa·

2823 831 3050 908 traria,
3124 851 3333 913 neque
3406 831 3894 898 contumeliosa.
3982 831 4155 897 Nam
4230 846 4483 915 praeter
4544 834 4709 898 iusiu-

2824 915 3103 981 randum
3163 924 3317 981 sunt
3375 917 3572 982 etiam
3629 915 3946 1000 quaedam
3992 918 4506 983 asseverationes
4546 920 4711 983 serio·

2822 1023 2945 1081 res,
2989 1000 3218 1084 quibus
3264 1003 3405 1067 sine
3450 1005 3820 1068 iuramento
3865 1001 4115 1086 aliquid
4159 1005 4372 1069 aimus
4414 1016 4523 1068 aut
4553 1026 4712 1087 nega-

2822 1108 2987 1165 mus,
3032 1087 3235 1152 veluti
3278 1089 3337 1152 si
3381 1089 3524 1170 quis
3567 1109 3681 1171 per
3720 1088 3929 1153 vitam
3965 1109 4153 1154 suam
4190 1087 4437 1172 aliquid
4472 1102 4711 1155 asserat:

2822 1193 3030 1256 neque
3075 1171 3248 1238 vitae
3284 1194 3441 1238 suae
3473 1174 3888 1273 imprecatur,
3935 1195 4146 1257 neque
4181 1195 4252 1241 se
4287 1174 4531 1240 idolum
4564 1176 4715 1241 facit.

2820 1258 2934 1324 sed
2992 1260 3227 1323 asserit
3283 1258 3453 1341 quod
3505 1260 3598 1324 ait
3640 1268 3777 1324 tam
3822 1280 4073 1335 verum,
4140 1280 4335 1343 quam
4386 1281 4601 1326 verum
4637 1270 4717 1327 est

2821 1365 2889 1408 se
2970 1344 3213 1410 vivere.
3301 1345 3492 1410 Licet
3565 1346 3785 1444 itaque
3849 1366 4318 1428 nonnunquam
4387 1345 4717 1413 istiusmodi

2818 1429 3133 1495 formulas
3207 1429 3520 1495 adhibere
3584 1431 3727 1496 sine
3788 1429 3914 1495 Dei
3977 1429 4297 1497 laesione.
4381 1453 4717 1516 quanquam

2821 1514 3120 1581 nonnihil
3180 1514 3547 1580 deflectitur
3603 1536 3644 1580 a
3703 1514 3932 1600 regula
3989 1518 4510 1582 iuramentorum
4552 1538 4716 1602 quam

2819 1602 2960 1685 ipse
3024 1601 3204 1666 Deus
3272 1602 3690 1684 praescripsit
3753 1602 3822 1667 in
3889 1600 4083 1668 rebus
4146 1605 4561 1670 necessariis.
4627 1604 4719 1684 qui

2820 1687 3011 1751 iussit
3067 1685 3380 1769 populum
3425 1708 3544 1772 per
3587 1707 3825 1752 nomen
3869 1708 4060 1752 suum
4107 1689 4343 1767 iurare,
4404 1688 4597 1755 Deut.
4638 1688 4718 1754 13.

2820 1772 3168 1838 Dominum
3207 1771 3419 1837 Deum
3461 1777 3639 1838 tuum
3680 1773 3944 1854 timebis,
3985 1777 4044 1838 et
4084 1774 4185 1839 illi
4225 1774 4346 1840 soli
4379 1776 4624 1858 servies,
4662 1794 4719 1841 ac

2809 1877 2930 1940 per
3005 1877 3224 1923 nomen
3286 1857 3467 1924 illius
3524 1857 3790 1925 iurabis.
3890 1861 4112 1941 Atque
4180 1859 4341 1925 haec
4406 1880 4608 1943 pauca
4659 1858 4721 1925 de

2821 1943 3196 2026 quaestione
3258 1942 3371 2008 illa
3427 1943 3774 2017 sufficiant.
3841 1944 4119 2010 liceatne
4174 1945 4347 2027 quod
4406 1946 4724 2011 asserimus

2821 2029 3038 2111 aliqua
3094 2030 3556 2110 protestatione
3599 2031 4019 2096 confirmare.
4080 2030 4247 2113 quod
4293 2031 4420 2097 etsi
4469 2032 4726 2095 homines

2822 2113 2903 2178 ad
2968 2112 3097 2178 Dei
3162 2114 3543 2180 mandatum
3611 2114 3943 2190 adiiciunt,
4010 2137 4144 2180 non
4211 2125 4437 2181 tamen
4497 2118 4727 2181 omnino

2821 2221 2936 2284 per
2980 2221 3048 2264 se
3091 2199 3655 2266 condemnandum
3700 2211 3818 2266 est.
3906 2166 4040 2268 Sed
4087 2202 4428 2267 Abnerum
4466 2200 4727 2267 videmus

2822 2285 3248 2350 assentatorie
3308 2286 3402 2352 sic
3447 2285 3819 2369 loquutum.
3887 2285 4437 2387 quemadmodum
4482 2287 4552 2350 in
4593 2287 4729 2352 aulis

2820 2391 3049 2455 regum
3096 2379 3164 2436 et
3207 2372 3571 2454 principum
3618 2394 3741 2438 usu
3786 2373 4014 2438 venire
4049 2374 4405 2451 consuevit,
4455 2383 4532 2438 ιιι
4563 2372 4727 2437 aulici

2821 2477 3235 2522 communem
3307 2456 3612 2539 loquendi
3687 2479 3879 2523 usum
3956 2478 4224 2541 prorsus
4283 2460 4632 2524 immutent
4674 2466 4731 2523 et

2820 2542 3079 2626 egregie
3153 2540 3604 2608 dissumulent.
3694 2543 3873 2625 Quin
3930 2544 4063 2608 imo
4123 2542 4487 2625 Iosephum
4546 2545 4728 2626 ipsum

2821 2627 3115 2692 videmus
3215 2629 3579 2693 assuevisse
3679 2630 3748 2693 in
3849 2629 3997 2694 aula
4085 2628 4458 2695 Pharaonis
4537 2630 4723 2694 iurare

2818 2713 3299 2797 Aegyptiorum
3358 2714 3715 2779 aulicorum
3775 2715 3926 2781 ritu.
4014 2714 4242 2797 Neque
4286 2736 4468 2790 vero,
4534 2715 4728 2791 fateor,

2819 2801 2888 2864 in
2957 2798 3080 2863 Dei
3138 2809 3580 2882 contemptum
3639 2801 3845 2864 iurat:
3918 2800 4049 2865 Per
4102 2800 4306 2865 vitam
4368 2800 4729 2877 Pharaonis,

2820 2885 2991 2969 apud
3051 2884 3291 2950 fratres
3332 2906 3474 2951 sese
3518 2885 3954 2962 dissimulans,
4019 2894 4095 2950 ut
4137 2896 4390 2950 metum
4437 2885 4569 2951 illis
4609 2886 4731 2950 inii·

2821 2979 2995 3036 ceret
3029 2971 3282 3052 sibique
3318 2971 3734 3036 autoritatem
3768 2971 4160 3070 conciliaret.
4208 2969 4389 3038 Sane
4429 2972 4727 3038 videretur

2822 3054 3093 3121 Domini
3136 3056 3431 3122 oblivisci
3476 3066 3540 3121 et
3585 3058 3768 3122 verbi
3813 3057 4038 3140 ipsius,
4097 3057 4688 3158 Pharaonemque
4673 3078 4728 3121 ιιι

2824 3142 3031 3225 ipsius
3088 3141 3304 3208 locum
3360 3142 3783 3207 substituere.
3842 3142 3955 3207 sed
4014 3141 4184 3207 absit
4240 3154 4316 3206 ιιι
4360 3164 4509 3208 eam
4554 3144 4729 3226 ipsius

2822 3227 3020 3293 fuisse
3064 3236 3348 3292 mentem
3394 3225 3718 3293 dicamus.
3788 3228 3911 3294 etsi
3955 3228 4054 3293 Ae
4143 3230 4315 3310 ptios
4360 3242 4613 3296 certum
4650 3237 4731 3294 est

2824 3312 2952 3377 Dei
2996 3333 3230 3378 nomen
3275 3312 3650 3413 profanasse
3684 3315 3824 3396 regi
3858 3335 3975 3379 suo
4012 3335 4051 3378 a
4101 3315 4374 3380 uiantes.
4468 3319 4571 3381 Ac
4600 3334 4731 3379 sans

2823 3398 3120 3464 videmus
3178 3399 3248 3463 in
3307 3399 3582 3481 imperio
3639 3419 3907 3464 romano
3966 3400 4161 3483 longe
4202 3401 4537 3482 acceptius
4577 3412 4639 3465 et
4672 3400 4731 3464 in

2821 3485 3068 3548 maiore
3116 3484 3324 3567 pretio
3368 3483 3570 3550 fuisse
3613 3485 4054 3551 iuramentum
4098 3504 4217 3567 per
4258 3486 4590 3552 fortunam
4629 3487 4729 3549 im·

2821 3577 3221 3654 paratorum,
3255 3590 3450 3653 quam
3486 3571 3540 3635 si
3578 3591 3694 3653 per
3731 3574 3950 3637 omnia
3985 3570 4158 3635 idola
4194 3592 4315 3635 sua
4339 3571 4729 3637 deierasseut.

2823 3655 3000 3721 Hinc
3034 3664 3302 3738 apparet
3334 3654 3752 3720 ambitionem
3790 3657 3854 3720 in
3895 3656 4061 3721 aulis
4096 3657 4470 3739 principum
4508 3677 4734 3739 semper

2822 3739 3199 3821 obtinuisse,
3245 3750 3316 3805 ut
3361 3740 3725 3806 adulatores
3771 3763 3903 3806 non
3949 3751 4209 3806 tantum
4245 3763 4357 3807 eos
4395 3744 4733 3826 magnificis

2822 3826 3033 3891 titulis
3088 3836 3154 3892 et
3207 3826 3578 3893 nominibus
3622 3826 4015 3892 extulerint:
4066 3827 4181 3893 sed
4224 3830 4427 3893 etiam
4474 3831 4543 3894 in
4585 3828 4733 3894 idola

2822 3912 3378 3977 transformarint:
3454 3923 3520 3975 et
3583 3912 3871 3978 ita.Dei
3938 3913 4146 3997 gloria
4212 3914 4437 3980 minus
4502 3915 4733 3998 cognita

2818 3999 3032 4074 fuerit,
3101 4010 3167 4062 et
3230 3997 3510 4063 multum
3569 3995 3649 4062 de
3705 4019 3784 4063 ea
3842 4000 4206 4064 detractum
4264 4001 4373 4066 sit.
4467 3999 4580 4066 Sic
4634 4000 4733 4064 hoc

2820 4085 2961 4149 loco
3017 4082 3260 4163 Abner,
3319 4105 3436 4166 per
3498 4084 3787 4148 animam
3845 4083 4068 4149 Saulis
4129 4085 4378 4165 iurans,
4439 4107 4591 4153 vere
4628 4084 4731 4167 ipsi

2820 4168 3141 4245 adulatur,
3185 4171 3354 4253 quod
3403 4190 3605 4269 quum
3641 4171 3924 4254 priorem
3962 4170 4162 4234 vitam
4200 4172 4447 4253 egisset
4484 4173 4551 4235 in
4585 4170 4731 4254 agris

2820 4267 2886 4320 et
2928 4255 3242 4322 bubulcus
3280 4257 3522 4333 fuisset,
3580 4256 3712 4320 iam
3755 4268 3890 4320 tam
3935 4255 4302 4339 insignibus
4347 4257 4563 4323 titulis
4603 4256 4731 4320 effe-

2820 4350 3027 4408 ratur.
3114 4341 3249 4407 Nos
3320 4341 3540 4423 itaque
3600 4352 3780 4407 tanto
3838 4342 4216 4425 diligentius
4271 4342 4731 4426 simplicitatem

2819 4428 2888 4493 ιιι
2954 4426 3175 4492 verbis
3231 4428 3656 4492 retineamus.
3725 4436 3792 4492 et
3846 4428 3955 4510 qui
4014 4426 4095 4492 ad
4139 4449 4435 4492 summos
4480 4429 4730 4494 honores

2820 4513 3031 4579 evecti
3058 4522 3229 4590 sunt,
3267 4512 3651 4577 modestiam
3674 4512 3882 4579 colere
3906 4512 4191 4579 discant.
4232 4514 4729 4598 quandoquidem

2819 4599 3111 4682 insignes
3179 4564 3278 4663 illi
3335 4598 3511 4663 tituli
3573 4598 3837 4663 tandem
3894 4599 3960 4663 ιιι
4019 4600 4554 4681 superstitionem
4610 4619 4729 4664 ver·

2819 4694 3065 4762 tuntur,
3127 4694 3194 4749 et
3236 4684 3553 4768 sacrilega
3597 4684 3864 4751 audacia
3907 4694 4166 4750 tantum
4213 4685 4292 4750 de
4339 4685 4472 4751 Dei
4516 4687 4726 4750 honore

2818 4769 3187 4836 detrahitur
3230 4780 3543 4854 quantum
3590 4769 3721 4834 illis
3767 4771 4132 4849 ascribitur,
4178 4781 4244 4836 et
4277 4774 4496 4838 omnis
4530 4770 4724 4853 religio

2818 4856 2943 4922 hac
3012 4857 3262 4921 ratione
3333 4856 3748 4939 pervertitur.
3837 4855 4187 4922 Caeterum
4255 4878 4458 4940 quum
4519 4858 4724 4922 dicitur

2817 4941 3037 5009 David
3091 4943 3172 5006 ad
3219 4961 3440 5026 regem
3482 4941 3891 5008 introductus
3935 4942 4015 5007 ab
4067 4944 4348 5021 Abnero,
4404 4944 4725 5010 observan-

2819 5028 2975 5093 dum
3020 5027 3223 5095 fuisse
3265 5025 3525 5111 quidem
3570 5027 3744 5092 istud
3791 5028 4050 5110 aliquod
4087 5030 4451 5111 praemium
4491 5026 4721 5095 virtutis

2817 5135 2934 5197 pro
2979 5114 3144 5180 bene
3186 5114 3392 5183 locata
3439 5113 3577 5196 regi
3614 5134 3841 5197 opera:
3889 5113 4003 5180 sed
4041 5134 4170 5179 non
4207 5116 4274 5181 in
4314 5135 4389 5180 eo
4428 5113 4718 5180 Davidem

2817 5221 2997 5283 spem
3064 5221 3250 5266 suam
3315 5198 3678 5266 collocasse.
3763 5199 3934 5266 Nam
4002 5221 4159 5266 sane
4225 5201 4283 5266 si
4347 5202 4612 5284 praemii
4665 5204 4719 5260 et
