5059 6059
796 328 929 394 '123

794 517 862 584 9.
907 516 997 582 Et
1025 514 1474 599 praeciderunt
1514 517 1705 595 eaput
1750 511 1932 595 Saul,
1977 518 2032 580 et
2072 513 2574 595 exspoliaverunt
2614 533 2755 579 erem

801 603 1022 680 armis,
1084 607 1140 665 et
1191 601 1499 666 miserunt
1552 600 1626 665 in
1659 603 1894 664 terram
1938 598 2428 666 Phili-sanorum
2460 620 2586 682 per
2626 601 2753 667 cir-

803 689 1058 766 cuitam,
1113 691 1184 751 ut
1241 685 1742 751 annunciaretur
1798 686 1871 749 in
1928 686 2150 768 templo
2204 685 2516 751 idolorum
2575 690 2631 750 et
2682 685 2754 750 in

793 773 1072 857 populis.
1123 772 1223 837 10.
1250 771 1339 836 Et
1350 774 1698 853 posuerunt
1718 789 1903 835 arma
1927 771 2063 836 eius
2083 771 2154 834 in
2174 771 2398 851 templo
2419 770 2754 850 Astaroth,

800 878 1033 939 empus
1110 878 1252 922 vero
1331 856 1469 921 eius
1545 855 2002 937 suspenderunt
2062 857 2137 921 in
2200 876 2385 921 muro
2448 854 2753 921 Bethsan.

806 944 907 1010 11.
956 943 1139 1024 Quod
1193 962 1389 1025 quam
1445 942 1770 1007 audissent
1820 941 2195 1007 habitatores
2239 940 2427 1006 Iabes
2473 942 2753 1021 Galaad,

803 1048 1205 1112 quaecunque
1238 1029 1511 1111 fecerant
1533 1026 1889 1091 Philistiim
1927 1025 2135 1107 Sauli,
2185 1028 2288 1091 12.
2330 1025 2757 1091 Sua-rexerant

803 1134 1014 1181 omnes
1056 1113 1185 1178 viri
1221 1114 1581 1196 fortissimi,
1640 1116 1697 1177 et
1751 1111 2229 1178 ambulaverunt
2282 1116 2408 1177 tota
2449 1117 2634 1191 noca,
2700 1116 2758 1176 et

803 1199 1079 1265 tulerunt
1134 1200 1407 1264 cadaver
1473 1197 1653 1272 Saul,
1705 1202 1761 1262 et
1816 1199 2128 1264 cadavera
2169 1198 2455 1279 filiorum
2498 1197 2637 1262 eius
2677 1198 2756 1263 de

802 1305 985 1350 maro
1029 1282 1345 1350 Bethsan:
1386 1287 1795 1364 veneruntque
1829 1282 2021 1349 Iabes
2061 1283 2335 1362 Galaad,
2380 1287 2438 1348 et
2479 1280 2755 1347 combus—

802 1374 1020 1436 serunt
1078 1390 1154 1434 ea
1210 1369 1320 1435 ibi.
1413 1368 1514 1433 13.
1560 1369 1649 1433 Et
1704 1368 1981 1434 tulerunt
2023 1389 2170 1434 ossa
2214 1389 2442 1446 eorum,
2487 1373 2545 1433 et
2586 1388 2752 1449 sepe·

801 1453 1037 1606 {im
1115 1457 1186 1520 in
1262 1474 1512 1519 nemore
1579 1452 1793 1529 Iubes,
1894 1459 1951 1519 et
2012 1455 2446 1520 ieiunaverunt
2525 1459 2756 1536 septem

984 1708 1172 1790 Quae
1208 1730 1428 1773 rerum
1466 1711 1760 1773 omnium
1799 1710 2208 1792 perturbatio
2234 1708 2451 1775 Saulis
2475 1720 2750 1773 mortem

807 1807 877 1862 et
920 1796 1252 1861 exercitus
1297 1795 1816 1879 profligationem
1863 1805 2146 1878 sequuta
2189 1795 2282 1861 sic
2320 1796 2428 1861 hic
2465 1795 2750 1877 primum

801 1891 1142 1946 narratur:
1169 1879 1403 1944 deinde
1427 1880 1933 1963 magnanimitas
1958 1890 2026 1946 et
2048 1880 2361 1946 fortitudo
2386 1879 2751 1945 incolarum

798 1967 994 2033 labes
1039 1964 1295 2031 Galaad
1342 1964 1754 2045 describitur,
1815 1965 1988 2047 quod
2046 1987 2195 2031 ossa
2240 1964 2464 2032 Saulis
2512 1976 2582 2031 et
2623 1966 2749 2030 fili-

800 2073 991 2119 orum
1039 2050 1337 2117 hostibus
1383 2052 1760 2133 eripuerint,
1823 2060 1917 2123 et,
1947 2051 2285 2117 combusta
2341 2050 2749 2134 sepelierint:

799 2137 1161 2202 retinentes
1222 2134 1435 2201 adhuc
1493 2137 1878 2200 memoriam
1941 2137 2006 2201 di
2057 2137 2283 2201 nitatis
2328 2135 2506 2201 illius
2554 2157 2750 2219 quam

801 2245 843 2290 a
890 2223 1034 2286 Deo
1083 2220 1243 2288 Saul
1297 2228 1666 2302 acceperat:
1727 2240 1945 2303 neque
2042 2242 2080 2287 c
2138 2242 2359 2285 rerum
2418 2229 2604 2287 statu
2657 2223 2752 2286 sic

803 2308 1249 2390 desperantes,
1311 2306 1466 2388 quin
1515 2306 1595 2370 ad
1646 2308 1862 2372 Deum
1906 2327 2131 2389 preces
2177 2327 2292 2389 pro
2338 2307 2552 2372 salute
2595 2305 2749 2372 reli-

801 2394 912 2478 qui
987 2391 1212 2475 populi
1295 2391 1599 2456 fuderint.
1712 2390 1956 2457 Gravis
2036 2412 2196 2458 sane
2260 2391 2390 2456 fuit
2455 2391 2752 2471 tentatie,

801 2477 1044 2563 populo
1103 2479 1492 2560 praesertim
1555 2478 1849 2561 fugiente
1898 2497 1985 2541 ex
2029 2487 2208 2543 terra
2251 2477 2366 2542 illa
2409 2497 2578 2561 quae
2621 2478 2744 2542 Dei

803 2563 990 2648 quies
1036 2561 1395 2628 dicebatur.
1486 2562 1652 2626 Eam
1708 2562 1886 2627 enim
1932 2562 2294 2629 Abrahami
2355 2562 2636 2646 posteris
2677 2563 2750 2628 in

801 2646 1279 2713 haereditatem
1302 2666 1632 2711 cessuram
1657 2646 1841 2712 Deus
1885 2650 2295 2731 premiserat,
2343 2659 2409 2713 et
2443 2649 2513 2712 in
2561 2667 2637 2711 ea
2680 2669 2751 2714 se

801 2734 876 2799 in
937 2741 1282 2798 aeternum
1340 2730 1826 2797 habitaturum:
1885 2746 2343 2799 verumtamen
2411 2755 2450 2798 a
2511 2734 2750 2818 populo

806 2818 1118 2885 derelicta
1168 2825 1288 2895 est,
1348 2829 1414 2882 et
1470 2817 1550 2881 ab
1611 2817 1908 2884 hostibus
1961 2830 2294 2902 occupata.
2384 2816 2535 2899 Quo
2580 2819 2749 2885 facto

802 2903 936 2968 Dei
1016 2902 1559 2986 promissionibus
1623 2905 1940 2969 nuncium
2006 2905 2337 2969 remisisse
2404 2904 2528 2969 visi
2595 2912 2750 2969 sunt

803 2988 1170 3069 Israelitae,
1227 2996 1294 3051 et
1337 2996 1647 3069 tauquam
1693 2988 2035 3072 desperata
2080 2990 2291 3055 salute
2334 2989 2416 3055 ab
2459 2990 2603 3073 ipso
2648 3009 2750 3054 re-

803 3073 1098 3142 cessisse.
1186 3072 1366 3138 Hinc
1410 3083 1687 3157 apparet
1728 3073 2065 3140 ecclesiam
2105 3075 2233 3140 Dei
2273 3094 2747 3158 nonnunquam

800 3159 896 3225 ita
918 3157 1244 3241 dissipari,
1282 3168 1356 3222 ut
1380 3179 1705 3241 nusquam
1729 3167 2061 3243 appareat,
2101 3171 2169 3226 et
2189 3160 2441 3225 nullam
2469 3160 2749 3225 formam

800 3244 1102 3311 retineat.
1191 3243 1361 3309 Nam
1421 3243 1555 3309 illis
1613 3242 2016 3328 temporibus
2072 3244 2257 3311 nulla
2308 3254 2453 3310 erat
2497 3246 2749 3328 uspiam

798 3330 873 3397 in
939 3329 1188 3394 mundo
1254 3327 1525 3395 ecclesia
1591 3339 1853 3412 praeter
1993 3331 2225 3414 pulum
2285 3330 2750 3399 israeliticum:

804 3436 998 3501 quem
1044 3425 1269 3479 tamon
1313 3413 1408 3480 sic
1453 3415 1767 3482 afflictum
1812 3435 1896 3481 au
1945 3416 2137 3500 imus,
2182 3426 2255 3482 ut
2297 3437 2638 3499 nunquam
2684 3416 2750 3482 in

802 3510 1143 3586 posterum
1209 3499 1568 3566 restaurari
1634 3519 1826 3583 posse
1893 3501 2263 3581 videretur,
2338 3501 2453 3566 sed
2527 3511 2754 3567 contra

803 3588 1022 3670 potius
1080 3605 1321 3650 nomen
1374 3585 1804 3651 israeliticum
1864 3586 2067 3652 semel
2115 3586 2525 3653 abolendum.
2618 3586 2753 3654 Sed

799 3672 878 3736 in
935 3691 1011 3735 eo
1069 3671 1280 3735 maior
1323 3678 1601 3754 apparet
1649 3670 1877 3737 divina
1936 3680 2225 3754 potest-as
2270 3683 2338 3738 et
2381 3672 2752 3751 clementia,

805 3777 973 3840 quae
1038 3757 1133 3822 sic
1197 3765 1464 3838 operata
1522 3767 1643 3840 est,
1712 3766 1785 3821 ut
1841 3759 2084 3840 exiguo
2143 3758 2461 3842 temporis
2519 3757 2752 3841 spatio,

813 3842 927 3924 qui
970 3841 1233 3924 penitus
1276 3843 1585 3923 prostrati
1644 3841 1857 3908 iacere
1903 3842 2317 3922 videbantur,
2384 3863 2515 3907 non
2563 3842 2755 3908 modo

811 3927 1070 3993 animos
1106 3926 1491 4008 receperint,
1531 3926 1645 3992 sed
1684 3928 1881 3992 etiam
1919 3928 2222 3994 inimicos
2258 3929 2648 4012 superarint,
2688 3937 2756 3992 et

803 4012 879 4077 in
938 4011 1078 4076 dies
1136 4011 1419 4075 maiores
1481 4032 1675 4093 quam
1743 4022 1938 4079 antea
2002 4035 2408 4099 progressus,
2476 4012 2756 4079 Davidis

808 4095 1073 4181 quidem
1141 4095 1535 4171 ministerio,
1611 4097 1901 4163 fecerint.
2012 4100 2460 4165 Nihilominus
2531 4110 2753 4164 tamen

804 4182 1033 4248 fideles
1076 4180 1192 4245 illo
1235 4201 1391 4247 casu
1438 4179 1660 4247 Saulis
1703 4194 1771 4248 et
1811 4185 2140 4253 exercitus
2181 4185 2639 4268 profligatione
2682 4204 2758 4250 ac

807 4266 1035 4351 populi
1080 4268 1236 4350 fuga
1280 4286 1592 4350 magnam
1628 4271 2027 4335 occasionem
2068 4269 2438 4335 habuerunt
2471 4278 2758 4336 conster-

810 4352 1130 4418 nationis:
1176 4373 1423 4434 nosque
1466 4353 1596 4417 ista
1639 4351 1932 4436 legentes
1976 4356 2043 4420 in
2090 4375 2286 4422 usum
2332 4365 2631 4421 nostrum
2678 4376 2757 4421 ea

808 4448 1196 4504 convertere
1262 4436 1594 4520 debemus,
1668 4448 1740 4502 ut
1806 4440 1861 4503 si
1928 4459 2056 4522 qua
2118 4442 2355 4525 ingens
2417 4440 2756 4506 ecclesiam

810 4521 1107 4613 confusio
1166 4531 1233 4586 et
1291 4523 1481 4587 ruina
1556 4533 1804 4608 urgeat,
1875 4526 2090 4590 Deum
2159 4534 2380 4591 tamen
2446 4527 2756 4591 invocare

810 4629 942 4674 non
967 4607 1362 4683 desinamus,
1408 4618 1473 4673 et
1516 4628 1782 4690 sperare
1818 4609 1957 4675 fore
1991 4620 2065 4675 ut
2102 4611 2364 4676 tandem
2402 4610 2756 4693 aliquando

810 4693 1093 4759 afflictae
1137 4711 1295 4756 suae
1338 4692 1650 4759 ecclesiae
1694 4694 2104 4772 misereatur,
2162 4704 2230 4761 et
2282 4716 2396 4760 nos
2442 4704 2756 4778 perpetuo

808 4776 1104 4845 membra
1131 4777 1310 4843 illius
1352 4778 1577 4860 populi
1620 4799 1817 4862 quem
1863 4780 2127 4865 collegit
2168 4789 2237 4846 et
2271 4781 2394 4847 sibi
2431 4780 2759 4848 dedicavit

808 4883 1225 4929 maneamus:
1288 4863 1558 4927 minime
1618 4863 1992 4930 dubitantes
2051 4866 2211 4948 quin
2257 4867 2645 4933 afflictiones
2689 4872 2758 4932 et

805 4948 1216 5014 calamitates
1276 4948 1790 5014 benedictionem
1848 4952 2205 5029 obtineant,
2282 4953 2453 5034 quod
2512 4972 2626 5019 eas
2684 4953 2755 5017 in

810 5034 1056 5099 bonum
1118 5035 1316 5098 finem
1383 5042 1451 5098 et
1516 5034 1587 5097 iu
1656 5044 1944 5101 nostram
2013 5036 2296 5103 salutem
2353 5036 2542 5104 Deus
2606 5056 2759 5102 con-

809 5126 1047 5183 vertat.
1139 5120 1357 5202 Atque
1400 5120 1495 5183 ita
1538 5120 2038 5205 quibuscunque
2083 5122 2364 5207 flagellis
2404 5122 2592 5189 Deus
2635 5142 2757 5189 nos

804 5203 1148 5285 corripiat,
1218 5225 1349 5268 non
1418 5204 1679 5287 penitus
1749 5207 2043 5272 animum
2114 5204 2556 5291 despondere,
2640 5206 2756 5273 sed

2485 322 2895 390 HommA
2944 322 3163 391 (ΝΠ.
4181 416 4190 425 ·
4640 327 4727 391 724

2859 514 3079 596 potius
3144 514 3213 579 in
3280 512 3411 580 fide
3473 514 3684 598 magis
3750 512 4145 592 confirmari,
4208 522 4276 578 et
4340 534 4467 597 quo
4524 518 4730 597 gravior

2859 618 3092 664 manus
3134 599 3277 666 eius
3321 603 3389 664 in
3434 620 3557 665 nos
3600 599 3818 676 fuerit,
3865 620 3941 663 eo
3985 597 4467 665 ardentioribus
4507 601 4646 665 votis
4673 601 4731 666 sd

2858 683 3071 766 ipsum
3116 696 3371 768 oportet
3405 685 3779 769 confugere.
3846 683 4189 750 Caeterum
4225 684 4490 749 minime
4520 685 4733 751 dubium

2857 776 2959 834 est
3002 769 3162 852 quin
3206 770 3398 835 multi
3444 771 3689 835 fuerint.
3731 770 3801 833 in
3840 768 4077 853 populo
4112 770 4228 834 illo
4263 769 4599 836 increduli:
4634 770 4735 836 imo

2857 874 3011 937 pars
3046 857 3357 936 maxima,
3393 875 3470 922 ac
3504 854 3779 939 proinde
3814 855 4001 937 pauci
4039 854 4285 920 fuerint
4321 856 4437 937 qui
4470 856 4545 919 ad
4563 856 4733 921 Deum

2856 952 3294 1024 assurgerent,
3340 950 3409 1006 et
3447 942 3556 1024 qui
3603 961 3736 1005 non
3781 940 4205 1022 desperarent
4245 940 4328 1005 de
4372 940 4496 1006 Dei
4536 941 4734 1006 miseri-

2857 1023 3079 1091 cordia
3143 1047 3298 1109 erga
3364 1026 3678 1110 populum
3746 1046 3969 1091 suum:
4050 1047 4326 1107 quorum
4406 1047 4556 1091 sane
4613 1027 4737 1092 fides

2857 1130 3215 1192 paucorum
3273 1111 3426 1177 licet
3481 1133 3557 1175 eo
3617 1111 3744 1177 fuit
3800 1111 4189 1176 laudabilior
4238 1132 4367 1193 quo
4409 1112 4528 1176 fuit
4565 1132 4734 1176 rerum

2857 1204 3070 1262 status
3117 1198 3587 1280 perturbatior:
3648 1217 3844 1279 quem
3899 1197 4099 1262 fuisse
4156 1197 4735 1279 perturbatissimum

2858 1295 3146 1363 apparet,
3208 1283 3449 1367 populo
3486 1304 3569 1347 ex
3624 1282 3763 1355 auis
3816 1280 4085 1346 urbibus
4125 1280 4437 1365 fugiente,
4491 1294 4553 1345 et
4584 1282 4736 1345 hosti·

2861 1364 2979 1429 bus
3001 1376 3259 1450 apertas
3283 1369 3718 1451 relinquente.
3764 1366 3944 1448 Quid
3980 1368 4152 1431 enim
4178 1367 4357 1433 aliud
4391 1367 4514 1432 fuit
4544 1378 4736 1431 terram

2854 1449 3036 1515 illam
3118 1452 3447 1533 deserere,
3528 1474 3728 1534 quam
3806 1452 3981 1516 ultro
4063 1452 4472 1518 haereditate
4529 1452 4739 1516 cedere:

2856 1537 3385 1621 quandoquidem
3449 1537 3604 1603 data
3668 1538 3798 1603 illis
3866 1546 4008 1602 erat
4074 1548 4250 1602 terra
4305 1538 4426 1603 illa
4482 1547 4739 1619 tanquam

2854 1624 3098 1706 pignus
3162 1624 3527 1707 adoptionis
3573 1623 3720 1703 Dei,
3783 1624 3896 1705 qui
3960 1622 4031 1687 in
4096 1623 4382 1689 filiorum
4449 1644 4740 1687 numerum

2856 1710 3034 1792 ipsos
3081 1708 3552 1793 adoptaverat?
3608 1709 3787 1792 Ergo
3831 1707 4134 1773 cedentes
4180 1709 4569 1773 videbantur
4608 1707 4741 1771 ultro

2856 1793 3095 1859 divinis
3140 1794 3675 1878 promissionibus
3719 1792 4099 1869 valedicere,
4146 1804 4212 1858 et
4250 1804 4487 1876 sponte
4521 1793 4742 1856 alienari

2854 1901 2893 1944 a
2937 1879 3243 1961 Domino,
3288 1891 3354 1946 et
3396 1880 3600 1963 ipsius
3643 1879 3833 1944 domo
3874 1878 4199 1945 exsulare.
4268 1878 4459 1959 Quae
4494 1877 4744 1943 fidelibus

2854 1966 3078 2048 gravis
3136 1968 3420 2049 profecto
3480 1966 3603 2030 fuit
3645 1966 3920 2031 tentatio
3964 1966 4240 2029 fratrum
4286 1985 4554 2030 suorum
4592 1974 4746 2029 teme-

2855 2051 3114 2116 ritatem
3177 2059 3245 2117 et
3309 2071 3617 2134 pavorem
3683 2050 4247 2132 conspicientibus.
4351 2049 4745 2115 Nihilominus

2853 2144 3072 2201 tamen
3098 2136 3281 2201 Deus
3315 2157 3438 2219 pro
3474 2157 3594 2201 sua
3627 2134 4075 2200 misericordia
4110 2136 4423 2201 misertus
4455 2144 4554 2200 est
4589 2135 4746 2199 etiam

2852 2221 3298 2306 indignorum,
3357 2220 3591 2304 quibus
3647 2242 3778 2286 non
3837 2220 4038 2304 longo
4097 2230 4243 2305 post
4299 2234 4590 2303 tempore
4627 2241 4746 2284 suas

2854 2306 3082 2372 domos
3145 2308 3451 2385 restituit,
3514 2314 3580 2371 et
3635 2305 3707 2371 iu
3771 2307 4124 2389 pristinum
4190 2316 4443 2371 statum
4509 2306 4746 2371 redinte-

2975 2393 3093 2457 vit.

2855 2414 2973 2478 gra
3025 2477 3172 2543 Iam
3253 2476 3457 2561 igitur
3535 2496 3701 2560 quae
3770 2474 3990 2543 Saulis
4055 2486 4334 2561 mortem
4403 2484 4754 2560 consequuta

2855 2572 3215 2628 narrantur
3274 2561 3753 2647 expendamus:
3814 2583 3890 2627 ac
3951 2561 4242 2646 primum
4289 2561 4600 2628 dicuntur
4635 2559 4756 2625 Plu·-

2853 2648 3064 2713 listaei
3115 2648 3429 2733 postridie
3489 2649 3737 2713 venisse
3792 2648 3880 2713 ad
3932 2646 4299 2728 spoliandos
4355 2653 4649 2713 mames:
4699 2656 4752 2709 ut

2854 2734 3055 2798 moris
3099 2741 3201 2799 est
3243 2743 3390 2817 post
3431 2742 3685 2799 tantam
3740 2732 4013 2809 cladem,
4074 2736 4128 2796 et
4181 2732 4504 2799 invenisse
4543 2731 4752 2796 Saulem

2853 2817 3799 2901 sumtiliisintermortuos,
3874 2817 4753 2902 eive-squecaputabscidisse,

2853 2904 3021 2987 quod
3058 2925 3171 2987 per
3211 2909 3399 2970 totam
3435 2903 3747 2988 regionem
3800 2903 4229 2984 deportaretur
4269 2905 4346 2969 in
4391 2901 4752 2986 tfiunmkunt

2854 2991 2999 3056 Etsi
3063 3010 3217 3055 vero
3270 2989 3350 3054 de
3414 2988 3737 3072 capitibus
3797 2988 4083 3054 filiorum
4128 2986 4353 3056 Saulis
4415 2988 4580 3053 nihil
4626 2986 4752 3053 certi

2854 3084 3277 3152 memoretur,
3338 3073 3692 3140 verisimile
3750 3082 3974 3139 tamen
4032 3082 4153 3153 est,
4199 3072 4375 3140 idem
4422 3074 4583 3159 ipsis
4621 3069 4754 3154 quod

2899 3161 3028 3226 atri
3085 3162 3456 3245 contigisse.
3543 3160 3715 3226 Nam
3769 3170 4117 3242 postquam
4178 3159 4432 3226 dictum
4488 3160 4588 3224 etit
4631 3157 4752 3222 Phi·

2879 3248 3118 3312 istaeos
3163 3244 3385 3313 Saulis
3428 3265 3664 3328 corpus
3705 3243 3996 3311 affixisse
4038 3265 4244 3328 prope
4287 3265 4556 3311 murum
4589 3242 4752 3310 Beth·

2853 3352 2996 3413 san,
3039 3331 3264 3397 statim
3287 3331 3651 3397 xsubiicitur
3692 3328 3942 3396 incolas
3999 3329 4193 3395 Iabes
4238 3330 4502 3397 Galaad
4547 3328 4755 3396 venisse

2855 3424 2923 3482 et
2978 3416 3410 3500 assumpsisse
3466 3437 3702 3499 corpus
3763 3414 4002 3491 Saulis,
4067 3424 4134 3481 et
4192 3434 4476 3500 corpora
4515 3415 4752 3482 filiorum

2854 3504 2996 3567 eius
3051 3522 3092 3566 a
3148 3523 3334 3567 muro
3392 3502 3767 3568 Bethsanis.
3858 3502 3967 3567 Ex
4022 3499 4258 3584 quibus
4319 3512 4594 3587 apparet
4630 3499 4756 3565 Phi·

2853 3587 3114 3653 listaeos
3181 3608 3316 3651 non
3381 3587 3584 3653 fuisse
3644 3594 3987 3653 contentos
4041 3585 4267 3653 Saulis
4323 3607 4610 3672 corpore,
4667 3582 4756 3648 sed

2854 3674 3055 3739 etiam
3094 3673 3375 3738 filiorum
3420 3671 3627 3755 ipsius
3668 3692 3943 3756 corpora
3985 3671 4184 3736 simul
4230 3674 4666 3756 assumpsisse,
4703 3678 4757 3731 nt

2855 3757 3203 3824 Philistaei
3249 3759 3564 3824 maiorem
3600 3757 3757 3823 inde
3792 3778 3977 3839 spem
4011 3757 4458 3841 conciperent,
4502 3768 4566 3823 et
4604 3754 4756 3820 rebus

2856 3845 3022 3910 bene
3043 3843 3419 3910 consultum
3442 3842 3801 3920 crederent,
3848 3843 4110 3907 nemine
4134 3844 4215 3907 de
4238 3844 4428 3928 regia
4447 3845 4639 3926 stirpe
4653 3839 4757 3905 suis

2856 3930 3208 4012 superstite
3252 3928 3366 4011 qui
3411 3927 3768 3994 vindictam
3829 3927 3988 3992 olim
4033 3937 4340 4007 sumeret,
4412 3950 4546 3994 non
4607 3922 4756 3989 modo

2857 4035 3013 4098 rege
3057 4035 3264 4093 caeso,
3322 4013 3434 4080 sed
3494 4013 3699 4096 ipsius
3742 4014 3943 4078 etiam
3987 4012 4138 4078 filiis
4183 4021 4251 4078 et
4293 4011 4757 4081 successoribus.

2857 4101 3076 4166 'Priste
3139 4120 3302 4165 sane
3358 4099 3483 4164 fuit
3545 4099 4019 4181 spectaculum,
4093 4099 4356 4183 regium
4425 4118 4652 4181 corpus
4701 4113 4758 4156 eo

2859 4184 3172 4252 dedecore
3228 4183 3534 4267 pendere,
3591 4186 3879 4249 maximo
3935 4182 4224 4249 hostium
4273 4183 4559 4250 ludibrio
4597 4198 4756 4263 expo-

2859 4271 3091 4337 situm:
3159 4279 3227 4335 et
3272 4269 3536 4353 quidem
3590 4290 3667 4334 eo
3729 4269 4014 4334 maxime
4071 4266 4245 4352 quod
4288 4268 4620 4335 Samuelis
4666 4264 4757 4329 mi·

2862 4356 3128 4421 uisterio
3193 4375 3445 4422 sacram
3515 4354 3893 4421 unctionem
3972 4365 4348 4437 acceperat:
4429 4362 4758 4438 separatum

2859 4442 3179 4524 siquidem
3223 4449 3367 4506 erat
3408 4460 3689 4524 regnum
3735 4437 3900 4506 illud
3944 4438 4025 4504 ab
4069 4439 4379 4506 omnibus
4431 4440 4576 4506 aliis
4625 4436 4760 4500 Deo-

2860 4547 2988 4610 que
3050 4526 3356 4592 dicatum.
3444 4525 3594 4591 Etsi
3656 4526 3866 4591 fateor
3927 4521 4223 4590 nondum
4279 4524 4491 4591 fnisse
4541 4524 4757 4589 firmum

2859 4612 3143 4695 aliquem
3200 4622 3267 4677 et
3324 4618 3576 4677 certum
3642 4619 3918 4690 statum,
3983 4608 4190 4677 donec
4243 4610 4524 4694 impleta
4577 4608 4756 4673 fnium:

2858 4695 3080 4762 Iacobi
3162 4696 3531 4780 prophetia,
3611 4697 3724 4780 qui
3788 4693 4207 4779 praedixerat
4271 4717 4403 4760 non
4473 4695 4756 4760 exiturum

2861 4794 3194 4864 sceptrum
3237 4780 3319 4846 de
3364 4781 3540 4847 tribu
3563 4780 3739 4846 Iuda.
3806 4781 3973 4845 Erat
4016 4789 4238 4846 autem
4284 4779 4455 4847 Saul
4499 4778 4580 4844 de
4617 4774 4754 4869 tribu

2860 4867 3246 4933 Beniamin:
3319 4866 3435 4933 sed
3496 4865 3922 4932 nihilominus
3975 4866 4162 4931 Deus
4219 4865 4301 4930 ad
4365 4876 4620 4948 tempus
4664 4858 4754 4923 sib1

2864 4951 3083 5019 Saulis
3126 4972 3474 5034 personam
3518 4958 3946 5017 consecrarat.
4013 4949 4229 5017 Valde
4272 4972 4440 5017 vero
4487 4951 4606 5015 ista
4641 4952 4758 5012 snut

2861 5039 3206 5115 contraria,
3253 5050 3474 5104 notam
3518 5035 3701 5103 illam
3745 5036 3990 5102 habere
4031 5037 4422 5120 impressam
4459 5055 4588 5119 qua
4617 5032 4756 5098 Deus

2860 5123 3077 5205 ipsum
3123 5123 3370 5187 honore
3413 5122 3652 5187 eximio
3696 5122 4026 5201 affecerat,
4069 5129 4138 5187 et
4177 5120 4610 5187 nihilominus
4644 5132 4755 5182 cum

2861 5208 3225 5293 ignominia
3266 5228 3500 5292 corpus
3542 5207 3750 5291 ipsius
3793 5208 4062 5291 raptari,
4120 5207 4438 5290 suspendi
4487 5214 4752 5288 caputque
