5059 6059
309 293 428 358 449
1571 286 1670 351 IN
1715 285 1771 351 1.
1821 284 1994 350 [ΑΒ.
2045 282 2444 356 SAMUEL.
2490 288 2691 354 cap,
2738 289 3003 354 xxm.
4151 269 4283 358 4'50

305 490 573 567 oportet:
616 478 731 544 sed
775 498 938 560 quae
983 489 1200 542 tamen
1247 476 1387 542 sola
1409 473 1554 555 Dei,
1602 486 1668 539 et
1712 495 1841 538 non
1889 472 2230 538 hominum

306 572 536 635 virtute
581 565 916 629 niteretur.
1008 563 1097 628 Et
1148 583 1216 626 re
1269 562 1414 644 ipsa
1474 568 1783 626 testatum
1828 557 1985 624 fecit
2026 556 2228 636 Deus,

304 677 369 720 se
409 650 731 718 Davidem
776 670 925 715 cum
974 649 1193 731 paucis
1230 646 1358 712 illis
1399 646 1535 712 suis
1574 645 1894 710 militibus
1916 643 2230 708 adversus

305 742 516 805 hostes
560 737 901 812 animasse,
939 746 1006 799 et
1053 735 1187 798 vim
1233 754 1308 799 ac
1349 733 1550 798 robur
1585 731 1861 796 dedisse.
1932 727 2232 795 Profecto

303 838 434 891 tum
497 819 737 887 Davidi
808 839 1045 904 magna
1111 828 1212 884 est
1290 818 1510 883 oblata
1592 816 1879 883 laetitiae
1960 815 2232 898 occasio,

302 932 494 995 quum
539 908 758 974 Deum
805 908 874 971 in
922 904 1153 971 mediis
1197 904 1333 969 suis
1376 903 1858 970 calamitatibus
1914 912 1983 965 et
2026 899 2233 966 afflic-

300 996 596 1078 tionibus,
641 992 1043 1057 defensorem
1091 1003 1308 1054 tamen
1355 1001 1421 1054 et
1461 988 1818 1072 propitium
1863 984 2234 1070 experieba-

303 1095 421 1148 tur.
531 1081 621 1145 Et
686 1078 1002 1144 militibus
1068 1076 1275 1159 ipsius
1353 1075 1605 1140 animos
1679 1074 1881 1138 etiam
1945 1071 2236 1154 oportuit

299 1167 465 1246 addi,
511 1185 713 1248 quum
762 1162 1363 1228 animadverterent
1407 1159 1624 1225 Deum
1681 1178 1841 1241 erga
1895 1157 2071 1240 ipsos
2131 1156 2237 1223 sui

298 1253 539 1320 favoris
585 1263 652 1316 et
695 1250 944 1334 gratiae
989 1249 1179 1333 signa
1224 1268 1352 1310 non
1401 1245 1602 1311 dubia
1646 1244 1917 1309 dedisse.

458 1338 710 1405 Contra
769 1356 926 1399 vero
983 1332 1255 1401 Saulem
1314 1331 1500 1396 obrui
1557 1330 1938 1395 confusione
1979 1349 2235 1394 summa

2333 477 2660 544 discamus
2705 477 3022 544 adversus
3065 477 3280 542 Deum
3331 497 3459 542 non
3506 475 3819 542 indurari.
3909 477 4078 543 Nam
4124 479 4280 545 alio-

2332 564 2490 647 quin
2570 564 2784 629 coelos
2848 564 3001 628 licet
3065 575 3325 646 apertos
3385 563 3811 647 intueremur,
3873 574 3944 629 et
4007 563 4280 631 coelitus

2332 649 2517 714 Deus
2572 647 2953 733 fulguraret,
3009 668 3325 731 suamque
3383 650 3739 732 potentiam
3785 649 4053 734 propius
4097 657 4282 733 pate-

2332 736 2592 812 faceret,
2638 746 2704 799 et
2749 733 2926 799 mille
2969 734 3178 799 modis
3215 745 3508 812 terreret,
3556 735 3812 800 nullum
3850 744 4070 800 tamen
4107 735 4279 818 apud

2336 841 2458 887 nos
2515 820 2644 886 ista
2704 818 2962 902 pondus
3022 821 3358 896 haberent,
3423 831 3490 885 et
3535 819 3733 886 nullis
3776 820 3982 904 ipsius
4024 820 4280 887 iudiciis

2337 921 2755 972 terreremur.
2842 904 3175 986 Quamdiu
3218 906 3420 988 igitur
3468 907 3648 972 Deus
3692 927 3809 972 nos
3855 906 4070 989 aliquo
4114 906 4281 973 lucis

2337 1012 2493 1056 suae
2537 991 2884 1075 splendore
2929 990 3231 1068 illustrat,
3280 994 3345 1055 in
3389 992 3594 1075 ipsius
3638 990 4006 1056 obedient-ia
4050 993 4278 1058 ambu-

2337 1078 2566 1157 lemus,
2611 1089 2675 1142 et
2719 1076 3273 1143 admonitionibus
3317 1077 3530 1142 locum
3576 1077 3824 1156 demus,
3870 1091 3935 1143 et
3979 1078 4279 1163 castigati

2337 1162 2417 1227 ab
2461 1164 2603 1246 ipso
2647 1171 2843 1246 capnt
2885 1162 3323 1242 subiiciamus,
3388 1172 3454 1228 et
3498 1161 3748 1246 placide
3791 1164 3960 1228 colla
4003 1165 4278 1229 submit-

2341 1261 2588 1314 tamus:
2624 1257 2691 1313 et
2726 1248 3235 1331 quotiescunque
3267 1269 3386 1313 nos
3408 1247 3870 1315 afflictionibus
3893 1251 4279 1329 exercuerit,

2339 1334 2668 1417 patienter
2732 1344 2796 1397 et
2862 1332 3109 1418 placide
3171 1333 3633 1400 correctionem
3696 1336 4014 1401 feramus:
4083 1345 4151 1401 et
4192 1336 4275 1400 ad

298 1443 554 1491 necesse
589 1423 746 1487 fuit:
783 1430 848 1485 et
887 1421 943 1485 si
980 1438 1175 1503 quam
1213 1439 1446 1483 sensus
1480 1416 1844 1482 communis
1873 1414 2235 1513 strationis
2283 1427 2292 1514 ι
2339 1423 2557 1503 ipsum
2614 1422 2915 1502 precibus
2959 1419 3439 1485 sollicitandum
3481 1423 3691 1504 magis
3735 1441 3809 1486 ac
3854 1423 4062 1505 magis
4105 1423 4277 1486 exci-

293 1519 543 1593 guttam
606 1507 959 1586 habuisset,
1032 1505 1114 1570 ad
1174 1503 1509 1569 meliorem
1570 1514 1857 1566 mentem
1918 1520 2233 1565 revocari.

294 1597 519 1679 Neque
579 1594 756 1660 enim
815 1594 1032 1676 ipsum
1079 1591 1280 1656 latere
1325 1589 1451 1654 Dei
1496 1588 1913 1652 manifestum
1958 1606 2119 1668 opus
2162 1586 2233 1649 in

293 1682 410 1748 hac
448 1681 951 1746 Philistinorum
989 1688 1207 1760 strage
1245 1685 1531 1760 poterat:
1577 1686 1644 1737 et
1671 1671 1993 1737 Davidem
2031 1690 2069 1733 a
2092 1669 2236 1735 Deo

291 1790 421 1832 non
467 1764 689 1831 dubiis
731 1765 941 1848 signis
985 1761 1196 1828 iuvari
1240 1761 1402 1826 satis
1446 1757 2028 1833 animadvertebat,
2083 1756 2235 1856 licet

289 1865 480 1918 antea
539 1859 764 1917 mente
816 1858 1046 1933 captus
1091 1849 1317 1913 fuisset
1360 1856 1428 1912 et
1471 1845 1757 1910 insanus.
1849 1840 2071 1922 Quare
2114 1844 2235 1925 igi·
2285 1865 2290 1946 Ι

2285 1517 2291 1578 i
2340 1514 2585 1570 temur:
2651 1519 2718 1570 et
2771 1506 3071 1570 omnibus
3115 1526 3279 1587 quae
3327 1507 3521 1571 verbo
3565 1526 3681 1570 suo
3726 1506 3914 1572 docet
3971 1517 4040 1571 et
4139 1526 4279 1573 rae-

2339 1591 2566 1656 scribit
2641 1592 3181 1673 obtemperemus.
3274 1590 3551 1657 Interim
3632 1593 3828 1657 etiam
3886 1591 3994 1657 hic
4057 1613 4096 1658 o
4141 1612 4278 1657 ser-

2340 1697 2570 1742 vemus
2634 1696 2827 1759 quam
2883 1677 3160 1758 superbe
3216 1675 3343 1741 Dei
3408 1677 3630 1743 hostes
3687 1676 4001 1744 adversus
4059 1678 4278 1743 Deum

2339 1784 2458 1827 sua
2522 1762 2896 1845 arrogantia
2961 1763 3265 1827 fascinati
3330 1763 3700 1847 insurgant,
3764 1775 3830 1829 et
3894 1763 4018 1828 sibi
4062 1763 4281 1829 felicia

2338 1869 2593 1933 semper
2651 1848 2873 1913 omnia
2930 1847 3333 1932 promittant,
3401 1870 3482 1914 ex
3538 1849 3739 1914 animi
3793 1850 3896 1914 sui
3952 1849 4281 1915 sententia

290 1953 395 2003 tur
454 1958 594 2003 non
654 1934 824 2001 redit
881 1934 962 2000 ad
1021 1934 1254 1998 bonam
1315 1933 1593 2015 frugem,
1651 1939 1719 1994 et
1761 1927 1906 1993 Deo
1952 1948 2079 1992 non
2124 1931 2237 1993 dat
2338 1955 2734 2000 successura.
2827 1932 2940 2000 Sic
2982 1933 3142 1998 Saul
3188 1932 3314 1999 sibi
3357 1934 3704 2018 persuadet
3747 1934 4071 2000 Davidem
4119 1934 4281 2001 urbe

285 2021 612 2108 gloriam?
706 2021 837 2088 Sed
883 2022 975 2085 ita
1016 2018 1229 2085 solent
1272 2017 1569 2082 homines
1611 2014 1869 2097 reprobi
1904 2034 2090 2079 suam
2127 2034 2234 2079 ne·

2338 2019 2716 2085 conclusum
2765 2039 3102 2102 nunquam
3147 2040 3184 2084 e
3228 2020 3364 2085 suis
3401 2019 3701 2086 manibus
3735 2041 4119 2086 evasurum:
4163 2018 4280 2087 sed

282 2111 564 2193 quitiam
610 2118 678 2175 et
719 2109 1005 2172 furorem
1051 2105 1261 2170 alere:
1319 2114 1392 2167 ut
1435 2103 1492 2167 si
1539 2100 1718 2165 Deus
1763 2100 1901 2182 ipse
1943 2121 2014 2165 se
2060 2110 2234 2182 pate·
2283 2143 2288 2180 ἱ
2338 2127 2474 2187 cur,
2545 2106 2831 2186 obsecro,
2900 2126 3029 2169 non
3092 2105 3347 2171 reducit
3411 2107 3477 2171 in
3524 2107 3905 2172 memoriam
3950 2104 4279 2172 Davidem

285 2195 504 2274 faciat,
555 2193 982 2259 nihilominus
1027 2201 1247 2257 tamen
1293 2190 1416 2273 ipsi
1463 2207 1723 2253 summa
1766 2186 2133 2268 pervicacia
2171 2195 2237 2250 et

279 2280 729 2348 obstinatione
784 2278 991 2343 animi
1037 2278 1362 2342 resistant.
1450 2271 1776 2356 Equidem
1821 2271 2026 2337 fateor
2067 2270 2235 2352 illos,

280 2368 332 2432 si
392 2368 771 2448 interroges
826 2362 981 2447 quid
1027 2362 1342 2428 adversus
1385 2359 1604 2424 Deum
1650 2356 2001 2441 pugnando
2043 2358 2236 2439 profi·

277 2453 475 2533 ciant,
541 2471 987 2533 responsuros,
1045 2469 1171 2513 non
1219 2468 1363 2512 eam
1409 2465 1551 2511 esse
1596 2463 1781 2510 suam
1826 2455 2114 2507 mentem
2162 2450 2235 2507 ut

278 2540 425 2605 Deo
491 2541 825 2603 resistant.
916 2535 1387 2599 Verumtamen
1453 2534 1508 2595 si
1568 2530 1693 2595 Dei
1751 2528 2105 2593 bonitatem
2161 2528 2234 2592 in

279 2624 678 2708 quibusdam
727 2623 942 2686 lucore
992 2620 1295 2697 viderint,
1343 2638 1536 2700 quam
1584 2616 1889 2680 ferociter
1921 2613 2234 2679 adversus

274 2732 385 2777 eos
450 2711 820 2775 efferantur
864 2717 964 2772 est
1005 2706 1446 2788 conspicuum.
1535 2700 1756 2782 Quare
1798 2698 1953 2795 licet
1997 2700 2233 2765 millies

274 2797 501 2861 iurent
550 2817 624 2860 se
665 2793 839 2858 nolle
878 2793 1049 2858 ultro
1084 2792 1152 2856 in
1188 2793 1401 2857 Deum
1439 2786 1678 2867 efferri,
1724 2786 1976 2850 malitia
2011 2796 2228 2851 tamen

268 2883 578 2964 ipsorum
640 2879 943 2943 omnibus
1004 2879 1165 2944 satis
1220 2887 1318 2943 est
1371 2874 1733 2939 manifesta.
1824 2869 1984 2938 Saul
2027 2870 2231 2954 igitur

274 2969 497 3034 Deum
566 2987 696 3030 non
759 2964 1150 3048 glorificans,
1211 2982 1420 3045 neque
1475 2958 1722 3044 gratias
1766 2957 1862 3021 illi
1906 2978 2106 3041 agens
2150 2955 2231 3020 de

270 3064 470 3137 parta
517 3052 737 3118 salute
779 3050 1207 3128 Oeilensibus‚
1249 3048 1358 3131 qui
1401 3048 1664 3111 fuerant
1706 3042 2038 3108 obsidione
2080 3042 2233 3141 ¹³b⁰T

266 3139 435 3217 rati,
500 3158 768 3220 semper
824 3136 894 3200 in
951 3137 1140 3220 peius
1185 3135 1334 3199 ruit.
1425 3131 1595 3196 Nam
1640 3148 1880 3213 magna
1922 3135 2064 3193 erat
2106 3129 2230 3211 ipsi

265 3223 565 3291 Davidis
632 3221 898 3288 amandi
966 3221 1183 3288 oblata
1246 3219 1514 3293 occasi0,
1581 3216 1637 3281 si
1704 3216 1868 3280 alias
1921 3233 2231 3298 unquam,

266 3311 448 3393 quod
517 3329 866 3393 nunquam
910 3308 1140 3374 fuisset
1183 3305 1265 3371 ab
1307 3303 1523 3369 officio
1569 3311 1635 3366 et
1680 3298 1846 3365 bona
1889 3300 2231 3364 voluntate

266 3417 430 3481 erga
480 3394 761 3462 Saulem
807 3408 873 3459 et
915 3393 1226 3478 populum
1265 3409 1550 3466 aversus,
1597 3385 1711 3452 sed
1747 3407 2006 3485 semper
2041 3386 2230 3451 novis

265 3482 650 3548 benefactis
693 3502 764 3546 se
807 3492 873 3543 et
916 3479 1223 3562 populum
1261 3473 1676 3543 cumulasset.
1763 3471 1904 3537 Nae
1919 3473 2066 3537 ·n1si
2104 3473 2230 3536 fer·

263 3590 456 3633 reum
534 3589 616 3633 ac
681 3565 1069 3650 chalybeum
1138 3584 1249 3627 cor
1314 3561 1670 3641 habuisset,
1734 3558 1910 3623 flecti
1957 3557 2231 3622 Davidis

258 3655 412 3719 istis
462 3652 711 3719 officiis
755 3653 970 3733 ipsum
1016 3650 1390 3733 oportebat:
1437 3645 1551 3711 sed
1597 3659 1669 3710 ut
1704 3653 1857 3709 ante
1895 3643 2051 3721 dixi,
2097 3663 2230 3708 non

260 3750 542 3805 tantum
593 3758 634 3803 a
679 3739 820 3803 Deo
863 3736 1216 3802 derelictus
1260 3742 1422 3814 crat,
1480 3729 1596 3796 sed
1639 3749 1679 3794 a
1723 3728 1977 3794 diabolo
2021 3731 2228 3812 possi-

256 3825 579 3892 debatur.
668 3823 760 3887 Et,
814 3843 978 3905 quae
1037 3822 1113 3887 ad
1173 3819 1497 3885 Davidem
1556 3815 1908 3882 amandum
1965 3816 2228 3880 flectere

258 3912 489 3992 ipsum
543 3906 887 3987 debebant,
935 3908 1147 3991 potius
1192 3905 1508 3971 adversus
1552 3903 1766 3985 ipsum
1807 3900 2225 3966 exacuebant.

255 3996 500 4079 Quare
574 3994 971 4077 imaginatur
1017 3991 1339 4059 Davidem
1387 3989 1564 4054 illam
1613 3987 1838 4052 urbem
1883 4005 2227 4068 occupasse

254 4097 332 4148 ut
394 4084 474 4148 in
520 4102 607 4147 ea
648 4101 718 4146 se
763 4080 1072 4162 paulatim
1123 4079 1388 4155 reficiat,
1448 4086 1514 4140 et
1559 4074 1734 4139 vires
1777 4072 2055 4156 colligat,
2114 4070 2227 4137 do-

252 4188 383 4235 nec
419 4167 513 4234 ad
557 4186 835 4232 coronae
871 4164 1343 4247 possessionem
1383 4161 1620 4227 veniat.
1714 4157 1929 4223 David
1963 4158 2227 4241 quidem

253 4253 501 4338 procul
558 4251 754 4316 dubio
800 4251 962 4316 nihil
1008 4252 1137 4316 tals
1181 4252 1401 4315 animo
1446 4243 1767 4324 volvebat,
1810 4244 1924 4310 sed
1970 4253 2227 4309 tantum

253 4341 327 4405 in
379 4338 628 4407 Saulis
673 4358 903 4403 manus
949 4336 1180 4402 cadere
1215 4334 1561 4400 metuebat.
1650 4331 1817 4396 Saul
1853 4330 2053 4414 igitur
2090 4329 2227 4395 Da-

250 4426 494 4493 videm
539 4425 721 4488 intra
758 4422 980 4490 Oeilae
1013 4441 1235 4487 muros
1260 4421 1553 4485 clausum
1576 4417 1977 4495 existimans,
2024 4437 2228 4499 quum

251 4511 439 4595 apud
509 4532 589 4575 se
640 4509 925 4592 cogitare
982 4506 1263 4584 deberet,
1330 4503 1485 4589 quid
1540 4505 1847 4570 miseram
1905 4502 2223 4568 oviculam

247 4595 688 4680 insequendo
733 4596 1092 4676 proficeret,
1139 4592 1370 4660 statuit
1405 4591 1671 4656 omnino
1705 4588 2225 4673 persequendum

247 4705 403 4749 esse
469 4680 827 4760 Davidem,
887 4689 954 4745 et
1012 4675 1535 4763 quandoquidem
1591 4676 1749 4742 urbe
1793 4677 2223 4754 contineatur,

247 4790 395 4835 non
414 4787 625 4853 posse
640 4787 877 4832 manus
891 4787 1042 4832 suas
1056 4765 1344 4849 effugere
1359 4762 1482 4829 sibi
1498 4761 1868 4844 persuadet:
1888 4760 2058 4842 quod
2069 4760 2226 4826 urbs

248 4858 478 4938 portis
530 4861 601 4917 et
639 4851 915 4936 pessulis
961 4873 1036 4917 ac
1079 4852 1243 4917 seris
1285 4847 1647 4917 claudatur.
1737 4847 1915 4913 Istae
1959 4849 2227 4913 fuerunt

239 4940 504 5008 Saulis
547 4937 990 5020 cogitationes,
1025 4938 1213 5003 cuius
1250 4936 1319 5000 in
1357 4934 1682 5000 Davidem
1710 4934 1931 4999 odium
1953 4934 2225 5015 proinde

245 5048 498 5092 merus
569 5023 749 5089 furor
793 5024 914 5088 fuit
959 5033 1093 5087 tam
1138 5024 1563 5096 inveteratus,
1629 5032 1706 5087 ut
1749 5019 1934 5085 nulla
1976 5020 2224 5085 ratione

245 5112 524 5197 placari
590 5110 888 5193 potuerit,
947 5107 1249 5191 quamvis
1296 5109 1479 5173 Deus
1521 5107 1618 5172 illi
1662 5106 1902 5173 multas
1946 5108 2223 5174 occasio·

245 5221 375 5265 nes
445 5194 765 5263 flectendi
824 5194 1114 5261 animum
1174 5215 1365 5260 suum
1427 5195 1789 5277 praeberet.
1876 5191 2016 5259 Nos
2073 5193 2224 5258 hinc

405 5296 650 5354 Calvina·
681 5311 868 5366 opera.
943 5295 1062 5352 Vol.
1094 5294 1289 5350 XXX.

2283 2187 2288 2212 ¹
2340 2212 2480 2257 esse
2534 2192 2606 2256 in
2649 2189 2779 2256 Dei
2826 2211 3024 2255 manu
3069 2204 3134 2254 et
3179 2191 3626 2274 protectione?
3716 2191 3856 2257 Our
3902 2213 4033 2257 non
4077 2193 4277 2257 etiam

2338 2277 2636 2342 meminit
2694 2298 2885 2359 saepe
2947 2275 3277 2341 Davidem
3323 2298 3360 2342 e
3404 2278 3543 2344 suis
3585 2276 3889 2344 manibus
3934 2276 4279 2361 elapsum?

2339 2363 2507 2428 Nam
2554 2364 2809 2447 quoties
2851 2362 3037 2427 illum
3084 2363 3452 2429 interficere
3494 2375 3768 2429 conatus
3804 2373 3922 2440 est,
3967 2374 4032 2428 et
4069 2364 4279 2430 factus

2337 2459 2439 2514 est
2473 2450 2643 2515 ictus
2677 2447 2947 2513 irritus?
3037 2447 3331 2514 Iaculum
3370 2449 3437 2514 in
3475 2448 3693 2532 ipsum
3732 2451 4063 2528 contorsit,
4108 2450 4280 2532 quod

2338 2534 2678 2601 declinans
2745 2533 2960 2599 David
3028 2554 3239 2599 vanus
3306 2534 3431 2599 fuit
3495 2543 3782 2608 conatus,
3850 2536 4034 2618 quasi
4095 2536 4280 2601 Deus

2337 2622 2474 2703 ipse
2535 2619 2820 2685 medium
2870 2640 2941 2686 se
2997 2618 3353 2685 obiecisset.
3444 2620 3533 2685 Et
3576 2621 3831 2703 quoties
3875 2621 4061 2686 illum
4102 2621 4281 2686 inse·

2337 2716 2582 2788 quutus
2640 2706 2865 2782 fuerat,
2925 2715 2994 2769 et
3052 2704 3217 2770 dolis
3273 2727 3620 2790 aggressus
3676 2707 3819 2772 sine
3882 2706 4011 2770 ullo
4058 2719 4279 2773 tamen

2337 2790 2615 2857 effectu?
2705 2790 3046 2871 Quomodo
3088 2812 3245 2874 ergo
3289 2812 3419 2856 non
3457 2792 3918 2857 animadvertit
3952 2791 4277 2858 Davidem

2338 2897 2468 2942 non
2523 2876 2866 2941 hominum
2925 2877 3176 2942 viribus
3234 2887 3300 2941 et
3357 2877 3598 2942 auxilio
3657 2878 3906 2954 iuvari,
3973 2877 4084 2942 sed
4141 2878 4278 2943 sola

2337 2961 2465 3028 Dei
2509 2962 2966 3028 benevolentia
3009 2973 3073 3027 et
3110 2965 3356 3027 virtute
3394 2960 3692 3047 protegi?
3784 2963 3938 3040 Our,
3982 2963 4274 3046 inquam,

2340 3049 2501 3113 haec
2566 3051 2788 3114 omnia
2857 3047 3021 3115 Saul
3088 3069 3221 3113 non
3288 3061 3548 3114 revocat
3610 3050 3679 3112 in
3740 3048 4141 3129 memoriam,
4207 3060 4275 3114 et

2337 3132 2558 3217 sapit?
2647 3131 2782 3200 Sed
2825 3134 2918 3200 ita
2960 3134 3174 3201 solent
3216 3134 3491 3217 improbi
3527 3134 3821 3200 homines
3856 3145 3923 3198 et
3957 3134 4275 3200 increduli

2335 3220 2475 3286 suis
2534 3219 2983 3304 praeoccupati
3041 3219 3455 3305 passionibus
3518 3219 3730 3286 Deum
3778 3231 3844 3284 et
3890 3220 4093 3304 ipsius
4138 3220 4271 3285 vir·

2337 3315 2539 3371 tutem
2567 3315 3011 3372 contemnere:
3058 3308 3244 3372 cuius
3287 3305 3504 3371 nullas
3536 3327 3677 3372 esse
3722 3317 3961 3390 partes,
4007 3307 4146 3372 sive
4188 3306 4271 3371 ad

2335 3390 2573 3457 bonum
2597 3392 2735 3458 sive
2757 3391 2838 3456 ad
2862 3393 3107 3457 malum
3131 3392 3256 3457 sibi
3277 3391 3689 3475 persuadent,
3714 3394 3755 3457 i.
3781 3412 3857 3469 e.,
3883 3402 3955 3457 ut
3980 3414 4061 3458 ex
4085 3403 4274 3474 parte

2334 3478 2552 3542 Deum
2596 3498 2726 3543 non
2771 3478 3024 3556 timent,
3068 3489 3133 3543 et
3169 3477 3321 3542 olim
3360 3478 3484 3560 ipsi
3520 3476 3913 3543 reddendam
3951 3478 4273 3546 factorum

2331 3563 2648 3628 rationem
2715 3583 2846 3629 non
2911 3563 3203 3642 credunt,
3285 3566 3615 3647 vitamque
3680 3583 3866 3628 suam
3931 3564 4001 3628 in
4068 3565 4272 3648 ipsius

2331 3670 2474 3714 esse
2532 3661 2881 3733 potestate,
2941 3649 3035 3715 sic
3087 3671 3172 3715 ex
3230 3659 3414 3733 parte
3473 3649 3597 3715 sibi
3639 3648 4035 3733 persuadent
4080 3651 4266 3717 illum

2332 3755 2462 3800 non
2510 3756 2699 3817 posse
2744 3736 2808 3799 in
2856 3736 2996 3818 ipsc
3042 3735 3315 3800 fidentes
3362 3735 3526 3800 tueri
3573 3743 3639 3800 et
3683 3742 4041 3819 protegere.
4090 3737 4269 3805 Hinc

2331 3822 2588 3887 animos
2646 3820 2966 3887 increduli
3023 3832 3291 3886 sumunt
3350 3831 3485 3885 tam
3545 3821 3853 3886 audacter
3910 3821 4034 3888 Dei
4098 3824 4267 3889 filios

2330 3905 2783 3990 persequendi,
2854 3917 2919 3971 et
2985 3905 3191 3972 modis
3253 3906 3555 3973 omnibus
3611 3906 3983 3992 affligendi:
4054 3909 4269 3990 qualia

2332 3992 2521 4058 hodie
2567 3993 2867 4058 veritatis
2910 3993 3319 4058 inimicorum
3366 3992 3683 4059 adversus
3727 3993 4066 4060 ecclesiam
4112 4016 4265 4061 con-

2328 4077 2475 4142 silia
2519 4091 2588 4144 et
2631 4078 3141 4144 machinationes
3185 4078 3502 4157 videmus,
3562 4079 4078 4163 quandoquidem
4126 4082 4267 4147 sine

2329 4184 2568 4249 magno
2610 4164 2829 4230 labore
2872 4185 2942 4230 se
2983 4163 3318 4230 eeclesiam
3366 4164 3896 4247 pessumdaturos
3940 4165 4265 4231 arbitran-

2329 4259 2455 4316 tur.
2545 4252 2748 4335 Atqui
2805 4249 3089 4316 rationes
3146 4270 3298 4315 suas
3356 4252 3584 4316 ineunt
3626 4249 3784 4316 soli:
3847 4271 3997 4313 nam
4043 4253 4097 4316 si
4146 4272 4266 4318 nos

2328 4358 2369 4403 a
2421 4337 2567 4402 Deo
2621 4336 2958 4403 derelictos
3011 4336 3437 4418 arbitrantur,
3499 4345 3565 4400 et
3608 4335 3732 4418 ipsi
3774 4334 3971 4400 etiam
4016 4359 4262 4416 exosos,

2329 4431 2466 4488 toto
2537 4423 2716 4488 coelo
2767 4424 3094 4499 aberrant,
3166 4419 3686 4505 quandoquidem
3746 4419 3871 4484 Dei
3929 4441 4086 4505 erga
4144 4444 4263 4490 nos

2331 4508 2667 4575 benefacta
2725 4521 2857 4573 tam
2920 4508 3145 4573 multis
3205 4529 3333 4573 non
3397 4506 3609 4572 dubiis
3663 4505 3881 4588 signis
3925 4518 4262 4591 apparent.

2329 4593 2772 4675 Quamobrem
2834 4596 3343 4676 quotiescunque
3384 4593 3507 4658 Dei
3552 4591 3849 4657 inimicos
3894 4593 4264 4662 videbimus

2327 4689 2511 4746 tanto
2558 4681 2775 4745 furore
2818 4690 2884 4745 et
2927 4680 3106 4746 rabie
3149 4679 3465 4746 adversus
3510 4698 3627 4742 nos
3669 4678 4026 4762 insurgere,
4074 4690 4146 4743 ut
4182 4681 4262 4746 ab

2326 4766 2488 4850 ipsis
2562 4775 2892 4831 momento
2964 4764 3251 4831 laniandi
3326 4776 3391 4827 et
3449 4761 3841 4847 deglubendi
3901 4763 4263 4847 videamur,

2324 4853 2652 4936 patienter
2696 4861 3145 4936 exspectemus
3191 4850 3344 4915 dum
3388 4848 3650 4913 illorum
3696 4846 4031 4914 audaciam
4080 4849 4265 4917 Deus

2325 4936 2703 5005 contundat.
2790 4939 2882 5004 Et
2939 4956 3069 5021 quo
3128 4936 3334 5019 magis
3392 4932 3740 4999 adversum
3803 4954 3923 4999 nos
3981 4935 4262 5002 fremue-

2326 5023 2479 5103 rint,
2522 5033 2588 5088 et
2631 5023 2697 5088 in
2743 5024 3008 5107 laqueos
3050 5043 3201 5087 suos
3244 5019 3535 5085 induisse
3572 5020 3697 5083 visi
3735 5020 3995 5096 fuerint,
4043 5022 4262 5088 Deum

2324 5109 2624 5193 persuasi
2681 5111 2884 5176 simus
2949 5108 3240 5192 ipsorum
3296 5106 3642 5171 stultitiam
3702 5116 3767 5170 et
3824 5107 4262 5174 temeritatem

2327 5196 2677 5262 irrisurum
2738 5208 2804 5264 et
2854 5191 3255 5261 admirandis
3299 5190 3511 5258 modis
3554 5213 3592 5258 e
3636 5190 3937 5259 manibus
3970 5193 4262 5278 ipsorum
