5059 6059
849 313 978 383 547

858 504 1040 574 lieris
1097 505 1326 583 fuisse,
1386 511 1453 570 et
1512 524 1664 570 suos
1721 503 1966 570 limites
2020 503 2284 591 Abigail
2345 524 2610 590 egressa
2668 502 2799 570 dici

860 610 1053 677 posse
1096 590 1374 656 videtur.
1422 587 1556 655 Sed
1593 591 1947 656 necessitas
1989 589 2352 672 Abigailem
2397 601 2688 666 excusat,
2733 598 2802 654 et

860 676 1040 743 omni
1084 676 1276 758 culpa
1320 675 1553 764 liberat
1608 675 2135 759 quandoquidem
2191 677 2499 743 maritum
2557 675 2800 759 alloqui

860 783 995 828 non
1051 760 1285 846 potuit,
1334 782 1541 844 neque
1586 760 1667 828 de
1711 763 1972 846 negotio
2012 763 2137 829 isto
2181 763 2519 828 certiorem
2566 762 2799 839 facere,

859 850 1022 931 quin
1083 846 1412 912 hominem
1462 847 1676 930 magis
1733 847 2044 926 irritaret,
2104 858 2171 913 et
2213 869 2477 932 operam
2522 845 2799 930 luderet,

860 933 1250 1020 praesertim
1299 933 1493 1017 genio
1535 931 2008 1017 indulgentem,
2066 934 2227 1000 adeo
2284 945 2365 998 ut
2408 955 2489 999 ne
2535 952 2800 998 reversa

860 1019 1130 1104 quidem
1188 1017 1343 1100 quid
1400 1039 1440 1082 a
1497 1038 1566 1083 se
1614 1032 1873 1102 gestum
1928 1030 2101 1085 esset
2156 1040 2483 1102 exponere
2538 1034 2802 1101 propter

860 1105 1243 1171 ebrietatem
1288 1124 1363 1168 eo
1409 1104 1513 1167 die
1558 1104 1792 1168 marito
1835 1106 2142 1188 potuerit.
2205 1103 2427 1186 Quare
2470 1126 2672 1187 quum
2719 1103 2799 1168 ad

862 1190 1230 1256 naturalem
1299 1189 1744 1270 stupiditatem
1825 1191 2021 1254 etiam
2099 1191 2381 1256 ebrietas
2445 1187 2800 1267 accederet,

861 1297 1126 1361 operam
1190 1273 1456 1358 Abigail
1521 1275 1786 1340 lusisset
1850 1276 1903 1340 si
1965 1275 2296 1341 hominem
2353 1275 2805 1358 compellasset

864 1383 944 1427 eo
990 1374 1304 1445 tempore,
1349 1381 1544 1442 quam
1592 1363 1788 1425 etiam
1826 1361 1908 1426 ob
1951 1381 2214 1427 causam
2253 1361 2568 1426 abstinuit
2603 1382 2677 1425 eo
2701 1358 2804 1425 die

866 1446 1184 1530 colloquio
1221 1447 1442 1530 ipsius.
1484 1446 1591 1511 Ex
1625 1446 1861 1529 quibus
1891 1446 2214 1512 discamus
2237 1446 2454 1512 Deum
2492 1446 2803 1530 peculiari

866 1532 1144 1617 quodam
1203 1547 1384 1597 motu
1442 1552 1594 1595 suos
1650 1551 1897 1615 regere,
1957 1531 2118 1597 adeo
2173 1545 2251 1598 ut
2306 1534 2515 1597 multa
2560 1531 2690 1596 illis
2734 1532 2802 1596 in

868 1619 1144 1703 privatis
1222 1616 1612 1701 quibusdam
1679 1618 1865 1683 factis
1929 1631 2108 1685 certo
2173 1633 2469 1701 respectu
2547 1617 2804 1694 liceant,

868 1725 1037 1788 quae
1081 1704 1366 1784 alioquin
1403 1703 1546 1767 iure
1581 1724 1714 1768 non
1751 1705 2304 1787 permitterentur.
2351 1704 2521 1769 Nam
2560 1703 2615 1769 si
2641 1702 2829 1786 quis,¹

871 1788 1159 1873 exempli
1224 1788 1465 1873 gratia,
1551 1787 1844 1853 traheret
1908 1790 1975 1853 in
2044 1788 2417 1872 exemplum
2484 1787 2808 1872 Abigailis

869 1876 1149 1959 speciale
1181 1871 1360 1940 istud
1395 1873 1659 1956 factum,
1706 1885 1782 1939 ut
1815 1874 2151 1957 quibusvis
2196 1873 2583 1939 mulieribus
2619 1872 2803 1956 quid·

866 1963 967 2028 vis
993 1960 1071 2026 de
1095 1963 1476 2025 maritorum
1507 1957 1692 2025 bonis
1715 1959 1974 2026 auferre
2010 1960 2248 2041 liceret,
2292 1969 2423 2025 toto
2445 1980 2605 2026 sane
2627 1958 2805 2025 coelo

871 2044 1232 2123 aberraret,
1292 2059 1360 2111 et
1414 2065 1452 2108 a
1512 2045 1768 2110 ratione
1825 2049 2175 2111 recederet.
2264 2043 2805 2128 Quandoquidem

872 2133 1048 2199 enim
1093 2132 1368 2196 maritus
1412 2141 1512 2196 est
1554 2133 1776 2196 uxoris
1822 2143 2037 2215 caput,
2071 2132 2333 2196 mulieri
2371 2153 2499 2196 non
2548 2131 2701 2196 licet
2724 2130 2804 2195 ad

871 2217 1205 2284 libidinem
1254 2237 1435 2282 suam
1487 2216 1707 2282 mariti
1752 2216 1922 2282 bona
1968 2229 2263 2295 tractare,
2321 2227 2388 2282 et
2429 2214 2806 2300 dilapidare,

871 2301 1043 2388 quod
1080 2324 1250 2367 uxor
1291 2301 1400 2367 sit.
1482 2300 1654 2367 Nam
1713 2302 1994 2386 speciale
2037 2313 2136 2368 est
2176 2301 2499 2386 Abigailis
2547 2303 2808 2383 factum,

870 2409 1066 2471 quam
1112 2387 1466 2454 necessitas
1509 2387 1723 2470 coegit
1766 2398 2099 2453 maturare
2132 2410 2279 2454 cum
2316 2387 2695 2453 muneribus
2738 2389 2806 2451 in

871 2473 1154 2539 Davidis
1197 2492 1558 2549 occursum,
1603 2485 1669 2537 et
1714 2493 1914 2556 quam
1947 2472 2078 2539 Dei
2111 2475 2380 2557 spiritus
2414 2474 2486 2538 in
2531 2494 2607 2539 eo
2639 2474 2806 2538 facto

870 2559 1180 2643 privatim
1236 2559 1431 2624 etiam
1495 2558 1755 2623 direxit.
1836 2557 2278 2640 Quamobrem
2334 2560 2399 2624 in
2446 2557 2807 2626 extraordi-

872 2645 1079 2710 nariis
1122 2644 1269 2710 istis
1311 2643 1502 2710 factis
1547 2642 1875 2710 discamus
1912 2666 1951 2710 a
1987 2646 2129 2710 Deo
2172 2646 2549 2728 impetrare,
2593 2655 2667 2709 ut
2686 2665 2809 2709 nos

872 2739 1099 2795 sancto
1143 2750 1261 2794 suo
1306 2728 1546 2811 spiritu
1591 2742 1795 2813 regat,
1855 2742 1920 2794 et
1955 2730 2109 2813 quid
2154 2732 2323 2796 facto
2365 2731 2451 2796 sit
2491 2750 2654 2813 opus
2697 2728 2808 2793 do-

869 2825 1033 2884 ceat.
1078 2815 1251 2881 Nam
1296 2816 1421 2880 etsi
1444 2813 1573 2878 Dei
1609 2814 2017 2881 voluntatem
2052 2815 2121 2880 in
2167 2837 2407 2901 genere
2448 2837 2583 2881 non
2617 2816 2807 2899 igno-

870 2921 1108 2981 remus,
1169 2900 1488 2983 quaedam
1537 2908 1760 2965 tamen
1818 2901 1887 2965 in
1947 2900 2313 2967 istiusmodi
2357 2901 2544 2967 factis
2586 2911 2808 2967 extra·

870 2985 1221 3052 ordinariis
1264 2984 1567 3051 incidunt
1611 2986 2059 3068 difficultates,
2116 2988 2185 3052 in
2231 2985 2469 3070 quibus
2510 2984 2811 3069 specialis

867 3073 1078 3157 ipsius
1120 3074 1190 3137 in
1250 3069 1437 3137 nobis
1480 3071 1787 3155 regendis
1829 3074 2045 3158 gratia
2099 3072 2477 3156 requiritur,
2537 3085 2613 3138 ut
2655 3071 2809 3155 quid

869 3159 1041 3225 facto
1106 3158 1196 3223 sit
1249 3177 1414 3241 opus
1469 3157 1610 3240 ipse
1669 3156 1859 3224 nobis
1918 3170 2249 3244 suggerat,
2307 3178 2637 3240 manuque
2690 3178 2811 3223 sua

870 3252 1075 3329 regat.
1120 3244 1211 3308 Et
1252 3242 1524 3308 minime
1560 3241 1832 3308 dubium
1870 3257 1970 3309 est
2006 3243 2168 3328 quin
2190 3244 2377 3310 Deus
2410 3265 2531 3309 suo
2577 3265 2610 3309 s
2655 3244 2811 3308 iritu

870 3330 1181 3395 feminam
1230 3328 1401 3394 hanc
1440 3326 1791 3394 direxerit:
1835 3350 2032 3411 quam
2077 3331 2198 3395 etsi
2244 3350 2444 3412 supra
2485 3329 2595 3395 lau
2640 3329 2738 3395 ari
2774 3349 2815 3393 a

870 3414 1194 3499 singulari
1244 3411 1599 3498 prudentia
1654 3424 1722 3479 et
1774 3416 2080 3481 comitate
2130 3415 2534 3494 audivimus,
2594 3425 2812 3480 tamen

871 3501 1212 3566 mulierem
1250 3500 1450 3565 fuisse
1485 3520 1619 3564 non
1656 3500 2054 3583 ignoramus,
2091 3521 2166 3568 ac
2203 3499 2476 3584 proinde
2497 3501 2566 3565 in
2588 3500 2814 3567 multis

872 3589 1161 3669 potuisse
1224 3583 1390 3663 labi,
1466 3585 1594 3650 nisi
1652 3585 1838 3650 Deus
1904 3585 2088 3651 illam
2154 3586 2473 3671 singulari
2530 3585 2812 3669 quodam

874 3672 1144 3755 spiritus
1190 3671 1293 3738 sui
1336 3680 1516 3736 motu
1577 3671 2029 3754 gubernasset,
2088 3681 2156 3737 et
2197 3671 2350 3755 quid
2396 3693 2472 3736 eo
2519 3681 2813 3755 tempore

873 3756 1233 3839 expediret,
1278 3755 1431 3839 quid
1457 3756 1621 3821 utile
1643 3767 1834 3834 esset,
1879 3756 2342 3824 admonuisset.
2389 3755 2811 3840 Quandoqui-

875 3841 1024 3908 dem
1068 3842 1278 3925 igitur
1320 3841 1483 3906 haec
1525 3841 1617 3907 ita
1676 3863 1747 3907 se
1805 3842 2067 3927 habent,
2122 3842 2469 3925 Deumque
2512 3841 2815 3909 videmus

871 3927 1189 4013 peculiari
1234 3926 1512 4009 quodam
1558 3928 1870 3993 instinctu
1916 3930 2015 3995 sui
2061 3929 2329 4011 spiritus
2371 3928 2546 3994 hanc
2581 3927 2813 3994 mulie-

867 4035 1011 4080 rem
1056 4013 1327 4093 rexisse‚
1372 4010 1697 4079 discamus
1739 4034 1890 4079 eum
1935 4013 2317 4080 ardentibus
2359 4015 2528 4079 votis
2561 4034 2813 4099 rogare,

870 4109 948 4167 nt
990 4100 1046 4165 si
1091 4118 1257 4182 qnae
1317 4096 1668 4162 inciderint
1726 4098 2160 4178 difficultates,
2218 4122 2302 4165 ex
2345 4099 2476 4165 illis
2535 4121 2655 4166 nos
2698 4120 2812 4164 ex·

870 4183 1182 4271 pediendi
1227 4183 1554 4248 rationem
1597 4182 1857 4251 doceat:
1903 4207 2114 4269 neque
2157 4207 2279 4252 nos
2321 4185 2404 4250 ab
2447 4185 2655 4269 ipsius
2696 4206 2812 4252 vo·

870 4273 1128 4337 luntate
1171 4269 1278 4335 vel
1323 4269 1533 4334 latum
1582 4289 1870 4353 unguem
1915 4271 2219 4338 recedere
2261 4272 2456 4350 sinat,
2497 4270 2612 4338 sed
2635 4270 2813 4336 intra

871 4356 1309 4505 praescriiptcs
1353 4352 1540 4420 nobis
1584 4354 1828 4422 limites
1871 4359 2222 4437 contineat,
2261 4368 2330 4423 et
2360 4356 2433 4422 in
2466 4357 2673 4440 ipsius
2699 4354 2813 4422 ob-

870 4462 1095 4525 sequio
1183 4454 1397 4526 ing-at.

1044 4527 1371 4609 Deinceps
1406 4525 1706 4608 sequitur
1725 4523 2098 4610 Abigailem
2144 4529 2500 4595 occurrisse
2544 4528 2812 4608 Davidi,

871 4623 941 4681 et
982 4612 1376 4677 festinanter
1419 4608 1828 4678 descendisse
1874 4612 1954 4676 de
1998 4614 2199 4693 asino,
2245 4624 2314 4679 et
2354 4614 2810 4697 procedentem

872 4711 1025 4766 ante
1069 4696 1396 4764 Davidem
1450 4697 1520 4761 in
1574 4697 1805 4762 faciem
1852 4718 2037 4763 suam
2080 4700 2530 4767 incurvavisse
2565 4721 2636 4766 se
2680 4711 2810 4764 ter·

868 4805 1012 4851 ram
1056 4804 1323 4859 versus,
1384 4790 1452 4847 et
1508 4804 1579 4848 se
1635 4782 1717 4846 ad
1777 4783 1984 4866 ipsius
2040 4785 2236 4866 pedes
2293 4785 2679 4868 proiecisse,
2738 4804 2814 4850 ac

870 4872 1152 4954 primum
1214 4888 1480 4952 rogasse
1537 4878 1613 4932 ιιι
1666 4869 1734 4933 in
1780 4891 1851 4935 se
1908 4870 2115 4953 ipsam
2160 4871 2356 4936 istam
2399 4870 2811 4954 iniquitatem

869 4955 1189 5031 reiiceret,
1235 4952 1471 5018 deinde
1508 4956 1821 5020 maritum
1846 4955 2019 5040 apud
2043 4956 2325 5023 eundem
2369 4957 2809 5024 insimulasse.

870 5040 1051 5109 Sane
1106 5039 1189 5106 ad
1248 5039 1528 5104 Davidis
1600 5041 1891 5106 animum
1960 5040 2334 5108 leniendum
2400 5041 2812 5127 agnoscenda

869 5137 1013 5193 erat
1056 5125 1263 5208 culpa,
1323 5136 1390 5191 et
1433 5125 1842 5207 deprecanda
1885 5127 2100 5193 venia.
2148 5127 2372 5210 Quare
2412 5127 2697 5212 Abigail,
2741 5129 2811 5193 in

866 5234 939 5281 se
981 5212 1263 5297 primam
1306 5209 1481 5277 istud
1528 5223 1866 5294 peccatum
1911 5213 2234 5279 admittit:
2280 5212 2513 5281 deinde
2534 5234 2811 5280 munera

2522 314 2932 383 HOMILIA
2975 314 3126 382 XO.

4644 321 4735 388 548

2904 525 3027 570 sua
3069 504 3165 569 illi
3211 503 3422 582 offert,
3478 515 3553 570 ut
3593 524 3665 568 re
3710 504 3851 587 ipsa
3895 503 4114 569 David
4174 505 4575 587 experiretur,
4618 510 4742 577 nolle

2902 591 3112 674 ipsam
3157 590 3374 654 verbis
3432 590 3761 655 hominem
3817 588 4126 655 inanibus
4184 589 4428 667 ludere,
4479 590 4576 657 sed
4609 595 4741 662 factis

2903 678 3104 742 etiam
3162 686 3421 760 gratum
3481 696 3675 741 suum
3734 676 4023 739 animum
4074 676 4458 758 patefacere.
4526 678 4742 748 Tandem

2950 763 3253 830 rofitetur
3285 782 3356 827 se
3389 781 3740 844 agnoscere
3761 760 4081 825 Davidem
4121 761 4191 826 in
4232 760 4445 844 gratia
4476 783 4598 829 esse
4624 768 4742 849 apud

2970 869 3143 924 eum,
3189 859 3256 913 et
3298 846 3368 911 in
3411 847 3599 930 regni
3644 846 4117 930 possessionem
4162 846 4425 912 tandem
4456 859 4748 933 venturum,

2903 932 3425 1016 quandoquidem
3449 931 3634 997 Deus
3678 934 3769 996 ita
3806 930 4126 997 decrevit:
4174 930 4448 1016 deniqne
4481 933 4553 999 ad
4589 957 4748 1018 preces

2902 1021 3331 1084 convertitur.
3397 1015 3590 1099 Quod
3635 1026 3853 1082 autem
3888 1016 4151 1101 Abigail
4189 1018 4286 1083 ita
4327 1041 4399 1084 se
4439 1041 4626 1086 coram
4654 1020 4748 1086 Ds-

2903 1103 3055 1170 vide
3100 1103 3377 1182 demisit,
3438 1102 3689 1168 duabus
3724 1101 3805 1167 de
3848 1104 4058 1168 causis
4104 1103 4346 1169 factum
4392 1115 4503 1181 est,
4544 1126 4749 1187 quarum

2904 1191 3082 1274 prior
3139 1202 3241 1256 est
3298 1188 3472 1271 quod
3529 1188 3852 1254 Davidem
3911 1209 4028 1271 pro
4087 1209 4241 1272 rege
4300 1191 4603 1272 agnoscit,
4650 1193 4751 1256 licet

2904 1276 3195 1341 nondum
3254 1275 3499 1357 regiam
3569 1274 3961 1357 dignitatem
4028 1286 4201 1339 esset
4257 1274 4552 1358 adeptus:
4610 1299 4755 1359 neque

2905 1362 3080 1427 enim
3128 1374 3272 1425 erat
3327 1362 3558 1445 ignara
3617 1360 3942 1424 unctionis
3985 1359 4160 1424 illius
4205 1373 4268 1423 et
4310 1360 4756 1443 inaugurationis

2905 1468 3022 1531 per
3080 1446 3404 1513 Samuelis
3447 1446 3884 1510 ministerium
3939 1446 4177 1511 factae:
4232 1446 4629 1528 quamobrem
4669 1470 4758 1513 non

2906 1533 3170 1598 erubuit
3210 1531 3447 1597 mulier
3490 1530 3797 1614 opulenta
3818 1541 3885 1595 et
3917 1529 4150 1616 opibus
4190 1532 4627 1598 circumfluens
4654 1547 4759 1598 ante

2907 1617 3240 1683 Davidem
3282 1639 3425 1683 sese
3468 1617 3829 1692 demittere,
3890 1627 4032 1681 tum
4091 1614 4351 1699 quidem
4411 1617 4687 1683 miserum
4717 1629 4763 1683 et

2907 1724 3184 1787 egenum
3230 1717 3296 1768 et
3339 1701 3708 1786 profugum,
3751 1702 3867 1767 sed
3911 1703 4019 1768 cui
4063 1713 4282 1767 tamen
4327 1703 4506 1786 regia
4547 1703 4764 1787 dignitas

2907 1787 3035 1854 Dei
3082 1788 3390 1854 mandato
3436 1786 3810 1864 debebatur,
3866 1798 3945 1851 ut
3996 1788 4140 1871 regi
4184 1787 4478 1853 debitum
4522 1788 4762 1853 bonorem

2906 1873 3267 1941 exhiberet.
3333 1873 3564 1939 Altera
3607 1872 3777 1956 quod
3822 1873 4221 1938 existimavit
4263 1874 4483 1938 mariti
4522 1875 4765 1939 offensam

2905 1960 3060 2027 licet
3118 1980 3406 2043 gravem,
3462 1957 3584 2024 sibi
3644 1958 3988 2024 remissum
4046 1969 4115 2024 et
4170 1958 4651 2024 condemnatum
4695 1959 4765 2034 iri,

2906 2067 3101 2127 quam
3164 2046 3231 2109 in
3292 2065 3395 2121 se,
3454 2064 3825 2127 quanquam
3885 2044 4183 2127 ignaram
4243 2046 4429 2118 facti,
4487 2057 4767 2127 receperat.

2906 2131 3042 2196 Nos
3089 2132 3239 2196 hinc
3283 2132 3606 2196 discamus
3642 2150 3774 2194 non
3813 2129 4197 2195 erubescere
4238 2131 4294 2195 si
4340 2151 4464 2195 nos
4496 2129 4656 2195 Deus
4687 2130 4767 2194 ali·

2907 2218 3168 2300 quando
3226 2216 3517 2282 deiiciat:
3580 2228 3649 2280 et
3707 2215 3993 2280 maxime
4052 2215 4164 2297 qui
4222 2225 4384 2281 sunt
4436 2216 4502 2280 in
4555 2215 4771 2299 aliquem

2910 2302 3250 2388 dignitatis
3293 2300 3570 2385 gradum
3617 2300 3848 2381 evecti,
3891 2301 4143 2383 quoties
4165 2299 4308 2366 Deo
4346 2300 4645 2385 placuerit
4667 2301 4768 2365 illos

2888 2388 3254 2472 ,explorare
3289 2399 3356 2451 et
3397 2388 3465 2450 in
3512 2407 3654 2452 eam
3698 2384 4138 2452 conditionem
4173 2386 4474 2472 redigere
4506 2398 4575 2451 ut
4610 2404 4769 2453 coram

2911 2473 3367 2540 abiectioribus
3412 2492 3554 2537 sese
3590 2471 3932 2537 demittere
3974 2483 4309 2560 cogantur,
4356 2470 4641 2538 discunto
4674 2473 4769 2537 Deo

2913 2559 3164 2642 placide
3208 2556 3677 2642 obtemperare,
3719 2569 3788 2622 et
3826 2557 4142 2623 adversus
4176 2557 4522 2623 stimulum
4554 2579 4668 2622 non
4682 2555 4771 2622 cal·

2912 2647 3183 2712 citrare:
3228 2643 3344 2709 sed
3387 2644 3603 2726 quieto
3646 2653 3714 2709 et
3756 2641 4113 2726 tranquillo
4157 2644 4399 2719 animo,
4445 2644 4608 2726 quod
4646 2643 4774 2708 Deus

2913 2729 3295 2813 imposuerit
3314 2776 3331 2806 ,
3386 2731 3590 2808 ferre,
3647 2727 4167 2812 quandoquidem
4229 2728 4433 2794 talem
4496 2730 4623 2794 eius
4674 2745 4771 2792 esse

2916 2816 3318 2882 voluntatem
3381 2827 3658 2893 norunt,
3724 2825 3798 2879 ut
3861 2812 3945 2880 ad
4004 2813 4453 2880 humilitatem
4506 2836 4607 2881 eos
4652 2834 4773 2880 eom·

2912 2914 3176 3052 Ροῃαέι
3209 2985 3289 3052 de
3309 2984 3633 3071 Abigailis
3669 2983 3916 3084 virtute
3951 2985 4306 3052 hactenus:
4354 2981 4779 3083 sequitur-illius

2913 3072 3199 3138 effectus.
3287 3073 3577 3138 Tantum
3636 3092 3811 3136 emm
3869 3070 4042 3155 apud
4099 3068 4431 3137 Davidem
4494 3081 4690 3155 potuit,
4727 3079 4778 3131 ut

2914 3159 3200 3223 animum
3241 3158 3446 3240 ipsius
3486 3156 3781 3241 placarit,
3834 3167 3902 3222 et
3942 3154 4212 3222 Nabalia
4252 3157 4573 3221 offensam
4611 3153 4779 3220 oblite-

2915 3244 3098 3321 rarit,
3141 3265 3269 3326 qua
3312 3253 3702 3327 provocatus
3736 3241 3820 3307 ad
3862 3243 4027 3308 iram
4074 3242 4308 3308 fuerat.
4359 3243 4530 3308 Nam
4561 3238 4778 3308 etsiDu-

2915 3326 3027 3395 vid
3084 3330 3223 3413 ipse
3278 3327 3593 3395 Nabalem
3654 3348 3784 3394 non
3845 3340 4238 3405 accesserat,
4306 3339 4572 3412 propter
4620 3323 4779 3394 Saulis

2913 3430 3183 3493 metum,
3239 3436 3322 3479 ne
3381 3411 3683 3480 videlicet
3740 3413 3999 3479 Davide
4047 3413 4222 3478 inter
4278 3411 4582 3479 homines
4618 3423 4780 3494 aperte

2912 3512 3343 3566 conversante
3384 3499 3762 3566 iracundiae
3788 3497 4008 3566 Saulis
4051 3508 4274 3564 aestus
4313 3505 4779 3570 commoveretur,

2913 3586 3188 3651 nuncios
3245 3596 3464 3651 tamen
3530 3585 3615 3651 ad
3668 3584 3886 3669 ipsum
3943 3583 4244 3659 miserat,
4318 3605 4489 3669 quos
4543 3596 4779 3665 tanquam

2913 3692 3099 3738 suam
3152 3670 3363 3754 ipsius
3416 3691 3764 3755 personam
3817 3692 3857 3738 a
3897 3670 3963 3736 N
3964 3668 4148 3735 abale
4205 3667 4617 3754 excipiendos
4660 3664 4780 3731 arbi·

2914 3756 3232 3838 trabatur,
3288 3776 3438 3822 cum
3483 3754 3809 3822 mandatis
3843 3755 3944 3820 uti
3992 3755 4355 3821 salutatum
4396 3757 4609 3839 ipsum
4643 3752 4781 3819 benu-

2915 3842 3226 3908 dicerent.
3310 3841 3521 3909 Porro
3577 3841 3955 3907 Benedicere
4020 3839 4184 3905 illud
4242 3840 4427 3907 nihil
4479 3840 4639 3906 aliud
4682 3833 4780 3909 fni&

2914 3949 3112 4012 quam
3136 3926 3353 3994 Deum
3384 3928 3636 4011 precari
3679 3948 3798 4010 pro
3819 3927 3880 3993 N
3884 3924 4093 3992 abalis
4133 3925 4476 3994 felicitate.
4520 3916 4779 3993 Sedistud

2913 4035 3109 4081 omne
3161 4012 3374 4079 Nabal
3431 4013 3761 4092 reiiciens,
3834 4012 4033 4078 etiam
4085 4012 4575 4079 contumeliosis
4624 4007 4780 4076 verim

2914 4100 3182 4165 nuntios
3222 4099 3370 4164 illos
3412 4119 3778 4183 aggressus,
3823 4109 3891 4164 et
3910 4097 4234 4164 Davidem
4277 4098 4513 4165 multis
4551 4089 4781 4165 muntiis

2913 4205 3197 4252 onerans
3239 4205 3280 4249 a
3321 4205 3392 4250 se
3433 4184 3692 4268 repulit.
3781 4182 4230 4265 Quamobrem
4276 4184 4635 4269 Abigailem
4661 4179 4779 4244 bano

2913 4271 3175 4354 culpam
3239 4269 3579 4354 oportebat
3653 4271 3979 4336 contrario
4056 4269 4347 4335 remedio
4417 4290 4557 4336 com

2911 4357 3184 4439 ideoque
3228 4367 3364 4421 tam
3409 4355 3718 4421 modestis
3752 4367 3821 4421 et
3864 4353 4221 4420 humilibus
4255 4354 4480 4421 verbis
4512 4350 4774 4419 illamDn-

2913 4441 3131 4511 videm
3175 4441 3484 4507 affantem
3528 4441 3917 4519 audivimus,
3979 4452 4049 4504 et
4089 4440 4315 4506 mariti
4372 4440 4619 4526 culpam
4652 4436 4705 4502 in
4726 4449 4773 4496 ω

2913 4525 3649 4680 ἰξξιιιιιιᾶὲᾁέιιίιιοιιιθω.
3734 4527 3964 4626 Neque
4008 4547 4205 4677 vei-<b
4205 4525 4525 4677 sin-1512?
4560 4523 4620 4591 id
4605 4518 4773 4674 “Am

2913 4636 3038 4679 ei
3211 4633 4121 4696 1,seignorassem1ssosa
4208 4632 4409 4677 avie
4545 4632 4603 4676 m

2914 4699 3203 4782 nuntios,
3246 4717 3324 4764 ac
3365 4697 3638 4781 proinde
3660 4720 3731 4765 se
3767 4698 3918 4763 facti
3951 4696 4141 4763 istius
4162 4698 4460 4763 accusari
4494 4707 4772 4777 nonpooefl,

2913 4794 2988 4851 ut
3030 4785 3323 4869 plerique
3365 4783 3633 4850 mentiri
3666 4784 3899 4863 solent,
3942 4792 4020 4848 ut
4049 4783 4209 4848 alios
4230 4782 4511 4849 crimine
4552 4781 4770 4872 libeurit

2912 4870 3061 4936 Non
3108 4870 3200 4937 sic
3241 4869 3538 4953 Abigail:
3597 4869 3712 4936 sed
3768 4890 3969 4952 quum
4013 4866 4339 4935 Davidem
4400 4880 4597 4954 rogat,
4640 4875 4695 4929 ut
4724 4877 4767 4924 m

2913 4979 2984 5024 se
3026 4957 3237 5040 ipsam
3282 4955 3691 5038 iniquitatem
3713 4954 3895 5020 illam
3920 4954 4238 5032 coniiciat,
4282 4975 4357 5020 se
4401 4955 4597 5039 ipsam
4632 4965 4767 5032 spon·

2912 5062 3129 5108 sorem
3173 5062 3290 5125 pro
3324 5040 3555 5106 marito
3589 5051 3659 5106 et
3679 5050 3816 5106 tota
3849 5040 4094 5105 familia
4116 5039 4365 5106 Davidi
4402 5041 4597 5107 offert.
4634 5025 4768 5126 Quo}

2914 5140 3134 5194 autem
3177 5126 3639 5211 impunitatem
3682 5139 3923 5210 sperat,
3963 5124 4241 5192 Davidis
4286 5121 4654 5192 humanitati
4690 5133 4767 5181 tn·

2914 5216 3075 5295 buit,
3132 5210 3405 5296 ideoque
3448 5210 3799 5279 admissam
3841 5211 4256 5296 iniquitatem
4300 5231 4345 5278 a
4384 5212 4607 5280 marito
4638 5205 4693 5272 in
4721 5217 4767 5266 υ
