5059 6059
775 341 911 409 695

781 556 825 600 a
867 533 1009 600 cibo
1055 539 1124 596 et
1181 543 1337 614 potu
1396 551 1513 614 per
1568 528 1811 596 multos
1868 530 2027 597 dies.
2116 530 2329 597 Prout
2384 531 2561 596 enim
2618 542 2733 595 aer

789 620 1074 688 crassior
1120 629 1220 680 est
1279 617 1347 681 in
1396 617 1541 681 istis
1583 615 1961 700 regionibus
2018 638 2214 700 quam
2274 618 2341 682 in
2400 616 2732 682 orientali-

784 707 929 785 bus,
985 703 1270 788 largiore
1329 701 1471 767 cibo
1529 712 1596 766 et
1647 716 1805 786 potu
1864 703 2257 787 indigemus.
2359 704 2567 769 Porro
2629 702 2734 768 hic

786 792 889 858 vir
931 789 1307 873 Aegyptius
1353 789 1589 852 dicitur
1634 790 1860 853 morbo
1904 799 1967 854 et
2012 791 2181 854 fame
2227 790 2389 855 adeo
2427 789 2735 871 deiectus,

786 892 861 943 ut
918 876 1096 957 loqui
1157 896 1288 939 non
1349 874 1666 957 potuerit,
1727 872 1933 940 donec
1989 886 2252 959 sumpto
2312 876 2531 958 aliquo
2589 874 2735 940 cibo

785 962 1131 1029 restitutus
1175 970 1348 1026 esset
1391 960 1453 1024 ei
1498 961 1775 1026 animus.
1862 959 2096 1043 Itaque
2154 983 2354 1045 quum
2400 960 2737 1026 dedissent

788 1046 849 1114 ei
896 1066 1130 1130 panem
1178 1059 1251 1111 ut
1307 1047 1699 1123 comederet,
1769 1056 1835 1110 et
1901 1047 2064 1113 duas
2130 1068 2295 1113 uvas
2360 1068 2603 1131 passas,
2673 1055 2739 1109 et

789 1154 1027 1217 aquam
1075 1144 1154 1196 ut
1197 1132 1465 1210 biberet,
1522 1130 1765 1196 Davidi
1824 1133 2035 1215 ipsum
2095 1133 2526 1215 interroganti
2604 1153 2739 1196 res-

790 1220 1019 1305 pondit
1082 1240 1152 1283 se
1220 1238 1491 1299 puerum
1543 1219 1939 1302 Aegyptium
2023 1240 2197 1297 esse,
2273 1240 2539 1284 servum
2607 1218 2736 1282 viri

791 1305 1213 1383 Amalecitae,
1273 1302 1650 1369 derelictum
1699 1306 1779 1367 ab
1825 1304 1905 1369 iis
1947 1305 2150 1387 copiis
2194 1326 2360 1388 quae
2403 1308 2740 1369 irruerant

792 1394 860 1456 in
899 1392 1228 1472 regionem
1275 1399 1341 1452 et
1383 1399 1665 1455 tractum
1712 1389 1896 1453 illum
1937 1390 2370 1455 meridianum
2405 1390 2630 1469 Iudae,
2676 1399 2741 1453 et

794 1478 1024 1542 urbem
1072 1474 1333 1559 Siceleg
1387 1476 1540 1558 igne
1583 1474 2093 1540 combusserant.
2181 1475 2315 1543 Sed
2374 1478 2740 1559 interroga-

795 1575 905 1627 tus
970 1583 1009 1625 a
1063 1560 1326 1626 Davide
1392 1561 1500 1625 ubi
1568 1561 1697 1624 iam
1756 1573 1976 1626 essent
2038 1563 2455 1637 Amalecitae,
2522 1572 2590 1625 et
2654 1581 2739 1625 an

795 1659 1018 1732 posset
1059 1648 1272 1730 ipsum
1321 1646 1401 1710 ad
1448 1646 1624 1710 illam
1675 1647 1929 1712 turbam
1977 1646 2314 1723 deducere,
2363 1648 2627 1732 negavit
2670 1667 2743 1710 se

799 1732 1262 1808 indicaturum,
1285 1733 1408 1796 nisi
1433 1734 1613 1815 prius
1635 1731 1857 1797 David
1884 1733 2305 1799 iureiurando
2329 1734 2739 1811 affirmasset,

798 1840 870 1885 ee
916 1839 1124 1902 neque
1167 1838 1318 1883 eum
1363 1818 1881 1899 interfecturum,
1938 1841 2150 1903 neque
2207 1821 2276 1884 in
2324 1841 2590 1885 manum
2639 1820 2738 1883 sui

797 1904 1042 1969 domini
1101 1903 1515 1969 traditurum.
1620 1904 1816 1985 Quod
1871 1928 2068 1988 quum
2138 1906 2263 1990 ipsi
2325 1905 2536 1970 David
2593 1926 2740 1989 pro-

796 1993 1102 2073 misisset,
1147 1988 1472 2054 Davidem
1519 1998 1585 2054 et
1626 1991 1871 2054 milites
1909 1992 2111 2075 ipsius
2149 1991 2228 2057 ad
2270 1992 2556 2056 hostium
2605 2004 2742 2055 tur-

800 2076 951 2141 bam
999 2074 1293 2139 deduxit.
1336 2075 1546 2140 Porro
1592 2075 1831 2142 dicitur
1877 2078 2093 2142 David
2144 2079 2476 2142 invenisse
2524 2078 2745 2141 hostes

798 2161 1149 2244 dissipatos
1191 2163 1263 2226 in
1302 2172 1435 2226 tota
1472 2163 1816 2246 superficie
1852 2163 2029 2228 illius
2053 2174 2284 2239 terrac,
2330 2163 2746 2229 comedentes

798 2259 866 2314 et
946 2248 1263 2324 bibentes,
1342 2257 1410 2313 et
1477 2248 1909 2332 tripudiantes
1975 2249 2054 2315 de
2121 2261 2255 2315 tota
2321 2249 2565 2334 praeda
2632 2248 2745 2312 illa

800 2354 1044 2415 magna
1086 2354 1282 2416 quam
1329 2346 1673 2416 ceperant:
1720 2356 1871 2399 nam
1919 2335 2017 2399 illi
2063 2336 2330 2401 minime
2366 2334 2748 2399 metuebant

799 2418 923 2485 sibi
968 2440 1005 2482 a
1053 2418 1330 2497 Davide,
1388 2434 1453 2482 et
1499 2430 1804 2503 tanquam
1863 2418 1992 2486 iam
2040 2433 2228 2504 parta
2273 2421 2547 2487 victoria
2590 2419 2746 2485 laeti

806 2505 1325 2589 triumphabant,
1370 2514 1440 2570 et
1482 2507 1674 2590 genio
1718 2507 2184 2591 indulgebant:
2231 2519 2305 2572 ut
2342 2507 2526 2572 facile
2553 2506 2745 2572 fuerit

798 2590 1047 2657 Davidi
1090 2592 1158 2653 in
1205 2590 1379 2672 ipsos
1421 2591 1740 2674 impetum
1798 2594 2027 2671 facere,
2088 2604 2152 2658 et
2198 2614 2361 2677 quos
2405 2588 2747 2676 inopinato

799 2678 1155 2754 invaserat,
1198 2676 1564 2760 profligare,
1625 2688 1692 2742 et
1737 2700 1866 2743 una
1922 2679 2369 2746 internecione
2410 2678 2493 2744 ad
2539 2700 2742 2743 unum

800 2782 1028 2828 omnes
1084 2762 1321 2839 delere,
1375 2764 1663 2846 exceptis
1724 2764 2222 2850 quadringentis
2268 2765 2430 2830 viris
2485 2765 2596 2848 qui
2642 2765 2743 2828 in·

799 2848 1092 2913 sidentes
1150 2847 1414 2913 camelis
1473 2849 1886 2933 aufugerunt.
1978 2853 2377 2917 Amalecitae
2437 2871 2593 2934 ergo
2647 2849 2744 2914 illi

801 2934 1128 3018 fugientes
1185 2935 1550 3017 aequabant
1593 2957 1939 3002 numerum
1986 2958 2211 3002 eorum
2260 2937 2374 3020 qui
2419 2935 2742 3002 Davidem

801 3020 1261 3103 sequebantur.
1307 3020 1414 3084 Ex
1450 3042 1576 3104 quo
1620 3034 1893 3108 apparet
1935 3024 2269 3108 ingentem
2320 3024 2517 3087 fuisse
2562 3043 2744 3087 exer·

802 3107 1004 3172 citum
1053 3106 1562 3171 Amalecitarum
1606 3129 1803 3191 quum
1848 3109 2227 3192 praesertim
2275 3130 2313 3173 a
2359 3108 2744 3192 crepusculo

803 3192 886 3257 ad
945 3211 1290 3273 vesperam
1352 3192 1673 3275 praelium
1735 3195 2091 3260 duraverit.
2180 3195 2358 3261 Hinc
2401 3196 2621 3279 itaque
2663 3194 2744 3258 fit

802 3277 1014 3361 magis
1100 3279 1521 3360 conspicuum
1600 3279 1922 3347 Davidem
2017 3301 2166 3346 cum
2248 3281 2744 3364 quadringentis

804 3362 1178 3429 hominibus
1238 3384 1468 3427 ausum
1530 3366 1778 3448 praelio
1823 3366 2089 3452 aggredi
2137 3376 2271 3431 tam
2319 3386 2745 3431 numerosum

804 3451 1168 3515 exercitum
1227 3448 1296 3513 in
1344 3448 1487 3515 Deo
1543 3472 1725 3535 spem
1786 3474 1970 3518 suam
2030 3453 2345 3536 posuisse,
2392 3473 2604 3536 neque
2649 3462 2744 3515 te·

804 3534 1102 3600 meritate
1168 3533 1526 3617 quidquam
1592 3559 2007 3623 aggressum,
2082 3539 2193 3603 sed
2263 3560 2377 3621 spe
2435 3538 2745 3604 victoriae

804 3641 996 3705 quam
1064 3619 1162 3684 illi
1218 3619 1402 3687 Deus
1472 3637 1615 3688 erat
1682 3624 2028 3707 pollicitus.
2131 3624 2363 3706 Itaque
2421 3623 2748 3708 superatis

806 3704 1190 3772 Amalecitis
1249 3727 1352 3770 res
1409 3730 1564 3774 suas
1615 3711 2049 3793 recuperavit,
2104 3720 2171 3773 et
2212 3730 2515 3794 magnam
2565 3730 2747 3792 prae·

808 3790 960 3856 dam
1020 3791 1190 3854 fecit.
1279 3791 1410 3858 Hic
1463 3817 1620 3862 vero
1676 3797 1741 3860 in
1805 3796 2033 3878 primis
2091 3795 2569 3861 observandum
2620 3817 2744 3859 non

807 3899 963 3944 casu
1040 3886 1154 3940 aut
1221 3876 1491 3945 fortuito
1546 3881 1871 3946 Davidem
1944 3882 2012 3946 in
2085 3881 2271 3946 illum
2348 3882 2744 3966 Aegyptium

808 3962 1135 4038 incidisse,
1195 3961 1309 4026 sed
1356 3965 1479 4030 Dei
1525 3967 1934 4050 providentia
1976 3968 2218 4033 factum
2266 3968 2487 4033 fuisse.
2555 3965 2748 4033 Unde

809 4049 1177 4133 colligimus
1221 4048 1531 4133 quidquid
1580 4053 1766 4119 nobis
1811 4053 2065 4121 accidit.
2114 4075 2241 4118 non
2289 4054 2429 4119 sine
2464 4054 2586 4118 Dei
2635 4073 2748 4117 vo-

806 4136 1064 4201 luntate
1120 4142 1187 4198 et
1242 4136 1512 4201 consilio
1570 4141 1741 4204 fieri:
1804 4161 1954 4203 nam
2014 4142 2134 4205 etsi
2183 4150 2300 4204 aut
2350 4160 2568 4205 casum
2617 4130 2770 4203 for-‘

813 4222 1055 4287 tuitum
1104 4228 1218 4284 aut
1260 4222 1559 4288 accidens
1605 4225 1875 4290 dicimus
1919 4225 2238 4308 quidquid
2283 4236 2396 4289 aut
2441 4224 2595 4289 boni
2640 4240 2753 4290 aut

814 4306 1072 4372 adversi
1149 4308 1526 4391 contigerit:
1597 4310 2010 4376 statuendum
2079 4322 2295 4376 tamen
2364 4320 2466 4375 est
2513 4332 2755 4375 arcana

813 4394 939 4461 Dei
967 4392 1255 4457 bonitate
1279 4406 1343 4457 et
1368 4397 1636 4461 consilio
1664 4397 1799 4479 regi
1829 4418 2249 4480 quaecunque
2277 4397 2462 4462 nobis
2490 4397 2756 4462 fortuita

816 4479 1143 4545 videntur.
1215 4478 1501 4546 Fortuiti
1547 4484 1722 4548 enim
1769 4502 1954 4547 casus
2004 4482 2384 4547 hominibus
2430 4482 2754 4560 dicuntur,

814 4567 986 4648 quod
1049 4563 1178 4627 Dei
1236 4568 1715 4647 providentiam
1774 4569 1932 4652 ipsis
1998 4570 2314 4634 occultam
2385 4591 2515 4633 non
2583 4591 2759 4633 com-

816 4650 1243 4735 prehendant.
1326 4652 1799 4719 Verumtamen
1846 4655 1967 4719 etsi
2012 4674 2165 4719 casu
2213 4655 2455 4737 aliquid
2503 4658 2760 4719 contin-

819 4757 973 4822 gere
1029 4735 1213 4799 nobis
1271 4737 1564 4822 dicimus,
1619 4763 1703 4805 ne
1762 4751 1981 4805 tamen
2041 4740 2202 4805 adeo
2247 4741 2486 4824 stupidi
2535 4743 2756 4816 simus,

820 4836 893 4887 ut
952 4822 1163 4885 Deum
1237 4823 1301 4887 in
1367 4826 1563 4892 coelis
1628 4826 1912 4891 dormire
1978 4838 2312 4909 putemus:
2379 4827 2761 4909 nullamque

820 4919 1226 4973 terrenarum
1275 4931 1490 4976 rerum
1539 4934 1760 4978 curam
1811 4911 2066 4977 habere.
2157 4912 2492 4995 Quidquid
2541 4915 2763 4995 itaque

818 4994 1067 5061 sinistri
1127 5007 1237 5059 aut
1302 4996 1449 5062 boni
1512 5001 1873 5084 contigerit,
1932 5008 2269 5063 teneamus
2329 4999 2539 5063 Deum
2597 4998 2760 5063 illud

819 5082 1208 5161 immittere,
1276 5082 1379 5147 vel
1450 5096 1759 5168 tanquam
1827 5086 2069 5149 favoris
2135 5095 2202 5148 et
2266 5085 2761 5149 benevolentiae

820 5187 984 5248 erga
1040 5188 1162 5231 nos
1220 5171 1515 5253 signum,
1591 5171 1695 5234 vel
1756 5180 2063 5253 tanquam
2124 5171 2582 5243 coercitionem
2645 5170 2763 5234 ali·

818 5273 1015 5337 quam
1076 5256 1261 5336 quasi
1319 5278 1358 5319 a
1415 5257 1600 5323 nobis
1654 5257 1881 5323 faciem
1944 5256 2309 5324 avertisset.
2397 5254 2577 5321 Sane
2638 5257 2762 5323 nisi

2466 339 2885 407 HOMILIA
2940 341 3121 407 OIV.
4591 346 4674 411 effi

2836 531 2960 597 hoc
3025 551 3258 598 servus
3323 529 3433 596 ille
3476 530 3838 596 Abrahami
3905 529 4121 593 animo
4184 548 4304 593 suo
4369 530 4579 610 penitus
4611 536 4682 600 'm-

2835 616 3109 698 fixisset,
3157 638 3282 682 non
3320 615 3593 681 dixisset
3620 637 3820 700 quum
3849 615 4364 698 proficisceretur
4400 613 4468 678 ad
4493 637 4680 686 uxorem

2835 701 3063 768 Isaaco
3122 704 3367 768 domini
3426 703 3527 767 sui
3585 704 3720 767 filio
3776 700 4252 783 quaerendam,
4322 698 4487 764 Deus
4536 706 4686 771 mittet

2836 787 2920 854 ad
2953 810 3055 854 me
3092 810 3283 871 quam
3318 788 3452 854 filio
3485 789 3624 853 heri
3663 789 3790 852 mei
3830 786 4215 852 destinavit:
4258 785 4371 850 sed
4405 807 4686 869 persuasum

2837 873 3068 940 habuit
3110 874 3325 940 Deum
3376 876 3492 957 ipsi
3541 874 3938 939 directurum
3985 893 4129 937 eam
4157 871 4356 936 filiam
4383 872 4687 943 cuiusnam

2839 962 2907 1024 in
2967 982 3109 1025 eam
3174 962 3504 1044 regionem
3551 971 3852 1037 venerat,
3913 959 3982 1021 in
4025 979 4154 1040 qua
4199 970 4496 1039 tanquam
4533 982 4693 1029 caecus

2839 1054 2907 1111 et
2964 1049 3350 1130 peregrinus
3413 1045 3827 1121 versabatur,
3889 1054 3957 1107 et
4001 1045 4141 1108 sine
4188 1043 4313 1106 Dei
4360 1045 4572 1110 auxilio
4605 1069 4691 1114 non

2839 1142 3095 1216 poterat
3138 1153 3280 1198 eam
3341 1154 3470 1215 qua
3525 1132 3646 1198 sibi
3707 1152 3873 1213 opus
3927 1139 4070 1194 erat
4110 1142 4368 1213 gratam
4409 1130 4700 1198 Abi-aliano

2842 1239 3083 1282 nurum
3129 1219 3448 1283 invenire.
3505 1217 3948 1299 Quamobrem
3993 1216 4116 1279 etsi
4164 1215 4267 1278 vel
4315 1215 4488 1280 nobis
4523 1217 4700 1299 incogi-

2843 1304 3152 1389 tantibus,
3213 1305 3317 1369 vel
3366 1303 3908 1369 extraordinariis
3962 1299 4174 1366 modis
4223 1301 4405 1365 Deus
4445 1302 4706 1369 nobiseum

2841 1400 3012 1473 agat,
3058 1390 3182 1455 hoc
3226 1401 3442 1455 tamen
3491 1389 3812 1474 principio
3847 1388 3963 1451 niti
4001 1408 4120 1451 nos
4155 1397 4428 1470 oportet,
4467 1389 4705 1470 quidquid

2843 1479 3129 1542 faustum
3191 1476 3377 1541 nobis
3437 1498 3519 1540 ex
3586 1475 3940 1558 improviso
3998 1473 4389 1547 occurrerit,
4451 1475 4707 1557 singulare

2845 1563 3291 1628 testimonium
3351 1583 3491 1627 esse
3547 1561 3809 1627 divinae
3855 1577 4012 1641 erga
4057 1580 4174 1623 nos
4218 1559 4534 1634 bonitatis,
4581 1562 4713 1642 quasi

2847 1671 3045 1713 manu
3102 1671 3221 1713 sua
3280 1647 3518 1712 bonum
3581 1645 3744 1711 illud
3804 1645 3885 1709 ad
3950 1665 4064 1709 nos
4110 1644 4517 1710 deducentis:
4554 1658 4713 1709 eoum

2846 1756 3003 1800 vero
3050 1735 3244 1798 etiam
3291 1734 3348 1797 si
3395 1732 3568 1815 quod
3610 1732 4066 1805 infortunium,
4114 1728 4287 1812 quod
4337 1742 4579 1801 vocant.
4615 1752 4720 1795 oon·

2848 1822 3101 1905 tigerit,
3171 1819 3615 1884 testimonium
3686 1816 3849 1882 illud
3925 1827 4065 1881 esto
4122 1815 4389 1880 divinae
4448 1816 4719 1889 vindictae,

2848 1928 2968 1972 nos
3027 1904 3390 1989 punientis:
3451 1903 3619 1987 quod
3672 1905 3887 1986 ipsum
3938 1922 4065 1966 non
4110 1903 4638 1984 quaesiverimus,
4685 1914 4728 1965 a

2848 1994 2988 2077 ipse
3033 2014 3073 2057 a
3118 1993 3304 2057 nobis
3349 1992 3670 2056 alienatus
3715 1990 3806 2054 sit
3849 2000 4239 2071 tergumque
4280 1987 4580 2054 abvertit.
4625 1988 4726 2052 Hoc

2846 2078 3052 2163 igitur
3114 2075 3656 2143 considerandum
3717 2075 3790 2138 in
3854 2076 3978 2137 isto
4041 2074 4413 2157 Aegyptio,
4472 2075 4538 2137 in
4594 2094 4730 2155 quem

2848 2167 3015 2231 forte
3060 2162 3338 2228 Davidis
3403 2162 3645 2227 milites
3710 2159 4099 2225 inciderunt.
4186 2159 4365 2223 Nam
4427 2161 4545 2222 etsi
4590 2180 4731 2224 causa

2848 2249 3163 2334 quaedam
3225 2260 3528 2332 apparet,
3595 2249 3860 2312 morbus
3920 2245 4228 2309 nimirum
4293 2254 4558 2327 propter
4595 2264 4734 2327 quem

2847 2337 2931 2402 ab
2990 2335 3148 2400 hero
3191 2334 3542 2399 derelictus
3588 2345 3770 2413 erat,
3836 2342 3904 2395 et
3947 2332 4149 2395 trium
4200 2329 4463 2395 dierum
4501 2332 4579 2395 ab
4613 2330 4735 2393 omni

2848 2422 2992 2490 cibo
3060 2432 3127 2487 et
3186 2432 3340 2505 potu
3387 2419 3812 2496 abstinentia,
3873 2427 3949 2480 ut
3986 2417 4177 2481 morti
4224 2418 4570 2500 proximus
4603 2426 4735 2495 esset,

2852 2520 3069 2574 tamen
3133 2527 3362 2572 causas
3431 2506 3590 2572 istas
3657 2504 3987 2569 naturales
4030 2502 4215 2567 Deus
4284 2503 4652 2580 coniunxit,
4699 2514 4740 2563 ut

2850 2593 3177 2658 Davidem
3246 2593 3490 2656 faceret
3554 2592 3896 2656 certiorem
3963 2586 4044 2651 de
4111 2589 4401 2653 victoria
4469 2608 4647 2670 quum
4680 2584 4737 2649 iffi

2852 2680 3078 2744 divino
3141 2678 3403 2744 oraculo
3461 2676 3821 2760 promissus
3866 2677 4114 2750 fuerat,
4184 2675 4332 2738 fore
4383 2674 4672 2737 nimirum
4704 2682 4747 2733 ut

2852 2766 3070 2832 hostes
3115 2776 3568 2847 assequeretur
3610 2774 3678 2826 et
3721 2762 4118 2845 profligaret.
4165 2758 4371 2824 Fecit
4402 2760 4602 2842 igitur
4619 2757 4744 2820 Deus

2851 2861 2926 2918 ut
2969 2850 3075 2915 hic
3120 2872 3281 2934 puer
3325 2851 3394 2913 in
3440 2848 3737 2913 morbum
3782 2847 4116 2923 incideret,
4162 2845 4422 2911 deinde
4469 2845 4752 2926 deliquium

2850 2937 3050 3004 animi
3099 2948 3433 3020 pateretur
3495 2934 3700 2999 donec
3742 2935 3808 2996 in
3859 2932 4098 2996 milites
4144 2932 4505 3008 incideret,
4568 2942 4626 2992 et
4659 2930 4752 2992 ani-

2851 3046 2998 3089 mus
3045 3024 3100 3086 ei
3150 3023 3626 3095 restitueretur,
3675 3030 3748 3083 ut
3786 3017 4030 3082 Davidi
4076 3016 4212 3081 dux
4265 3030 4482 3093 esset,
4527 3017 4755 3081 stimer-

2852 3112 3020 3174 viret
3052 3107 3135 3172 ad
3172 3129 3336 3190 opus
3366 3106 3533 3190 quod
3575 3106 3756 3171 Deus
3786 3104 4204 3168 decreverat:
4257 3101 4755 3186 quemadmodum

2850 3197 2947 3261 uti
3005 3195 3170 3259 solet
3214 3194 3397 3259 Deus
3462 3192 3657 3256 rebus
3714 3191 4017 3255 omnibus
4074 3190 4339 3255 creatis
4401 3189 4490 3253 ad
4555 3202 4756 3253 suorum

2846 3282 3147 3359 salutem,
3183 3288 3375 3362 prout
3415 3279 3536 3361 ipsi
3574 3277 3888 3360 placuerit
3923 3277 4489 3358 promovendam.
4536 3272 4764 3351 Deuiqm

2847 3367 3353 3452 quotiescunque
3421 3364 3605 3429 nobis
3674 3363 3773 3427 vel
3833 3362 4074 3426 nostris
4119 3361 4597 3426 laborantibus
4636 3358 4760 3421 Dens

2848 3453 3204 3519 auxiliatus
3243 3451 3457 3525 fuerit,
3493 3451 3779 3514 sciamus
3801 3469 3951 3513 eum
3983 3448 4188 3511 nostri
4215 3450 4592 3512 misertum
4613 3444 4765 3509 faisse.

2847 3549 2914 3605 et
2974 3537 3161 3603 nobis
3219 3534 3647 3601 stertentibus
3704 3535 3770 3598 in
3820 3545 4110 3598 nostram
4169 3534 4487 3598 salutem
4549 3530 4764 3614 vigilm

2849 3636 2916 3689 et
2971 3633 3336 3706 opportuno
3393 3631 3684 3704 tempore
3751 3632 4009 3704 praeter
4073 3621 4408 3683 omnium
4475 3618 4768 3701 opinionon

2850 3710 3167 3778 auxilium
3216 3709 3404 3787 ferre,
3447 3721 3513 3771 et
3559 3716 3818 3771 nostrae
3865 3705 4246 3770 necessitati
4301 3722 4688 3770 succurrere.

3021 3795 3212 3876 Quod
3274 3815 3428 3858 vero
3486 3815 3650 3876 puer
3691 3792 3804 3856 ille
3849 3792 4250 3876 Aegyptius,
4333 3812 4558 3874 neque
4597 3810 4658 3852 se
4691 3785 4771 3849 D*

2853 3882 3065 3947 videm
3114 3880 3194 3946 ad
3243 3880 3463 3944 hostes
3508 3878 3964 3951 deducturum,
4013 3898 4238 3959 neque
4287 3879 4417 3941 ubi
4463 3890 4768 3966 essetexer

2851 3971 3019 4035 citus
3063 3967 3498 4032 indicat-urum
3551 3964 3724 4041 dicit,
3787 3963 3992 4027 donec
4037 3964 4455 4028 iuramento
4505 3985 4574 4028 se
4621 3952 4769 4024 Dm!

2854 4054 3310 4129 obstrinxerit,
3370 4072 3450 4115 ex
3499 4072 3575 4115 eo
3621 4058 3892 4132 apparet
3935 4060 4185 4132 quanto
4241 4050 4328 4113 in
4393 4050 4608 4133 pretio
4642 4046 4768 4109 etim

2855 4140 3023 4223 apud
3071 4137 3440 4202 incredulos
3484 4148 3550 4200 et
3572 4135 3879 4218 profanos
3901 4134 4032 4199 Dei
4077 4155 4354 4200 nomen
4407 4135 4629 4201 fuerit.
4665 4129 4767 4196 Nm

2858 4246 3020 4301 ecce,
3061 4225 3260 4288 miser
3298 4223 3421 4287 iste
3448 4223 3814 4306 Aegyptius
3845 4221 4011 4303 legis
4048 4233 4113 4283 et
4155 4223 4543 4303 religionis
4568 4226 4766 4301 ignum

2859 4313 3169 4377 miserum
3217 4309 3611 4389 mancipium
3661 4308 3772 4390 qui
3817 4328 3856 4371 a
3903 4306 4298 4371 latronibus
4351 4328 4438 4373 eo
4485 4298 4766 4371 fuerat&-

2861 4399 3112 4474 ductus,
3171 4393 3349 4480 (nam
3401 4394 3798 4459 Amalecitae
3865 4414 3995 4457 non
4056 4392 4279 4457 aliter
4355 4415 4562 4475 quam
4605 4392 4769 4485 Arabe}

2861 4493 2976 4549 aut
3035 4483 3279 4564 piratae
3346 4479 3602 4563 praedis
3672 4490 3739 4542 et
3799 4479 4045 4560 rapinis
4097 4480 4346 4544 vitam
4431 4476 4764 4564 quaerebant

2863 4570 3142 4650 denique
3201 4566 3636 4630 semibrutum
3713 4564 4147 4629 nihilominus
4257 4566 4498 4631 divini
4577 4562 4764 4628 nomiffifl

2863 4665 3046 4719 tanta
3103 4653 3474 4717 reverentia
3534 4659 3825 4728 tenetur,
3884 4660 3957 4714 ut
3999 4650 4424 4716 iuramento
4467 4650 4758 4736 praestan·

2863 4738 3123 4805 Davide
3169 4738 3367 4802 vitam
3415 4758 3600 4803 suam
3647 4745 3712 4800 et
3755 4736 4034 4801 salutem
4081 4740 4528 4803 committat.
4587 4738 4762 4810 Exqffl

2866 4826 3089 4890 videre
3147 4844 3519 4906 possumus,
3585 4844 3692 4887 eos
3759 4823 3868 4904 qui
3918 4821 4041 4886 Dei
4099 4843 4369 4887 veram
4421 4822 4760 4907 cognitionem

2866 4931 3196 4993 nunquam
3260 4910 3663 4975 habuerunt.
3731 4908 4180 4972 nihilominus
4237 4912 4506 4975 animis
4547 4932 4583 4973 a
4621 4916 4764 4996 mm?

2866 4996 3252 5080 principium
3285 4995 3606 5079 quoddam
3634 4994 3910 5058 insitum
3937 4993 4282 5061 habuisse
4315 4997 4536 5062 divini
4561 4992 4761 5059 numina

2866 5094 2939 5148 ut
2984 5084 3363 5167 praestitum
3401 5081 3842 5145 iuramentum
3879 5081 4083 5162 ipsius
4135 5085 4451 5149 nomine
4495 5086 4762 5149 censaet²¹²

2868 5190 3010 5234 esse
3069 5178 3376 5250 tanquam
3444 5166 3687 5251 pignus
3730 5186 3860 5249 quo
3908 5167 4196 5248 negotia
4250 5171 4492 5234 omnia
4535 5164 4760 5232 interbv·

2869 5256 3079 5320 mines
3137 5253 3549 5320 dirimantur.
3636 5250 3831 5333 Quod
3889 5252 4097 5335 igitur
4180 5260 4415 5323 miser
4481 5257 4593 5324 iste
4637 5250 4758 5315 vim
