5059 6059
255 327 360 392 357

251 515 420 581 hodie
471 513 704 581 vitium
759 516 1084 600 frequens.
1173 515 1349 600 Quid
1409 520 1502 584 ita
1561 541 1733 595 vero,
1796 522 1920 586 nisi
1979 520 2154 605 quod

1542 328 1642 396 IN
1688 331 1742 397 1.
1790 331 1972 398 LIB.
2009 331 2411 403 SAMUEL.
2480 335 2681 403 cAP.
2725 336 2884 405 XX.

4065 346 4195 414 358

2200 530 2207 637 Ῑ
2259 545 2372 590 nos
2417 525 2615 609 longe
2658 526 3058 591 contrarium
3098 526 3205 593 hic
3239 530 3537 612 exemplo
3570 551 3689 597 suo
3722 531 3947 598 David
3984 533 4191 615 docet,

251 601 446 666 Deum
481 620 779 683 praeesse
814 603 1260 669 contractibus
1295 604 1378 670 iis
1399 606 1701 671 omnibus
1723 627 1859 670 non
1878 607 2153 672 ferimus
2200 654 2204 705 t
2256 630 2457 692 quum
2539 611 2745 694 ipsius
2809 611 3159 679 Ionathani
3240 635 3440 681 manu
3509 619 3933 699 quantumvis
3999 623 4189 685 amici

251 689 311 752 iu
362 685 585 770 quibus
670 708 906 754 nomen
972 689 1177 772 ipsius
1242 691 1619 768 invocatur,
1716 691 1888 758 idest
1950 692 2152 758 iudex
2199 732 2205 777 ,

2254 697 2416 778 petit
2481 696 2782 774 interfici,
2851 698 2906 763 si
2973 719 3105 781 qua
3169 701 3240 764 in
3304 721 3378 767 re
3436 722 3677 769 nocens
3732 705 4188 786 comperiatur.

247 774 411 839 Deus
450 770 825 854 advocatur,
884 794 967 840 ne
1025 777 1365 860 permittat
1425 778 1750 861 impunita
1806 798 1948 844 esse
2004 799 2152 862 per-
2198 798 2204 817 ‘
2255 780 2511 862 Quibus
2559 782 2773 848 verbis
2817 784 3106 850 ostendit
3146 806 3219 850 se
3264 785 3437 852 nolle
3480 787 3604 853 sibi
3650 791 3845 871 parci,
3888 792 3945 855 si
3988 812 4184 873 quam

246 856 437 923 iuria?
540 858 688 926 Hoc
764 860 969 944 igitur
1031 860 1509 929 observandum
1588 863 1819 929 foedus
1886 862 2150 929 Domini

248 945 376 1023 dici,
432 945 859 1028 quodcunque
919 956 1179 1029 pactum
1238 960 1349 1013 aut
1415 959 1828 1028 conventum,
1896 951 1965 1014 in
2025 969 2151 1033 quo

247 1031 357 1096 Dei
409 1049 646 1096 nomen
699 1034 1069 1098 invocatum
1135 1034 1349 1113 fuerit,
1409 1044 1478 1100 et
1533 1035 1641 1102 cui
1697 1056 1838 1102 sese
1898 1045 2151 1100 coutra-

249 1116 459 1182 hentes
500 1116 927 1184 submiserint
983 1119 1204 1199 iudici,
1260 1130 1336 1185 ut
1396 1140 1506 1187 eos
1559 1121 1672 1204 qui
1719 1143 1849 1187 non
1895 1123 2150 1189 sincere

244 1218 301 1272 et
337 1203 622 1282 candide,
681 1204 793 1270 sed
836 1201 1055 1271 dolose
1110 1219 1177 1272 et
1218 1205 1665 1273 fraudulenter
1707 1208 2122 1273 contraxerin
2163 1216 2183 1270 ι

243 1292 514 1376 graviter
572 1291 801 1373 puniat
855 1303 923 1356 et
976 1290 1340 1358 ulciscatur.
1443 1292 1644 1360 Aliud
1700 1294 1896 1359 etiam
1953 1301 2152 1378 caput

245 1382 336 1445 bic
391 1375 866 1444 observandum
963 1387 993 1442 t
1050 1377 1116 1442 in
1175 1380 1555 1444 memoriam
1613 1398 1805 1463 saepe
1847 1399 2152 1446 revocan-

244 1467 402 1539 dum,
464 1483 703 1547 nempe
765 1484 918 1529 omn
1036 1464 1356 1531 amicitias
1413 1473 1553 1531 tum
1614 1465 1757 1531 fore
1816 1466 2038 1531 firmas
2082 1475 2150 1529 et

240 1551 547 1636 legitimas
611 1568 890 1632 quarum
953 1549 1142 1615 Deus
1209 1558 1399 1615 autor
1463 1553 1677 1635 fuerit,
1745 1562 1812 1617 et
1873 1570 2147 1633 quarum

232 1638 367 1703 finis
407 1648 472 1702 et
514 1656 751 1719 scopus
795 1644 895 1702 est
949 1635 1156 1720 ipsius
1199 1637 1424 1721 gloria.
1514 1637 1762 1704 Contra
1808 1658 1965 1703 vero
2008 1636 2148 1703 ille·

293 1724 480 1790 timae
550 1723 608 1787 si
665 1722 794 1788 Dei
848 1723 1050 1787 verbo
1092 1733 1162 1788 et
1227 1722 1564 1789 voluntate
1629 1744 1760 1789 non
1832 1724 2144 1789 nitantur.

231 1745 786 1890 {nomadmodum
843 1807 1175 1890 improbos
1229 1809 1528 1876 homines
1582 1810 1882 1876 videmus
1924 1810 2148 1876 multis

2252 866 2662 950 iniquitatem
2719 867 3072 950 admiserit,
3146 892 3360 954 neque
3424 873 3779 939 Ionathani
3837 876 4061 1025 ffgratia
4124 894 4191 944 ct

2253 953 2600 1019 autoritate
2671 954 2841 1020 velle
2905 954 3039 1041 tegi
3102 957 3425 1041 flagitium
3493 959 3547 1024 si
3606 960 3778 1043 quod
3860 963 4004 1039 ecit,
4071 964 4187 1029 sed

2254 1039 2425 1104 velle
2468 1040 2692 1122 potius
2749 1060 3003 1106 summo
3056 1062 3276 1108 secum
3334 1044 3476 1109 iure
3535 1047 3677 1127 agi:
3735 1056 3801 1111 et
3845 1059 4189 1130 propterea

2255 1125 2460 1190 veluti
2504 1125 2795 1209 gladium
2853 1128 2924 1191 in
2968 1147 3202 1194 manus
3243 1127 3614 1195 Ionathano
3659 1131 3879 1209 tradit,
3939 1154 4067 1216 quo
4124 1135 4186 1200 si

2251 1230 2382 1291 qua
2437 1210 2505 1276 in
2562 1211 2705 1294 ipso
2760 1211 3076 1295 iniquitas
3132 1228 3391 1298 reperta
3444 1216 3642 1281 fuerit
3700 1217 4073 1300 iuguletur,
4119 1230 4191 1286 et
4244 1258 4254 1268 ·

2251 1297 2568 1378 supplicio
2610 1297 2952 1363 afficiatur.
3043 1300 3142 1364 'l'u
3198 1321 3374 1385 ergo,
3419 1302 3651 1384 inquit,
3712 1304 3873 1368 mihi
3936 1306 4187 1371 amicus

2250 1401 2339 1459 es,
2396 1391 2469 1449 tu
2526 1403 2632 1448 me
2690 1383 3001 1460 interfice,
3062 1385 3251 1452 facile
3309 1386 3428 1452 tibi
3489 1407 3712 1454 necem
3775 1409 3988 1455 meam
4035 1412 4185 1457 con·

2250 1465 2420 1532 dono
2465 1468 2522 1532 si
2567 1488 2672 1533 me
2717 1468 3042 1552 perfidum
3099 1482 3218 1535 aut
3271 1471 3606 1537 infidelem
3660 1474 3797 1556 regi
3856 1478 4030 1558 patri
4074 1488 4186 1543 tuo

2247 1553 2451 1618 fuisse
2511 1553 3049 1636 deprehenderis:
3113 1566 3188 1621 tu
3239 1557 3381 1641 ipse
3439 1558 3762 1643 flagitium
3830 1560 4179 1627 ulciscitor.

2419 1638 2670 1705 Oontra
2739 1638 3150 1707 Ionathanus
3219 1642 3496 1709 Davidis
3562 1644 4001 1712 innocentiam
4065 1668 4184 1713 suo

2251 1744 2561 1809 responso
2619 1727 3027 1810 comprobat:
3094 1726 3286 1793 Absit
3338 1727 3449 1796 hoc
3488 1750 3531 1795 a
3574 1735 3648 1809 te,
3693 1732 3931 1814 inquit:
3986 1754 4184 1815 neque

2248 1811 2416 1875 enim
2455 1810 2603 1891 fieri
2635 1817 2835 1892 potest
2876 1818 2947 1877 ut
2986 1814 3048 1879 si
3080 1819 3238 1881 certe
3279 1834 3609 1898 coynovero
3650 1816 4010 1898 completam
4050 1839 4185 1885 esse

231 1911 289 1963 et
328 1897 584 1982 magnis
628 1893 990 1960 foederibus
1027 1911 1094 1959 et
1126 1896 1429 1961 amicitiis
1463 1895 1656 1972 coire,
1700 1898 1898 1962 etiam
1943 1897 2145 1961 inter·
2242 1897 2450 1979 patri-s
2504 1897 2629 1962 mei
2685 1898 2997 1964 malitiam
3050 1904 3263 1966 contra
3322 1906 3395 1980 te,
3458 1921 3585 1967 non
3625 1905 3993 1969 annuntiem
4034 1903 4183 1969 tibi.-

229 1987 424 2066 posito
489 1982 908 2047 iureiurando
974 1999 1047 2046 ut
1126 1983 1194 2046 in
1254 1982 1676 2063 improbitate
1731 2004 1802 2049 se
1862 1982 2146 2048 invicem
2252 2002 2460 2064 neque
2506 1982 2716 2064 patiar
2775 1983 2892 2048 tibi
2950 1984 3031 2050 ab
3092 1983 3226 2050 ullo
3284 1986 3428 2051 fieri
3486 1987 3814 2054 iniuriam.
3904 1988 4181 2070 Quibus,

227 2071 497 2147 foveant,
560 2067 744 2151 quasi
790 2068 972 2133 Deus
1027 2067 1099 2132 in
1141 2080 1395 2150 partem
1457 2066 1732 2150 praedae
1774 2069 2013 2145 veniat,
2068 2078 2150 2134 ut
2248 2068 2541 2149 inquam,
2606 2067 2825 2135 verbis
2894 2069 3306 2137 Ionathanus
3376 2070 3700 2138 Davidem
3757 2076 3938 2139 omni
3994 2075 4180 2158 culpa

227 2157 395 2221 nulla
459 2154 717 2220 ratione
783 2151 1054 2219 dissolvi
1119 2173 1312 2235 posse
1377 2153 1532 2218 illac
1585 2155 1907 2221 amicitiae
1970 2153 2147 2219 vide·-

227 2254 428 2307 antur.
519 2240 993 2304 Verumtamen
1039 2238 1420 2304 maledictae
1462 2249 1619 2305 sunt
1661 2240 1936 2306 istorum
1982 2241 2144 2305 ami·

224 2330 400 2394 citiae
456 2336 526 2392 et
586 2324 846 2391 foedera
902 2326 1202 2401 infausta,
1267 2344 1434 2408 quae
1500 2324 1582 2390 ad
1635 2337 1884 2392 rectum
1945 2327 2143 2392 finem

223 2435 339 2477 non
387 2414 782 2479 referuntur.
871 2410 1315 2493 Quamobrem
1350 2410 1408 2475 si
1447 2433 1602 2478 vere
1646 2413 1995 2478 amicitiam
2041 2414 2141 2476 in-

223 2502 416 2565 vicem
462 2499 693 2577 colere,
750 2507 819 2564 et
863 2498 1116 2580 probari
1162 2496 1305 2562 Deo
1349 2507 1606 2564 nostras
1665 2499 1983 2565 amicitias
2026 2521 2139 2566 vo·

218 2587 445 2665 lumus,
491 2587 707 2669 ipsum
764 2605 970 2649 unum
1031 2583 1274 2649 intueri
1331 2592 1399 2647 et
1443 2585 1512 2647 in
1556 2585 1698 2653 eius
1740 2584 2017 2669 gloriam
2065 2597 2142 2650 ut

221 2693 432 2736 verum
492 2691 762 2755 scopum
828 2669 975 2734 illas
1028 2668 1311 2754 dirigere
1366 2669 1720 2735 discamus:
1788 2691 1872 2735 ue
1935 2671 2141 2753 ipsius

218 2757 444 2822 honori
501 2766 570 2821 et
631 2756 878 2841 gloriae
931 2754 1382 2821 detrahamus:
1445 2754 1576 2822 sod
1635 2757 1846 2837 potius
1897 2778 2012 2822 nos
2056 2756 2140 2822 ad

219 2846 518 2908 virtutem
562 2850 789 2908 mutuo
833 2841 1270 2916 cohortemur,
1327 2849 1394 2906 et
1450 2843 1801 2907 amicitiam
1863 2841 1943 2906 ad
1992 2864 2140 2908 aras

213 2949 408 3011 usque
465 2926 780 3004 colamus,
841 2938 915 2992 ut
971 2926 1138 2992 nulli
1182 2929 1612 3010 quantumvis
1657 2930 1868 3013 gratia
1910 2939 1977 2993 et
2020 2949 2136 2993 au·

214 3017 468 3081 tot-itate
554 3013 796 3080 valenti
877 3034 1244 3097 parcamus,
1323 3023 1440 3078 aut
1504 3015 1735 3079 vitium
1802 3016 2138 3082 foveamus

213 3098 330 3165 Dei
376 3100 630 3181 gloriae
671 3107 736 3165 et
796 3099 1028 3165 honori
1070 3099 1492 3178 contrarium,
1551 3099 1666 3166 sed
1708 3100 1871 3165 illud
1920 3102 2138 3184 potius

215 3198 424 3254 nostro
467 3185 721 3255 calculo
762 3186 1290 3253 condemnemus.

368 3275 596 3358 Atque
652 3273 970 3338 hactenus
1026 3270 1106 3336 de
1162 3270 1293 3337 illis
1352 3272 1646 3337 vocibus:
1710 3271 1961 3340 Foedus
2003 3274 2136 3340 Do·

211 3360 356 3424 mini
396 3381 500 3426 me
543 3364 738 3426 tecum
766 3358 936 3424 inire
970 3357 1192 3438 fecisti.
1276 3357 1639 3442 Pergamus
1678 3358 1759 3423 ad
1796 3364 2138 3442 sequentia

214 3448 434 3511 verba:
490 3447 556 3511 si
614 3449 820 3511 autem
875 3448 968 3510 est
1009 3443 1227 3524 aliqua
1285 3445 1593 3525 iniquitas
1635 3446 1705 3509 in
1747 3464 1859 3522 me,
1916 3451 1986 3511 tu
2042 3468 2137 3513 me

207 3530 509 3613 interfice:
552 3532 786 3613 quibus
823 3528 1046 3595 verbis
1079 3531 1522 3607 confirmatur,
1564 3529 1732 3612 quod
1771 3544 1924 3596 aute
1969 3532 2135 3598 dixi·

208 3638 363 3697 mus,
406 3616 739 3682 Davidem
786 3636 914 3681 nou
958 3614 1267 3681 obtestari
1313 3615 1755 3681 Ionathanum
1802 3628 1875 3682 ut
1918 3618 2137 3685 favore

205 3710 377 3786 tegat
417 3701 681 3786 aliquod
726 3722 918 3766 suum
959 3702 1225 3775 factum,
1284 3702 1393 3784 qui
1436 3703 1572 3768 fere
1614 3702 1906 3767 omnium
1954 3726 2138 3770 mun-

203 3788 519 3855 danarum
579 3787 1012 3853 amicitiarum
1065 3788 1217 3853 finis
1259 3799 1376 3866 est,
1435 3795 1512 3853 ut
1569 3788 1650 3852 ad
1697 3788 1925 3854 vitium
1973 3793 2130 3856 ami-

200 3893 420 3940 corum
482 3872 839 3959 tegendum
896 3872 1219 3956 proclives
1276 3874 1425 3938 sint.
1516 3872 1665 3954 Qua
1723 3874 1974 3940 ratione
2018 3876 2129 3942 ad-

201 3980 427 4026 versus
494 3962 709 4043 ipsum
776 3958 992 4023 Deum
1057 3958 1397 4024 luctantur
1462 3959 1789 4033 mortales,
1856 3974 1925 4024 et
1990 3963 2129 4028 eius

197 4046 358 4110 fiunt
403 4045 674 4122 inimici,
716 4055 782 4109 et
824 4043 1264 4110 adversantur
1306 4045 1514 4128 ipsius
1560 4046 1861 4121 iustitiae,
1925 4069 2127 4129 quum

198 4131 540 4198 hominum
582 4129 936 4197 amicitiam
979 4128 1109 4195 Dei
1152 4130 1400 4215 gloriae
1443 4131 1840 4215 praeferunt.
1911 4132 2124 4201 David

196 4237 346 4317 ergo
392 4218 586 4284 nobis
643 4216 768 4282 hoc
822 4215 966 4281 loco
1023 4236 1322 4281 normam
1379 4215 1760 4302 praescribit
1802 4217 1882 4281 ad
1927 4240 2126 4301 quam

195 4324 456 4388 engere
495 4312 752 4369 nostras
785 4301 1109 4369 amicitias
1143 4300 1481 4369 debemus:
1526 4324 1609 4369 ne
1643 4304 1869 4369 favore
1904 4315 2126 4372 nostro

197 4390 706 4472 complectamur
761 4408 871 4454 eos
923 4389 1037 4471 qui
1095 4391 1528 4471 peccaverint,
1595 4396 1673 4454 ut
1729 4389 1799 4454 in
1843 4393 2121 4474 peccatis

195 4476 324 4540 suis
367 4476 745 4541 foveantur.
832 4472 1010 4540 Sane
1065 4476 1422 4541 amicorum
1480 4478 1549 4540 in
1594 4474 1855 4559 aliquod
1900 4498 2120 4560 pecca-

195 4567 331 4625 tum
386 4560 724 4644 lapsorum
779 4579 896 4625 nos
951 4559 1249 4627 misereri
1304 4581 1424 4644 par
1468 4570 1586 4637 est,
1654 4570 1723 4626 et
1786 4582 1903 4644 pro
1948 4563 2117 4628 virili

193 4658 417 4711 nostra
474 4648 727 4732 erigere
783 4644 970 4712 seriis
1028 4645 1645 4729 reprehensionibus
1702 4658 1769 4712 et
1820 4648 2117 4714 cohorta-

194 4732 515 4798 tionibus:
559 4732 672 4799 sed
716 4751 845 4797 uon
887 4729 1032 4796 ideo
1074 4740 1291 4797 tamen
1337 4732 1579 4816 aliquid
1625 4732 1704 4799 de
1751 4731 1874 4799 Dei
1919 4735 2121 4816 gloria

193 4813 676 4883 detrahendum
691 4866 709 4897 ,
775 4827 840 4881 et
901 4817 1158 4883 iustitia
1218 4818 1711 4902 corrumpenda.
1823 4820 2121 4888 Profecto

194 4923 318 4966 nou
365 4923 524 4968 raro
566 4903 690 4968 hac
731 4903 804 4967 in
846 4912 1033 4985 parte
1074 4911 1416 4986 peccatur:
1465 4925 1617 4969 nam
1663 4924 1857 4987 saepe
1900 4926 1975 4971 ea
2017 4917 2119 4973 est

191 4985 534 5055 hominum
575 4988 1099 5072 intemperantia.
1157 4997 1233 5054 ιιι
1275 4989 1553 5056 maritus
1597 4989 1800 5057 stulto
1843 4991 2122 5058 ducatur

189 5074 416 5141 uxoris
476 5093 714 5153 amore,
772 5082 839 5139 et
885 5073 1174 5140 vicissim
1233 5094 1405 5141 uxor
1464 5076 1700 5156 mariti,
1765 5085 1831 5141 et
1890 5079 2120 5162 reliqui

192 5158 412 5243 aliqua
454 5156 936 5228 necessitudine
976 5160 1307 5229 coniuncti
1354 5160 1660 5229 similiter
1698 5171 1987 5245 peccent,
2045 5174 2120 5231 ut

190 5254 419 5311 mutuo
491 5266 634 5313 mse
693 5245 964 5313 scabunt
1024 5254 1094 5312 et
1154 5244 1476 5313 malitiam
1542 5246 1913 5314 defendant.
2026 5250 2119 5316 At

2247 2151 2497 2321 5¹:233ss
2526 2239 2597 2303 in
2644 2250 2893 2322 patrem
2939 2241 3184 2321 fuisset,
3229 2243 3287 2308 si
3329 2242 3573 2308 Davidi
3616 2247 4010 2327 pepercisset
4053 2249 4181 2312 nisi

3796 2331 4179 2483 0223?th

2584 2154 2677 2218 Et
2739 2175 2899 2220 sane
2960 2155 3255 2239 improbe
3324 2157 3581 2223 fecisset
3642 2157 4053 2226 Ionathanus
4114 2174 4181 2225 et

2245 2323 2444 2407 probe
2487 2326 2695 2408 ipsius
2729 2326 3041 2392 innocent
3085 2329 3217 2392 iam
3260 2340 3325 2394 et
3367 2329 3565 2395 fidem
3608 2350 3750 2396 com

2243 2409 2510 2477 buisset.
2602 2411 2773 2477 Nam
2817 2432 3020 2495 quum
3065 2435 3134 2478 re
3184 2414 3240 2479 is
3284 2412 3460 2481 filius
3502 2426 3691 2492 esset,

2244 2498 2679 2564 reverentiam
2717 2498 2925 2581 patris
2968 2500 3148 2563 omni
3196 2520 3275 2565 us
3312 2501 3509 2567 rebus
3543 2503 3962 2585 quantumvis
4005 2505 4176 2570 caris

2243 2591 2310 2646 et
2354 2584 2660 2665 pretiosis
2695 2585 3020 2666 praeferre
3056 2583 3316 2650 debuit:
3361 2592 3432 2652 et
3471 2606 3674 2669 quum
3711 2588 3794 2653 ad
3838 2600 4175 2670 paternam

2240 2670 2655 2735 autoritatem
2711 2670 2892 2754 regia
2951 2668 3148 2735 etiam
3194 2670 3478 2755 dignitas
3521 2673 3873 2753 accederet,
3930 2671 4174 2758 duplici

2242 2755 2586 2821 tenebatur
2628 2756 2856 2821 officio.
2947 2756 3213 2821 Patrem
3279 2777 3435 2822 vero
3480 2757 3883 2824 Ionathanus
3936 2760 4177 2826 deserit

2243 2852 2316 2902 ut
2381 2837 2702 2906 Davidem
2770 2841 3267 2925 complectatur:
3352 2842 3487 2908 Sed
3567 2844 3820 2927 quibus,
3885 2845 4170 2922 obsecro,

2241 2925 2496 2992 causis?
2553 2927 2726 2992 Nam
2760 2927 3086 3011 scriptura
3118 2947 3306 2992 sacra
3349 2928 3528 2994 iubet
3569 2949 3691 2995 nos
3734 2930 4173 3012 superioribus

2240 3011 2665 3093 obsequentes
2718 3033 2877 3078 esse.
2969 3011 3180 3079 Sane:
3241 3012 3355 3078 sed
3400 3033 3479 3079 ea
3521 3013 3913 3091 conditione,
3972 3037 4167 3098 quam

2240 3098 2650 3180 evangelium
2731 3098 2938 3178 docet,
3019 3120 3102 3163 ne
3181 3097 3497 3165 adversus
3551 3098 3771 3166 Deum
3851 3110 4171 3183 peccetur,

2241 3179 2447 3264 deque
2471 3184 2672 3266 'ipsus
2716 3184 2924 3267 gloria
2965 3184 3135 3249 nihil
3192 3183 3596 3251 detrahatur.
3685 3184 3909 3266 Quare
3962 3208 4168 3269 quum

2239 3268 2796 3335 animadverteret
2852 3269 3278 3348 Ionathanus‚
3346 3292 3415 3335 se
3470 3270 3643 3354 patri
3709 3270 3976 3355 obsequi
4036 3294 4168 3338 non

2238 3373 2441 3435 posse,
2506 3356 2633 3419 nisi
2680 3357 2820 3420 fuso
2865 3356 3187 3440 sauguine
3229 3356 3515 3432 innoxio,
3573 3377 3650 3422 ac
3705 3357 3980 3441 proinde
4021 3378 4167 3441 pec·

2236 3439 2445 3505 cando
2502 3441 2815 3506 adversus
2870 3442 3089 3524 ipsum
3130 3441 3368 3519 Deum,
3427 3442 3665 3509 idcirco
3719 3443 3923 3525 patris
3983 3442 4166 3509 dere·

2237 3523 2407 3591 lictis
2447 3525 2742 3609 partibus
2785 3528 2855 3592 in
2902 3527 3175 3593 Davidis
3219 3528 3507 3592 amicitia
3552 3529 3927 3611 permansit,
3984 3541 4051 3595 et
4095 3532 4165 3594 in

2235 3629 2419 3675 suam
2463 3611 2830 3678 clientelam
2865 3614 3123 3696 recepit.
3206 3612 3465 3694 Quibus
3498 3613 3806 3680 docemur
3847 3615 4167 3681 amicitias

2235 3697 2548 3773 carnales,
2616 3709 2692 3762 ut
2758 3698 3044 3781 loquitur
3110 3698 3433 3781 scriptura
3496 3699 3592 3766 sic
3655 3699 4022 3780 conciliare,
4089 3712 4164 3767 ut

2235 3782 2486 3862 primus
2532 3784 2711 3849 locus
2756 3785 3015 3857 rationi,
3063 3786 3325 3849 veritati
3368 3797 3435 3850 et
3477 3785 3784 3868 aequitati
3829 3786 4161 3871 relinqua·

2234 3876 2359 3932 tur.
2450 3868 2622 3934 Nam
2688 3869 3103 3953 plerumque,
3176 3877 3256 3935 ut
3320 3882 3473 3936 ante
3516 3870 3685 3946 dixi,
3752 3884 4161 3955 quaeruntur

2232 3955 2555 4020 amicitiae
2618 3957 2854 4037 quibus
2922 3955 3075 4020 vitia
3144 3964 3375 4021 mutuo
3451 3958 3815 4034 foveantur,
3896 3967 3965 4024 et
4027 3958 4158 4025 Dei

2229 4039 2437 4123 gloria
2480 4040 2857 4106 hominibus
2915 4041 3106 4124 longe
3163 4050 3608 4125 postponatur.
3714 4042 4157 4124 Quamobrem

2228 4146 2413 4192 suam
2459 4125 2734 4210 quisquc
2778 4127 3185 4193 vocationem
3231 4127 3324 4193 sic
3365 4142 3683 4206 exerceat,
3727 4140 3802 4193 ut
3846 4128 3973 4195 Dei
4015 4130 4153 4213 glo-

2227 4212 2410 4287 riam,
2459 4213 2770 4277 honorem
2807 4224 2875 4279 et
2917 4213 3231 4278 iustitiam
3275 4213 3469 4279 rebus
3509 4212 3813 4280 omnibus
3849 4214 4153 4281 humanis

2227 4310 2594 4380 anteponat.
2684 4296 3032 4363 Caeterum
3077 4319 3277 4380 quum
3324 4298 3765 4364 Ionathanum
3823 4321 3971 4365 cum
4016 4299 4152 4365 Da-

2227 4383 2373 4448 vide
2431 4383 2834 4448 familiariter
2888 4384 3262 4466 loquentem
3317 4383 3619 4450 audimus
3676 4384 3889 4450 facere
3948 4387 4151 4469 patria

2227 4469 2512 4534 malitiae
2556 4470 2971 4546 mentionem,
3026 4490 3110 4535 ne
3166 4471 3560 4536 arbitremur
3619 4477 3996 4554 contemptu
4040 4492 4153 4555 pa-

2225 4556 2347 4620 tris
2391 4554 2455 4619 id
2499 4553 2763 4630 factum,
2807 4575 3001 4637 quem
3042 4566 3223 4622 tanto
3267 4557 3516 4622 honore
3559 4563 3660 4621 est
3699 4557 4038 4641 reveritus,
4076 4566 4153 4623 ut

2224 4653 2377 4706 ante
2421 4638 2724 4723 vidimus,
2781 4653 2857 4705 ut
2913 4640 2993 4705 ad
3039 4642 3181 4707 eius
3239 4642 3617 4707 mandatum
3659 4642 3827 4707 mori
3871 4662 3999 4707 non
4043 4664 4145 4710 re-

2224 4727 2495 4793 cusarit:
2560 4726 2671 4791 sed
2740 4726 2954 4809 potius
3020 4728 3364 4810 aequitatis
3423 4737 3491 4791 et
3555 4726 3840 4793 iustitiae
3903 4748 4145 4808 amore,

2223 4834 2391 4897 quae
2451 4812 2545 4877 sic
2598 4813 2819 4878 oculos
2879 4813 3084 4895 ipsius
3140 4812 3500 4878 illustravit
3556 4823 3629 4876 ut
3684 4832 3754 4877 se
3811 4832 3941 4879 non
3999 4835 4145 4897 per·

2222 4898 2480 4964 miserit
2553 4897 2771 4963 stultis
2846 4898 3188 4966 affectibus
3266 4897 3715 4981 indulgentem
3792 4915 4040 4966 rectum
4107 4921 4147 4965 a

2224 4985 2394 5050 malo
2439 5003 2567 5048 non
2613 5003 2800 5067 posse
2838 4983 3223 5050 discernere.
3311 4981 3875 5064 Quemadmodum
3929 4985 4149 5053 stultis

2221 5067 2526 5137 amicitiis
2570 5068 2912 5152 plerosque
2953 5089 3147 5154 saepe
3190 5069 3284 5134 sic
3326 5068 3658 5135 excaecari
3705 5069 4018 5152 videmus,
4070 5081 4147 5138 ut

2221 5175 2481 5223 omnem
2561 5155 2831 5220 rationis
2906 5175 3170 5221 sensum
3257 5153 3600 5220 amittant:
3690 5153 3784 5222 sic
3857 5159 4146 5241 exempli

2221 5242 2432 5329 gratia
2490 5240 2763 5309 maritus
2819 5241 3040 5307 uxoris
3097 5239 3301 5306 amori
3359 5241 3453 5306 sic
3505 5238 3889 5325 indulgebit,
3945 5252 4021 5309 ut
4062 5243 4148 5310 ad

3630 5341 3733 5397 23·
