5059 6059
1700 1272 2755 1376 PROLEGOMENA.

410 1600 426 1618 ‚
543 1529 906 1600 Sermones
929 1532 1195 1600 Calvini
1219 1532 1289 1598 in
1313 1532 1553 1599 librum
1578 1529 1867 1616 primum
1890 1530 2220 1597 Samuelis
2264 1529 2499 1616 gallice
2541 1530 2955 1614 praedicatos
2999 1529 3224 1612 fuisse,
3270 1541 3337 1595 et
3378 1528 3475 1595 sic
3508 1550 3593 1595 cx
3628 1550 3742 1597 ore
3776 1531 4260 1600 concionatoris

262 1653 559 1729 exceptos,
626 1666 761 1712 non
819 1645 1031 1712 solum
1092 1644 1191 1710 rei
1247 1652 1763 1711 consentaneum
1821 1649 1925 1709 cst
1979 1642 2094 1709 sed
2153 1642 2353 1708 etiam
2411 1643 2745 1726 expressis
2804 1641 3023 1709 verbis
3079 1643 3151 1708 in
3209 1642 3573 1727 exemplari
3614 1642 3818 1709 latino
3863 1642 4255 1712 declaratur.

267 1755 625 1824 Autbentici
669 1777 830 1824 vero
864 1777 1082 1840 neque
1122 1758 1190 1823 in
1236 1754 1497 1822 schedis
1531 1775 1736 1820 manu
1771 1755 2053 1839 scriptis,
2097 1774 2315 1837 neque
2350 1754 2420 1819 in
2455 1753 2874 1821 bibliothecis
2910 1754 3189 1837 publicis
3224 1776 3500 1837 usquam
3538 1765 3865 1821 terrarum
3904 1756 4259 1839 vestigium

263 1868 525 1954 relegere
569 1867 931 1953 potuimus.
1020 1867 1201 1951 Quid
1257 1865 1432 1952 quod
1493 1866 1575 1933 de
1616 1866 1851 1933 iisdem
1907 1866 1980 1931 in
2024 1865 2184 1931 Vita
2241 1867 2491 1931 autoris
2535 1885 2576 1931 a
2616 1865 2982 1934 Oolladono
3026 1868 3272 1950 scripta
3317 1867 3710 1933 altissimum
3753 1875 3856 1963 est
3898 1868 4258 1934 silentium.

267 1978 435 2046 Nihil
470 2000 631 2067 ergo
678 1978 997 2046 habemus
1040 1978 1217 2065 quod
1263 1978 1381 2046 tibi
1426 1976 1509 2045 ad
1545 1977 1939 2046 illustranda
1973 1977 2193 2062 operis
2229 1980 2362 2043 fata
2396 1977 2769 2060 offeramus,
2811 1997 3008 2062 quam
3045 1976 3257 2062 ipsius
3301 1978 3659 2046 voluminis
3704 1979 4026 2058 notitiam,
4071 1979 4261 2046 cuius

266 2103 559 2158 caeterum
612 2094 778 2158 satis
813 2092 950 2159 rari
985 2091 1116 2158 duo
1153 2091 1552 2175 exemplaria
1585 2090 1759 2175 apud
1796 2111 1918 2157 nos
1952 2097 2239 2171 exstant,
2277 2110 2555 2173 quorum
2591 2089 2873 2155 alterum
2914 2090 3332 2174 typographo
3368 2089 3868 2157 describendum
3906 2090 4247 2157 tradimus.

265 2202 437 2285 Nam,
457 2213 528 2269 ut
538 2204 725 2269 infra
747 2197 1359 2282 demonstrabimus,
1387 2202 1588 2268 semel
1613 2209 1873 2268 tantum
1898 2201 1997 2266 illi
2021 2221 2355 2267 sermones
2374 2200 2632 2285 prelum
2651 2201 3112 2268 Genevcnsem
3136 2214 3595 2269 exercuerunt.
3619 2203 3792 2269 Ecce
3815 2201 3964 2268 libri
3988 2203 4257 2269 titulus:

538 2314 820 2383 Ioannis
859 2316 870 2401 Ι
908 2314 1175 2383 Calvini
1214 2314 1224 2399 Ι
1262 2312 1575 2380 homiliae
1618 2315 1687 2379 in
1727 2313 1740 2399 Ι
1777 2313 1833 2379 I.
1876 2311 2118 2379 librum
2165 2310 2514 2381 Samuelis.
2553 2313 2567 2398 Ι
2603 2314 2709 2378 Ex
2735 2311 3014 2380 Gallicis
3035 2314 3320 2380 Latinae
3349 2314 3560 2382 factae
3599 2314 3610 2398 Ι
3648 2322 3715 2380 et
3751 2335 3929 2381 nunc
3964 2313 4256 2399 primum

261 2425 323 2490 in
360 2426 561 2494 lucem
614 2427 849 2494 editae.
890 2426 901 2514 Ι
938 2426 1323 2515 (Emblema)
1367 2425 1681 2493 Genevae
1719 2425 1730 2510 Ι
1768 2423 2159 2492 Excudebat
2205 2423 2483 2491 Gabriel
2526 2423 2884 2491 carterius.
2926 2426 2937 2511 Ι
2976 2424 3365 2492 M.DCIIII.
3452 2425 3638 2513 (ἰοὶ).

535 2540 896 2607 Emblema
927 2546 1379 2624 repraesentat
1398 2538 1732 2604 Iustitiam
1764 2538 1836 2601 in
1873 2535 2037 2602 sella
2057 2535 2416 2617 sedentem,
2439 2538 2509 2600 in
2535 2534 2771 2602 dextra
2807 2536 3149 2617 bilanccm,
3193 2539 3265 2603 in
3288 2538 3561 2604 sinistra
3581 2537 3876 2623 gladium
3895 2545 4257 2620 tenentem,

261 2648 377 2715 illic
414 2650 835 2720 adstantibus
878 2650 1132 2717 duobus
1175 2649 1339 2716 viris
1380 2669 1621 2715 manus
1663 2648 2179 2733 porrigentibus,
2221 2647 2330 2714 hic
2375 2648 2630 2714 duobus
2673 2648 2823 2714 aliis
2867 2657 3058 2736 terga
3103 2650 3413 2716 dantibus
3456 2657 3524 2715 et
3565 2649 3992 2734 fugientibus.
4075 2653 4258 2717 Ante

261 2759 548 2830 thronum
600 2765 675 2828 in
721 2772 898 2831 terra
938 2764 1156 2831 iacent
1198 2760 1518 2830 cadavera
1559 2760 1773 2847 plura,
1834 2779 2037 2843 supra
2095 2759 2416 2844 scriptum
2473 2769 2576 2828 est
2630 2773 2789 2830 rum
2891 2761 3080 2830 Haec
3124 2762 3346 2828 omnia
3389 2761 3462 2827 in
3504 2761 3748 2828 circulo
3788 2782 3942 2828 cum
3987 2760 4256 2847 adagio:

261 2871 493 2941 SVVM
538 2873 1101 2957 VNIOVIQVE.
1188 2868 1406 2940 Extra
1453 2872 1773 2940 circulum
1838 2893 2036 2956 super
2093 2885 2481 2940 ornamenta
2548 2882 2727 2939 stant
2790 2875 2983 2958 pueri
3045 2874 3175 2940 duo
3225 2894 3378 2941 cum
3439 2871 3674 2940 iisdem
3732 2872 3864 2940 illis
3921 2872 4259 2941 attributis

267 2984 437 3051 modo
474 2986 887 3053 memoratis.

538 3097 743 3164 Folia
784 3096 1117 3164 liminaria
1160 3094 1313 3177 duo,
1357 3095 1638 3163 alterum
1683 3115 1834 3163 cum
1880 3093 2074 3161 titulo
2117 3092 2291 3174 libri,
2338 3095 2618 3162 alterum
2663 3117 2812 3162 cum
2859 3096 3137 3180 epistola
3178 3096 3663 3181 nuncupatoria
3684 3096 4002 3163 Mauritio
4021 3093 4251 3162 Land-

255 3211 456 3291 gravio
496 3210 793 3277 Hassiae
849 3210 1189 3293 inscripta.
1277 3208 1387 3274 Ex
1445 3206 1569 3274 hac
1641 3205 2045 3275 dedicatione
2085 3206 2408 3273 nonnulla
2448 3206 2803 3290 decerpere
2845 3207 3025 3288 libet,
3076 3207 3158 3273 ad
3204 3210 3422 3292 operis
3465 3208 3805 3275 historiam
3849 3218 3917 3274 et
3958 3206 4248 3274 indolem

255 3318 695 3387 delineandam
741 3321 1175 3406 pertinentia:

531 3433 689 3501 Diu
741 3432 1058 3500 latummt
1096 3433 1314 3518 maqni
1356 3431 1538 3499 illius
1584 3430 1886 3517 Theoloqi
1931 3429 2932 3516 10.0a1viniqaaicaeinz.1.
2982 3430 3302 3498 Samuelis
3344 3431 3687 3512 conciones,
3740 3451 3784 3496 a
3825 3434 3984 3497 certo
4035 3429 4249 3498 scriba

251 3540 1374 3627 abipsiuspopulumdocentisore
1423 3543 2039 3629 fideliterexceptae,
2104 3542 3305 3628 quasillevirmaqmispauperibus
3353 3542 3719 3628 pereqrinis
3772 3546 4072 3625 tanquam
4127 3542 4251 3608 the-

249 3655 1015 3739 smwumquemnullum
1059 3654 2120 3741 aliumhabwitmoriensleqavit.
2209 3654 3567 3740 Easdiaconorumnostrorumcolleqium,
3625 3655 4250 3738 quipereqrinorum

241 3784 581 3852 pauperum
630 3766 962 3849 specialem
1017 3786 1241 3834 curam
1290 3771 1534 3852 qerunt,
1592 3767 1994 3851 aliquamdiu
2050 3767 2388 3849 explorans
2444 3766 2826 3834 occasionem
2880 3766 2953 3832 in
3010 3766 3206 3833 lucem
3262 3766 3601 3847 emittemR,
3657 3785 3782 3831 non
3830 3765 3972 3831 sine
4024 3765 4249 3849 aliqua

246 3875 479 3945 interim
515 3877 797 3946 utilitate
837 3898 1050 3945 eorum
1090 3879 1204 3961 qui
1244 3878 1529 3945 ecclesiae
1550 3883 1882 3961 praesunt,
1927 3878 2293 3961 asservavit,
2336 3878 2450 3945 sed
2491 3878 2741 3944 tandem
2787 3883 3086 3961 tanquam
3126 3876 3488 3944 thesaurum
3530 3877 3915 3945 reconditum
3946 3897 4248 3963 qemmas-

247 4006 355 4069 que
390 3993 724 4072 pretiosas
765 4010 843 4055 a
884 3990 1126 4056 abditis
1167 3995 1372 4056 teme
1415 3989 1571 4058 locis
1612 3995 1827 4058 mas
1861 3992 2152 4074 μοίρης
2193 3990 2412 4056 vdua.
2496 3967 2902 4073 Ecce'iyitur
2944 3990 3186 4056 latinae
3226 4011 3271 4056 a
3311 4010 3412 4055 me
3443 3990 3653 4071 factae
3676 3989 4007 4072 prodeunt,
4072 3989 4249 4055 Tuae

246 4119 354 4182 que
396 4099 803 4182 celsitudini,
864 4106 995 4167 tam
1036 4102 1442 4168 diaconorum
1485 4106 1843 4169 nostrorum
1884 4121 2077 4183 quam
2114 4120 2588 4187 pereqmnorum
2620 4121 2983 4184 pauperum
3038 4103 3305 4183 nomine,
3368 4101 3715 4183 offeruntur
3719 4147 4243 4167 .........

422 4213 753 4296 Quanta
795 4214 897 4280 cis
935 4214 1147 4297 ipsius
1186 4213 1257 4280 in
1298 4214 1572 4281 docendo
1611 4214 1812 4296 fuerit
1852 4213 2055 4281 adhuc
2095 4214 2151 4279 ii
2188 4214 2613 4280 menoinerunt
2652 4214 2766 4297 qui
2806 4214 3115 4280 docentem
3173 4213 3532 4279 audierunt.
3628 4210 4007 4294 Quanquam
4043 4211 4247 4293 fateor

244 4323 445 4403 ipsum
500 4345 705 4408 neque
760 4326 1071 4391 docentem
1125 4346 1326 4409 neque
1366 4325 1732 4391 scribentem
1775 4326 1846 4391 in
1887 4331 2117 4392 ornatu
2157 4323 2486 4392 verborum
2530 4330 2587 4390 et
2628 4324 2911 4393 bumana
2950 4325 3313 4408 eloquentia,
3358 4346 3517 4407 quae
3573 4322 4247 4407 inanibuspiqmentis

251 4436 1072 4521 etflosculismaqisquam
1112 4437 1301 4503 rebus
1340 4437 1510 4519 ipsis
1549 4437 1904 4516 delectatur,
1948 4438 2269 4521 nimium,
2311 4437 2422 4503 scd
2465 4438 2539 4501 in
2578 4457 2797 4502 rerum
2837 4457 2913 4504 ac
2952 4437 3400 4504 sententiarum
3440 4455 3698 4501 numero
3740 4433 4246 4516 etponderead·

248 4547 607 4615 mirandum
646 4548 870 4632 fuisse.
952 4547 1182 4615 Verum
1224 4569 1297 4616 ea
1339 4554 1431 4615 est
1471 4549 1714 4617 saeculi
1754 4549 1955 4615 noem
1994 4548 2275 4626 caecitas,
2330 4552 2403 4613 ut
2456 4547 2758 4615 bonorum
2800 4549 3084 4615 virorum
3124 4553 3180 4614 et
3219 4548 3572 4633 insiqnium
3612 4564 3933 4612 servorum
3976 4544 4105 4612 Dei
4149 4544 4245 4610 la·

249 4656 417 4726 bores
474 4666 592 4728 aut
631 4661 831 4743 parvi
878 4660 1053 4745 fiant,
1117 4665 1229 4728 aut
1282 4663 1476 4728 etiam
1516 4660 1771 4744 neqlecti
1823 4661 2082 4738 iaceant,
2141 4659 2306 4743 quod
2346 4658 2522 4726 nullo
2561 4659 2706 4743 fuco
2737 4661 3113 4745 piqmentati
3147 4660 3472 4744 prodeant.
3560 4657 3658 4725 Ac
3693 4656 3966 4740 fortasse
4007 4656 4129 4721 isto
4171 4656 4246 4721 in

250 4788 496 4837 numero
526 4773 795 4855 futurae
835 4778 986 4838 sunt
1024 4772 1183 4838 istae
1223 4772 1538 4855 homiliae,
1582 4793 1745 4856 quas
1785 4792 1979 4855 quum
2021 4777 2204 4838 autor
2240 4772 2381 4853 fato
2409 4777 2793 4854 praeventus
2823 4792 2902 4836 ne
2932 4770 3198 4856 rele9ere
3231 4772 3479 4854 quidem
3505 4769 3795 4851 potuerit,
3836 4766 4022 4832 mati
4051 4766 4245 4833 rudes

258 4883 2031 4967 etiinpolitasacdefonnessuocalculodamnabunt‚
2083 4884 2461 4949 etcensoria
2515 4877 4246 4969 suavirqulaparumaequitamipsiaidoriquam

250 4993 521 5062 eiusdem
543 4996 875 5079 interpreti
927 4996 1139 5080 fiduri
1162 4995 1561 5081 iuqulabunt.
1631 4993 1948 5081 Equidem
1979 4995 2173 5061 rudes
2213 4993 2357 5061 illos
2396 4999 2453 5062 et
2494 4995 2815 5077 impolitos
2856 5014 3121 5080 aqnosco
3153 4995 3215 5060 si
3247 4992 3571 5060 verborum
3604 4994 3892 5057 ornatum
3935 5008 4244 5073 quaeras.-

251 5106 2354 5194 quinetmuuasinitsdmsententiasrepeutasquosmninere
2394 5108 2787 5189 interpretem
2829 5105 3113 5173 debuisse
3153 5100 3965 5184 nonimmeritofortassis
4004 5101 4245 5185 aliquis

251 5217 499 5287 dixerit.
607 5219 840 5286 Verum
878 5220 1463 5305 enimveroquum
1505 5226 1562 5289 et
1613 5218 3121 5306 nihilautorinobisaffinqerepermiserimus,
3177 5212 4242 5297 etnonopusnovuminstituere,
