5059 6059
692 324 822 391 363

2358 309 2771 378 HOMILIA
2827 310 2992 378 XII.

4529 312 4658 381 364

699 509 980 576 fideliter
1021 506 1352 592 fungatur,
1437 503 1542 569 vel
1607 501 1721 586 qui
1794 508 2107 585 perpetuo
2172 499 2609 567 sacerdotium
2711 502 3012 586 ingressu
3057 521 3231 568 unus
3272 509 3342 569 et
3383 501 3557 568 idem
3602 509 3723 569 est.
3812 501 4066 585 Ecquid
4112 503 4288 569 enim
4322 503 4502 570 aliud
4540 513 4659 582 est,

699 604 1007 664 exerceat
1051 593 1147 658 sic
1183 589 1393 657 fidelis
1434 588 1666 655 domus
1709 587 1968 668 dicitur,
2013 607 2178 671 quae
2222 587 2293 651 in
2336 586 2606 671 longum

699 703 931 749 aevum
990 677 1330 762 perdurat:
1419 696 1548 758 qua
1610 673 2089 757 significatione
2152 673 2413 756 saepius
2476 692 2650 738 vox.

695 768 829 845 illa,
899 763 1104 845 fidlis,
1168 763 1238 827 in
1307 761 1511 827 sacris
1581 772 1951 842 usurpatur.
2040 759 2246 825 Porro
2304 760 2487 825 Deus
2544 780 2616 824 se

697 854 824 919 sibi
882 852 1065 922 alim
1124 847 1527 916 sacerdotem
1568 846 2038 911 suscitaturum
2086 846 2471 912 nominatim
2515 844 2614 909 di·

695 941 785 1006 cit
843 947 923 1004 ut
964 933 1095 1004 luio
1139 933 1483 1000 obiectioni
1527 943 1822 998 occurrat
1864 951 2058 1014 quam
2106 930 2316 996 videri
2360 938 2616 1015 poterat

698 1025 853 1090 Heli
900 1022 1110 1092 mrito
1153 1021 1490 1096 allaturus,
1550 1039 1742 1083 suum
1785 1037 1930 1082 esse
1972 1016 2427 1092 sacerdotium,
2493 1037 2615 1082 nec

696 1110 779 1176 ad
845 1110 1047 1185 alim,
1113 1127 1200 1172 ex
1268 1105 1394 1170 Dei
1463 1103 1910 1185 promissione,
2000 1123 2190 1185 posse
2250 1102 2613 1168 transferri.

699 1198 901 1280 Atqui
950 1189 1279 1258 decretum
1350 1192 1476 1256 Dei
1543 1189 1716 1254 aliud
1784 1198 1900 1263 est,
1968 1187 2079 1255 cui
2146 1188 2259 1271 qui
2322 1187 2617 1271 loquenti

695 1277 1119 1348 contr-aient?
1207 1278 1417 1343 Porro
1503 1275 1612 1341 hic
1675 1273 1975 1340 sacerdos
2040 1273 2452 1340 suscitandus
2516 1282 2620 1339 est

697 1366 951 1448 Tsadoe,
989 1377 1064 1428 ut
1106 1362 1281 1428 infra
1320 1361 1702 1442 videbimus,
1746 1360 1958 1443 quiin
1998 1360 2379 1426 Abiatharis
2400 1361 2617 1426 locum

695 1453 985 1521 suffectus
1067 1457 1187 1516 est.
1278 1447 1585 1531 Denique
1658 1446 1976 1530 propheta
2060 1445 2398 1530 subiungit
2460 1445 2618 1511 Heli

702 1549 966 1625 posteros
1030 1554 1107 1599 ac
1162 1553 1582 1609 successores,
1642 1554 1718 1597 eo
1768 1533 2171 1617 paupertatis
2226 1531 2620 1598 deventuros

702 1635 779 1691 ut
830 1621 1164 1692 buccellam
1225 1619 1413 1703 panis
1471 1618 1900 1697 emendicent,
1966 1637 2041 1684 ac
2085 1638 2227 1683 sese
2270 1638 2619 1682 nummum

702 1719 974 1796 petentes
1022 1707 1389 1773 incurvent.
1477 1704 1648 1769 Nam
1696 1705 1816 1769 etsi
1854 1701 2289 1769 sacerdotibus
2326 1711 2468 1768 erat
2502 1723 2622 1769 sua

704 1797 904 1881 portio
942 1791 1282 1873 attributa,
1342 1791 1655 1890 paucique
1691 1797 1911 1855 essent
1953 1790 2339 1868 sacerdotes,
2400 1801 2620 1855 tamen

703 1886 776 1948 in
843 1887 1037 1945 tentas
1103 1888 1444 1962 angustias
1512 1874 1899 1959 redigendos
1965 1885 2039 1940 ut
2104 1896 2340 1959 panem
2397 1897 2621 1941 emen·

704 1968 901 2034 dicare
960 1972 1300 2049 cogantur,
1365 1982 1443 2027 ac
1499 1961 1824 2045 supplices
1881 1971 2100 2044 petere
2160 1971 2233 2026 ut
2292 1960 2375 2026 ad
2421 1982 2622 2026 unam

704 2065 928 2139 partem
1012 2048 1481 2116 sacerdotalem
1551 2048 2021 2126 dimittantur,'
2076 2067 2201 2130 quo
2266 2046 2622 2115 buccellam

707 2137 883 2224 panis
912 2136 1280 2216 comedant,
1326 2154 1401 2199 ac
1444 2153 1586 2199 sese
1631 2154 1670 2196 a
1713 2133 1881 2198 fame
1927 2144 2256 2198 tueantur.

860 2222 1039 2288 Haeo
1106 2232 1262 2286 sunt
1321 2219 1521 2284 huius
1578 2218 1700 2285 loci
1756 2219 2114 2283 summaria
2169 2219 2383 2301 capita
2441 2216 2625 2301 sigil-

711 2310 875 2376 latim
938 2307 1242 2391 deinceps
1302 2306 1486 2372 nobis
1542 2303 1989 2387 expendenda.
2081 2306 2346 2369 Dictum
2404 2316 2624 2369 autem

707 2394 863 2461 istud
902 2394 1189 2472 Domini,
1234 2413 1304 2457 se
1352 2389 1689 2457 brachium
1733 2389 1890 2455 Heli
1936 2401 2338 2457 resecturum
2384 2398 2450 2454 et
2484 2409 2624 2454 am-

708 2489 1087 2566 putaturum,
1148 2477 1664 2545 consideratione
1723 2475 1995 2560 dignum
2056 2489 2187 2543 est:
2247 2496 2374 2560 quo
2433 2475 2623 2540 doce·

706 2589 841 2632 mur
877 2565 1092 2632 nullas
1137 2564 1324 2630 nobis
1364 2583 1506 2629 esse
1550 2562 1725 2628 vires
1771 2564 1894 2627 nisi
1939 2562 2062 2628 Dei
2108 2563 2353 2629 virtute
2396 2582 2470 2628 ac
2515 2582 2624 2644 po·

707 2653 895 2718 tentis
940 2651 1311 2717 fulciantur.
1400 2649 1574 2714 Nam
1619 2647 1863 2714 brachii
1898 2668 2139 2713 nomen
2175 2650 2245 2713 in
2281 2647 2624 2731 scripturis

704 2759 812 2823 pro
876 2737 948 2803 vi
1014 2756 1089 2803 ac
1154 2735 1381 2801 robore
1446 2734 1827 2818 plerumque
1893 2735 2190 2800 sumitur.
2280 2733 2415 2801 Uni
2480 2733 2624 2798 Deo

702 2824 889 2908 igitur
942 2823 1044 2887 vis
1089 2830 1310 2888 nostra
1355 2820 1568 2885 omnis
1613 2831 1877 2903 accepta
1919 2820 2190 2885 ferenda
2232 2828 2351 2898 est,
2413 2840 2452 2882 a
2495 2839 2622 2903 quo

702 2932 825 2976 uno
877 2908 1093 2992 gratia
1150 2918 1216 2972 et
1268 2904 1711 2972 misericordia
1754 2914 2115 2989 promanat.
2204 2903 2458 2988 Ecquid
2502 2904 2623 2987 igi-

702 3005 801 3062 tur
849 2995 1094 3061 habent
1152 2993 1446 3058 homines
1500 2991 1582 3057 de
1637 3012 1767 3074 quo
1822 2991 2208 3075 glorientur,
2275 2990 2465 3074 quasi
2509 2989 2625 3054 ad-

698 3101 917 3148 versus
984 3080 1429 3162 qualecunque
1487 3075 1799 3143 iudicium
1859 3077 2215 3160 perstituri,
2283 3096 2482 3159 quum
2526 3081 2625 3150 {ne

697 3167 775 3233 ad
828 3166 1181 3233 minimum
1226 3163 1490 3248 quidem
1536 3182 1737 3228 aurae
1780 3163 2010 3229 flatum
2056 3161 2622 3228 divinorumiudi-

696 3254 939 3320 ciorum
996 3251 1351 3318 subsistere
1410 3258 1692 3333 queant:
1758 3248 1872 3314 sed
1917 3258 2145 3315 contra
2189 3257 2369 3315 tanto
2413 3247 2624 3331 magis

696 3339 785 3406 sit
815 3338 949 3404 illis
990 3337 1398 3401 mortiferum
1441 3333 1758 3418 quidquid
1802 3335 1874 3400 in
1916 3355 1988 3402 se
2034 3335 2298 3399 virtutis
2342 3355 2416 3401 ac
2454 3334 2630 3400 vitae

698 3424 933 3490 habere
983 3421 1496 3499 arbitrabuntur,
1553 3429 1796 3503 quanto
1840 3420 2098 3504 longius
2142 3441 2181 3485 a
2225 3418 2370 3485 Deo
2414 3439 2628 3485 reces-

694 3511 916 3587 serint,
965 3508 1090 3573 nisi
1131 3529 1352 3575 coram
1396 3507 1538 3573 Deo
1583 3505 1790 3582 deiici,
1834 3517 1902 3573 et
1945 3505 2232 3572 eiusdem
2278 3505 2628 3588 providen-

699 3597 822 3661 tiae
876 3616 1017 3660 sese
1071 3593 1391 3661 subiicere
1448 3590 1837 3658 didicerint?
1914 3591 2355 3673 Quamobrem
2410 3589 2631 3656 danda

697 3704 913 3765 opera,
958 3691 1033 3746 ut
1073 3680 1389 3764 quidquid
1437 3681 1672 3745 virium
1708 3698 1784 3743 ao
1819 3677 2069 3744 roboris
2103 3676 2438 3755 habemus,
2484 3677 2629 3742 Deo

697 3789 889 3834 omne
945 3767 1232 3832 feramus
1289 3773 1647 3847 acceptum,
1713 3772 1907 3846 atque
1959 3763 2054 3829 sio
2107 3763 2188 3829 ab
2233 3762 2374 3828 eius
2418 3762 2633 3845 gratia

699 3852 1111 3938 pendeamus,
1173 3871 1256 3916 ne
1302 3870 1593 3934 unquam
1639 3847 2046 3914 divellamur.
2135 3848 2410 3914 Certum
2451 3848 2631 3913 enim

698 3949 799 4005 est
852 3958 1077 4004 omnes
1134 3958 1255 4001 sua
1310 3936 1634 4002 industria
1689 3934 2045 4019 gloriantes
2100 3934 2365 4000 tandem
2403 3933 2628 3999 eadem

700 4021 1067 4108 privandos,
1135 4023 1266 4087 imo
1309 4032 1376 4088 et
1418 4023 1486 4087 in
1533 4021 1814 4086 nihilum
1857 4019 2263 4103 redigendos.
2351 4020 2445 4084 Et
2485 4019 2631 4084 vice

703 4129 889 4176 versa
944 4108 1291 4187 discamus,
1353 4109 1481 4175 Dei
1525 4108 1813 4174 bonitate
1855 4108 1949 4173 sic
1992 4106 2134 4185 niti,
2180 4105 2262 4170 ad
2304 4106 2445 4171 eius
2490 4104 2632 4189 glo-

702 4196 864 4264 riam
910 4195 1086 4260 vires
1130 4206 1388 4260 nostras
1428 4194 1853 4274 conferentes,
1898 4201 1971 4258 ut
2010 4190 2236 4258 laudes
2271 4192 2397 4276 ipsi
2433 4191 2632 4256 sacri·

702 4284 985 4358 ficemus,
1032 4290 1449 4365 autoremque
1493 4301 1697 4345 unum
1730 4280 1949 4362 ipsum
1985 4278 2303 4343 bonorum
2338 4278 2634 4344 omnium

700 4366 1112 4433 celebremus.
1201 4366 1280 4432 Id
1336 4367 1393 4432 si
1450 4366 1577 4431 rite
1633 4365 1877 4430 factum
1934 4386 1975 4429 a
2033 4364 2222 4431 nobis
2268 4365 2482 4441 fuerit,
2551 4384 2633 4430 ne

705 4453 1069 4518 dubitemus
1132 4452 1291 4536 quin
1346 4454 1487 4537 ipse
1532 4451 1704 4516 vires
1747 4471 1902 4516 suas
1945 4451 2016 4514 in
2061 4449 2266 4515 nostri
2311 4449 2634 4515 defensio·

705 4559 854 4606 nem
901 4547 1180 4604 exserat.
1269 4538 1361 4603 Et
1404 4536 1484 4604 de
1528 4535 1779 4601 brachii
1824 4556 1981 4602 voce
2028 4536 2365 4602 hactenus.

869 4623 1078 4689 Porro
1142 4625 1215 4689 in
1271 4623 1493 4691 divina
1549 4621 2053 4689 comminatione
2094 4620 2272 4687 istud
2316 4619 2634 4699 adiicitur,

708 4708 1033 4775 neminem
1099 4730 1182 4776 ex
1235 4709 1391 4776 Heli
1448 4707 1694 4774 familia
1737 4707 1818 4773 ad
1863 4715 2261 4773 senectutem
2308 4719 2633 4773 maturam

706 4804 1191 4878 perventurum,
1258 4795 1373 4860 sed
1431 4793 1764 4861 aemulum
1823 4794 1891 4859 iu
1948 4791 2161 4859 locum
2204 4792 2409 4876 ipsius
2453 4793 2636 4859 suffi-

704 4878 1024 4947 ciendum.
1116 4879 1375 4961 Quibus
1455 4878 1670 4946 verbis
1751 4879 2077 4945 Dominus
2136 4878 2417 4962 posteris
2478 4878 2637 4944 Heli

709 4976 927 5032 notam
1002 4966 1401 5051 ignominiae
1466 4964 1855 5031 inurendam
1921 4965 2243 5030 minatur:
2332 4974 2638 5032 senectus

705 5053 881 5118 enim
916 5052 1249 5137 singulare
1285 5051 1415 5116 Dei
1452 5051 1693 5118 donum
1730 5060 1850 5117 est.
1931 5049 2078 5116 Etsi
2114 5050 2322 5116 libens
2356 5069 2638 5135 agnosco

706 5149 800 5204 tot
855 5138 1187 5204 aerumnis
1228 5137 1538 5204 miseram
1578 5135 1751 5204 hanc
1795 5138 2000 5204 vitam
2045 5137 2306 5220 plenam
2349 5156 2510 5215 esse,
2567 5144 2640 5203 ut

705 5223 1007 5290 videatur
1071 5223 1230 5289 felix
1293 5242 1519 5290 eorum
1584 5222 1862 5290 conditio
1930 5222 2168 5305 quibus
2234 5221 2450 5289 exitus
2488 5242 2640 5288 cum

2714 588 2981 654 obsecro
3037 586 3374 653 hominum
3438 589 3575 654 vita
3617 608 3817 671 quam
3860 599 4218 672 perpetuus
4260 589 4549 674 languor
4590 601 4660 656 et

2714 671 3107 760 aegritudo?
3187 673 3363 740 Nam
3429 674 3488 740 si
3551 674 3811 757 quando
3871 696 4011 742 sese
4069 674 4266 741 rebus
4325 677 4659 759 prosperis

2714 759 2939 845 gaudii
2996 768 3065 824 et
3121 759 3410 825 laetitiae
3467 760 3656 826 nobis
3713 760 3987 826 offertur
4042 763 4312 843 occasio,
4378 760 4660 830 subinde

2715 858 2933 911 tamen
2979 856 3046 910 et
3090 856 3418 910 momento
3464 866 3657 929 saepe
3698 845 3765 911 in
3813 847 4143 912 tristitiam
4192 847 4454 926 desinit,
4497 848 4659 913 adeo

2717 941 2791 997 ut
2832 932 2889 996 si
2925 930 3062 997 dies
3098 930 3454 996 hodiernus
3479 933 3662 998 nobis
3683 931 3908 998 beatus
3945 932 4309 1013 afflulserit,
4371 935 4661 1000 crastino

2717 1038 2864 1083 cum
2940 1016 3280 1082 infortuno
3345 1017 3787 1084 colluctemur.
3890 1018 4196 1102 Exempli
4256 1019 4506 1102 gratia:
4584 1019 4662 1086 Si

2718 1104 3043 1169 Dominus
3086 1102 3402 1168 familiam
3447 1105 3650 1181 auxit,
3708 1104 3928 1170 liberis
3952 1106 4357 1187 praesertim,
4402 1125 4481 1171 ac
4503 1104 4661 1171 sub·

2717 1190 2872 1255 inde
2940 1211 3109 1254 unus
3174 1199 3241 1254 et
3283 1188 3453 1254 alter
3495 1200 3704 1255 morte
3749 1189 4129 1273 perimatur,
4174 1201 4490 1273 quantam
4543 1213 4661 1275 pu·

2720 1285 2934 1341 tamus
2986 1274 3184 1340 huius
3244 1275 3527 1341 familiae
3585 1274 4093 1341 desolationem?
4155 1277 4324 1342 Nam
4385 1277 4444 1343 si
4489 1299 4664 1343 unus

2721 1371 2976 1427 tantum
3044 1381 3082 1424 e
3145 1360 3359 1426 medio
3427 1361 3804 1440 tolleretur,
3868 1362 4190 1429 consolari
4234 1384 4379 1429 sese
4422 1363 4663 1447 reliqui

2720 1446 3192 1531 quodammodo
3236 1458 3533 1530 possunt,
3577 1448 3692 1514 sed
3737 1448 3925 1515 sirad
3968 1449 4484 1515 internecionem
4524 1460 4663 1515 tota

2721 1534 2969 1600 familia
3032 1532 3387 1609 devenerit,
3477 1552 3671 1617 quam
3737 1533 3805 1598 id
3870 1533 4238 1600 luctuosum
4305 1547 4373 1600 et
4437 1534 4664 1620 deplo-

2721 1616 3051 1685 randum?
3098 1617 3323 1699 Quare
3367 1619 3424 1683 si
3469 1618 3729 1701 quando
3766 1620 4096 1703 prosperis
4131 1640 4208 1687 ac
4244 1620 4433 1688 laetis
4469 1624 4665 1688 rebus

2722 1707 3020 1783 fruimur,
3064 1703 3341 1769 subinde
3387 1705 3611 1770 multis
3655 1702 3947 1771 adversis
3991 1707 4503 1788 permiscentur:
4551 1706 4662 1773 de·

2724 1791 2922 1875 nique
2965 1791 3023 1856 si
3066 1799 3226 1873 quot
3268 1791 3659 1873 quantisque
3702 1790 4110 1858 offendiculis
4147 1793 4287 1858 vita
4320 1791 4662 1858 hominum

2724 1877 3019 1960 exposita
3082 1877 3171 1940 sit
3233 1876 3628 1952 intueamur,
3694 1877 3964 1942 minime
4030 1878 4392 1943 dixerimus
4459 1879 4664 1945 vitam

2723 1984 2865 2029 esse
2923 1961 3171 2028 bonum
3228 1961 3683 2045 expetendum,
3741 1961 3856 2028 sed
3911 1973 4187 2030 mortem
4261 1965 4480 2047 potius
4551 1964 4667 2030 eli-

2725 2046 3036 2134 gendam:
3105 2049 3488 2131 praesertim
3553 2048 3606 2114 si
3670 2068 3820 2114 cum
3884 2047 4130 2115 crebris
4189 2050 4448 2127 morbis,
4520 2070 4667 2117 cum

2725 2141 3127 2218 paupertate,
3193 2154 3345 2199 cum
3405 2134 3633 2199 mortis
3679 2134 3952 2200 horrore
3997 2143 4064 2200 et
4105 2134 4250 2202 aliis
4294 2134 4665 2202 istiusmodi

2723 2218 3151 2285 incommodis
3197 2228 3263 2284 et
3307 2218 3565 2285 damnis
3608 2219 4055 2300 colluctemur,
4128 2221 4364 2304 quibus
4409 2223 4483 2286 in
4526 2222 4663 2287 dies

2726 2305 3063 2371 deficimus
3137 2325 3212 2370 ac
3281 2303 3351 2370 in
3412 2304 3690 2370 nihilum
3751 2305 4130 2391 redigimur.
4219 2307 4665 2374 Nihilominus

2728 2401 2944 2457 tamen
2983 2390 3110 2456 Dei
3149 2390 3407 2458 bonitas
3429 2391 3494 2455 in
3518 2391 3820 2458 omnibus
3847 2392 3990 2459 istis
4012 2392 4346 2459 aerumnis
4369 2393 4672 2477 splendet

2727 2499 2803 2544 ac
2862 2477 3080 2558 micat,
3136 2486 3212 2541 ut
3268 2488 3520 2543 astrum
3561 2478 3634 2542 in
3681 2477 3988 2557 tenebris,
4042 2488 4117 2543 ut
4158 2499 4293 2544 non
4334 2478 4666 2545 immerito

2728 2563 2865 2628 vita
2907 2561 3212 2646 hominis,
3258 2570 3325 2628 et
3361 2563 3505 2645 ipsa
3546 2574 3850 2630 senectus
3892 2564 3964 2631 in
4009 2563 4195 2630 bonis
4242 2577 4664 2647 reponantur.

2728 2648 2977 2715 Idcirco
3044 2648 3368 2713 Dominus
3433 2649 3724 2714 minatur
3788 2650 3926 2715 fore
3993 2660 4067 2715 ut
4109 2650 4176 2715 in
4222 2649 4471 2715 familia
4515 2650 4669 2716 Heli

2726 2734 2951 2801 nullus
3007 2740 3446 2812 consenescat,
3506 2736 3690 2817 quasi
3747 2733 3932 2801 Dous
3986 2736 4127 2819 ipse
4171 2736 4368 2801 morti
4410 2736 4670 2802 addicat

2728 2829 2795 2886 et
2836 2821 3113 2903 ipsemet
3155 2819 3491 2886 interimat
3535 2841 3762 2886 omnes
3801 2821 3959 2886 Heli
3994 2830 4302 2904 posteros,
4346 2832 4422 2887 ut
4453 2843 4668 2888 sacer·

2730 2906 2930 2971 dotali
2987 2904 3292 2988 deinceps
3335 2903 3653 2989 dignitate
3698 2907 4057 2989 priventur.
4149 2905 4362 2989 Saepe
4407 2907 4671 2991 quidem

2729 3012 2935 3058 unum
2978 3000 3093 3056 aut
3135 2991 3415 3057 alterum
3460 3000 3674 3058 morte
3718 2993 3951 3075 perimi
3994 2993 4065 3057 in
4109 2993 4391 3070 familiis,
4459 3004 4533 3059 at
4574 3003 4672 3058 to·

2731 3087 2872 3144 tam
2907 3076 3242 3160 exstingui
3285 3077 3598 3142 familiam
3644 3097 3793 3143 raro
3840 3079 4154 3144 videmus.
4220 3078 4314 3144 At
4347 3078 4457 3145 hic
4484 3077 4668 3144 Deus

2729 3183 3025 3230 severam
3072 3162 3304 3228 iudicis
3352 3160 3706 3228 vindictam
3752 3173 4048 3245 exercet,
4104 3172 4174 3230 et
4213 3165 4283 3229 in
4330 3164 4454 3230 hac
4498 3186 4674 3232 com-

2731 3249 3098 3314 minatione
3141 3247 3404 3314 divinae
3458 3248 3596 3314 irae
3653 3249 3920 3332 signum
3974 3258 4278 3334 apparet:
4338 3251 4530 3334 quasi
4572 3270 4673 3317 se·

2729 3340 2916 3420 paret
2979 3354 3020 3399 a
3084 3332 3353 3417 reliquis
3411 3340 3478 3400 ct
3534 3336 3809 3401 seorsim
3864 3335 4124 3404 ordinet
4180 3337 4317 3402 irae
4362 3357 4439 3402 ac
4481 3337 4676 3402 morti

2729 3421 3105 3488 destinatos.
3194 3418 3445 3487 Omnes
3506 3420 3773 3572 quidem
3827 3421 4040 3487 fateor
4102 3421 4183 3487 ab
4234 3422 4380 3505 ipso
4441 3422 4676 3488 matris

2728 3515 2915 3574 utero
2959 3506 3155 3572 morti
3198 3527 3426 3573 sumus
3466 3526 3506 3572 a
3551 3506 3725 3587 dict-i,
3772 3528 4005 3573 verum
4051 3514 4273 3574 tamen
4314 3528 4398 3573 ex
4443 3508 4673 3574 eadem

2728 3593 2976 3659 familia
3031 3592 3334 3659 nonnulli
3399 3593 3482 3656 ad
3541 3605 3867 3660 maturam
3924 3603 4204 3659 aetatem
4259 3596 4670 3678 perveniunt,

2730 3678 2840 3744 alii
2884 3679 3244 3744 immatura
3284 3688 3497 3745 morte
3542 3680 4076 3761 praeveniuntur,
4123 3688 4196 3744 ut
4241 3700 4376 3744 non
4413 3700 4550 3744 una
4585 3681 4673 3746 sit

2733 3764 3027 3830 omnium
3102 3763 3412 3831 conditio.
3499 3763 3629 3831 Sed
3705 3785 3907 3848 quum
3981 3764 4296 3831 adversus
4355 3765 4675 3831 familiam

2732 3871 2931 3915 unam
2998 3850 3123 3916 hoo
3187 3848 3524 3916 decretum
3587 3849 3713 3915 Dei
3783 3850 4010 3928 fertur,
4078 3860 4154 3917 ut
4214 3851 4435 3916 nullus
4478 3850 4552 3916 in
4599 3872 4676 3917 ea

2732 3944 3131 4002 senectutem
3197 3937 3554 4019 contingat,
3617 3935 3879 4002 divinae
3944 3936 4235 4002 iustitiae
4298 3947 4366 4002 et
4430 3937 4672 4003 furoris

2732 4021 2998 4105 signum
3038 4028 3140 4086 est
3175 4042 3309 4086 non
3346 4021 3633 4087 dubium.
3720 4022 3900 4088 Hinc
3932 4020 4277 4100 discamus,
4322 4023 4447 4088 etsi
4484 4024 4672 4089 nobis

2732 4108 2895 4173 haec
2957 4106 3088 4171 vita
3145 4107 3369 4172 multis
3423 4126 3573 4171 cum
3615 4107 3953 4192 angustiis,
4013 4108 4345 4175 aerumnis
4390 4118 4459 4173 et
4501 4109 4673 4174 cala·

2735 4191 3075 4259 mitatibus
3111 4190 3535 4277 transigenda
3567 4201 3684 4274 est,
3731 4203 3952 4260 tamen
3988 4194 4116 4259 Dei
4150 4192 4674 4261 benedictionem

2733 4279 2962 4362 quanti
3020 4298 3139 4360 par
3195 4287 3296 4344 est
3350 4279 3579 4359 facere,
3646 4287 3722 4345 ut
3777 4279 4092 4346 adversus
4135 4279 4461 4364 quaslibet
4503 4281 4676 4346 cala·

2734 4365 2998 4430 mitates
3032 4365 3457 4447 imperterriti
3492 4365 3786 4432 animum
3821 4367 4267 4445 obfirmemus,
4311 4373 4391 4431 ut
4429 4369 4676 4431 maiore

2735 4472 2913 4529 cura,
2970 4448 3205 4531 studio,
3260 4450 3481 4517 labore
3538 4459 3606 4515 et
3648 4451 4078 4518 sollicitudine
4123 4451 4192 4517 in
4236 4451 4377 4517 eius
4420 4453 4675 4518 cultum

2736 4545 2803 4602 et
2866 4535 3177 4602 honorem
3244 4537 3715 4614 incumbamus,
3779 4558 3982 4619 quum
4047 4538 4120 4601 in
4184 4537 4489 4603 omnibus
4533 4537 4678 4603 istis

2738 4621 3238 4688 difficultatibus
3297 4632 3607 4705 paternus
3666 4622 3806 4689 eius
3864 4626 3931 4688 in
3991 4642 4111 4687 nos
4160 4622 4422 4688 animus
4482 4624 4676 4689 afful-

2737 4719 2916 4792 geat:
2985 4708 3168 4773 cuius
3225 4717 3493 4792 gustum
3549 4718 3808 4775 tantum
3865 4708 4147 4791 aliquem
4191 4708 4261 4774 in
4318 4708 4421 4773 his
4482 4709 4678 4775 terris

2739 4794 3073 4872 habemus,
3141 4793 3345 4860 donec
3404 4792 3669 4860 tandem
3727 4793 3820 4860 iu·
3842 4806 4142 4860 aeternas
4181 4792 4369 4860 sedes
4414 4795 4678 4878 recepti,

2737 4879 2869 4945 iam
2912 4879 3064 4944 inde
3105 4888 3259 4944 ante
3302 4879 3473 4945 iacta
3514 4878 3744 4946 mundi
3787 4880 4216 4946 fundamenta
4261 4893 4680 4963 praeparatas

2739 4986 2816 5030 eo
2862 4964 3050 5049 plene
3089 4964 3407 5030 fruamur.
3497 4966 3748 5032 Verum
3784 4967 3962 5032 einm
3999 4986 4152 5030 vero
4195 4975 4263 5031 et
4300 4966 4422 5033 hoc
4456 4967 4678 5033 obser·

2741 5052 3051 5127 vandum,
3119 5050 3339 5116 Deum
3398 5071 3482 5117 ex
3539 5051 3643 5118 his
3698 5053 3891 5118 terris
3948 5050 4352 5118 auferentem
4411 5071 4526 5120 eos
4568 5053 4679 5136 qui

2739 5157 2873 5203 nou
2931 5145 3197 5204 matura
3248 5142 3459 5203 morte
3519 5138 4047 5219 praeveniuntur,
4120 5137 4216 5203 sic
4269 5138 4680 5222 temporariis

2740 5223 2970 5306 poenis
3025 5244 3134 5290 eos
3179 5223 3454 5303 afficere,
3515 5232 3591 5289 ut
3633 5232 3854 5291 tamen
3899 5244 4032 5290 non
4076 5222 4222 5290 ideo
4267 5223 4554 5291 deterior
4595 5226 4682 5291 sit
