5059 6059
282 304 367 369 97
1597 305 1697 373 ΙΝ
1742 308 1797 375 Ι.
1842 305 2025 374 LIB.
2063 304 2469 378 SAMUEL.
2513 304 2715 373 OAP.
2760 306 2918 374 XV.
4175 314 4261 382 98

279 491 543 594 aboleri,
610 496 767 595 quin
832 494 956 562 sibi
1013 495 1323 580 reliquias
1385 516 1641 597 semper
1706 496 1958 581 aliquas
2009 516 2218 564 reser-
2325 494 2448 560 bus
2507 514 2660 595 non·
2701 504 2844 561 erat
2898 496 3167 595 omnino
3221 496 3554 583 spoliatus.
3644 497 3895 600 Verum
3939 501 4265 601 scriptura

277 589 475 659 varit,
520 600 559 645 a
602 583 838 665 quibus
880 602 1071 650 suum
1119 603 1359 650 nomen
1402 593 1757 650 invocetur.
1834 581 2058 663 Quare
2101 601 2221 647 nos
2324 577 2512 646 docet
2575 588 2770 645 etiam
2827 588 3147 648 rationem
3213 604 3345 668 qua
3387 583 3656 660 Samuel
3715 585 4004 651 subitum
4058 598 4260 654 istum

276 673 538 748 oportet
577 688 723 734 esse
766 687 1127 749 persuasos,
1170 677 1514 751 postquam
1552 688 1595 733 a
1637 668 1779 734 Deo
1820 668 1892 732 in
1934 668 2219 733 filiorum
2324 664 2628 730 affectum
2674 667 2770 731 sic
2812 668 3228 749 compescuit,
3274 690 3358 733 ne
3400 669 3574 735 ultra
3597 669 3669 734 in
3712 672 4157 755 arrogantiam
4194 682 4262 739 et

277 772 628 818 numerum
675 753 963 836 adoptati
1009 773 1254 833 sumus,
1299 752 1483 819 nulla
1524 753 1874 820 metuenda
1914 752 2220 836 pericula,

274 837 515 920 quibus
558 839 800 923 alioqui
845 840 1073 906 terreri
1119 860 1474 923 possemus,
1530 840 1659 906 nisi
1701 839 1773 906 in
1817 840 2022 922 ipsius
2065 859 2218 905 con-

274 922 415 988 silii
458 924 1058 992 immutabilitatem
1101 925 1524 991 intueremur.
1615 924 1842 1008 ltaque
1884 925 2039 991 licet
2071 945 2218 990 sex·

275 1010 493 1076 centis
558 1012 787 1078 mortis
851 1009 1158 1094 periculis
1222 1012 1600 1096 cingamur,
1663 1010 1932 1078 minime
1997 1019 2216 1075 tamen

275 1094 736 1178 dubitandum,
819 1096 976 1179 quin
1053 1097 1223 1162 salvi
1290 1109 1357 1162 et
1421 1096 1779 1163 incolumes
1843 1095 2218 1173 evadamus,

271 1182 804 1265 quandoquidem
847 1201 1049 1266 penes
1091 1182 1308 1249 Deum
1352 1191 1451 1248 est
1506 1182 1847 1247 fortitudo:
1910 1179 2219 1264 quemad-

271 1266 545 1333 modum
589 1269 608 1332 i
733 1277 867 1335 met
909 1267 1082 1352 apud
1123 1269 1446 1336 Joannem
1493 1267 1817 1333 Dominus
1858 1277 2082 1332 noster
2124 1265 2217 1330 lo-

270 1354 537 1435 quitur:
644 1358 778 1419 ater
816 1373 991 1421 meus
1029 1356 1142 1438 qui
1181 1355 1356 1422 dedit
1388 1353 1549 1419 mihi
1579 1373 1734 1432 oves,
1777 1352 1983 1418 maim·
2016 1352 2213 1418 omni-

267 1438 396 1504 bus
436 1444 546 1505 est.
633 1439 890 1521 Quibus
945 1439 1159 1507 verbis
1200 1440 1464 1519 indicat,
1522 1440 1802 1506 salutem
1849 1448 2134 1503 nostram
2179 1457 2219 1502 a

267 1524 666 1591 mortalibus
721 1526 1038 1593 creaturis
1081 1527 1348 1592 minime
1390 1524 1706 1608 pendere:
1772 1525 1887 1590 sed
1933 1523 2134 1589 semel
2177 1542 2218 1587 a

263 1609 425 1676 Deo
465 1610 703 1677 electos
746 1620 816 1678 et
869 1611 941 1677 in
986 1631 1335 1678 numerum
1378 1611 1662 1678 filiorum
1708 1609 2047 1694 adoptatos
2092 1610 2222 1692 ipsi

259 1716 420 1762 esse
460 1716 676 1775 curae,
745 1717 822 1763 ac
879 1697 1152 1781 proinde
1210 1697 1346 1762 vim
1400 1716 1588 1763 suam
1632 1707 1700 1762 et
1741 1695 2102 1780 potentiam
2145 1694 2216 1760 in

259 1780 409 1848 illis
449 1802 708 1866 semper
748 1782 1216 1851 conservandis
1258 1781 1473 1848 Deum
1517 1803 1593 1848 re
1625 1782 1769 1865 ipsa
1810 1781 2218 1848 demonstra·

261 1877 523 1934 turum.
610 1866 862 1935 Verum
905 1869 1085 1936 enim
1126 1889 1289 1936 vero
1330 1887 1451 1934 nos
1507 1867 1704 1933 etiam
1750 1867 2037 1935 vicissim
2093 1887 2218 1951 par

261 1961 379 2019 est
419 1953 635 2038 ipsum
679 1953 957 2022 assiduis
1001 1955 1300 2038 precibus
1343 1952 1709 2033 sollicitare,
1774 1973 1862 2021 ne
1904 1973 2026 2019 nos
2067 1973 2217 2037 per·

259 2038 502 2105 mittat
555 2060 847 2123 unquam
900 2062 941 2106 a
997 2061 1066 2106 se
1123 2037 1444 2117 recedere,
1509 2047 1626 2106 aut
1680 2038 1819 2105 ulla
1882 2039 2217 2104 occasione

255 2125 505 2204 averti,
551 2145 636 2191 ne
678 2124 992 2194 adversus
1033 2125 1239 2209 ipsius
1284 2123 1593 2190 mandata
1637 2123 1992 2208 quidquam
2023 2123 2217 2190 facia-

263 2230 451 2290 mus,
527 2211 840 2295 nobisque
905 2211 1256 2295 perniciem
1317 2219 1386 2276 et
1448 2209 1726 2275 exitium
1790 2228 2217 2277 accersamus.

266 2295 499 2362 Tanto
539 2297 760 2380 itaque
783 2295 1238 2364 vehementius
1277 2317 1398 2362 nos
1440 2295 1523 2360 ad
1559 2295 1741 2361 illum
1777 2292 2220 2362 invocandum

265 2381 544 2448 incitari
581 2402 703 2466 par
744 2391 877 2461 est,
942 2391 1018 2448 ut
1074 2383 1283 2450 sancti
1337 2382 1606 2465 spiritus
1663 2381 1767 2446 sui
1813 2381 2056 2446 virtute
2097 2399 2219 2446 nos

261 2465 375 2532 sic
418 2467 661 2534 afficiat
702 2478 771 2535 et
812 2467 1135 2551 impellat,
1203 2477 1279 2533 ut
1344 2487 1478 2533 non
1524 2474 1781 2532 tantum
1823 2467 2062 2533 bonam
2107 2484 2219 2531 vo-

263 2550 605 2619 luntatem
649 2554 719 2618 in
763 2553 966 2638 ipsius
1010 2554 1243 2619 timore
1285 2551 1682 2632 ambulandi,
1746 2551 1863 2620 sed
1906 2551 2103 2618 etiam
2146 2550 2217 2615 in

264 2657 362 2704 ea
405 2639 885 2721 perseverandi,
928 2647 997 2706 et
1036 2639 1214 2705 malo
1258 2637 1604 2705 resistendi
1646 2636 1942 2704 studium
1985 2636 2216 2703 habea-

265 2744 451 2790 mus.
483 2724 896 2809 Quapropter
915 2725 1130 2793 locum
1152 2722 1338 2790 illum
1362 2723 1697 2791 Geneseos
1719 2723 1954 2789 animis
1976 2721 2217 2788 nostris

261 2809 480 2876 altius
520 2811 888 2895 infigamus,
947 2819 1024 2877 ut
1086 2809 1603 2892 quandoquidem
1650 2819 1888 2875 natura
1929 2807 2073 2874 Deo
2111 2809 2215 2872 in·

255 2898 399 2963 visi
466 2916 713 2975 sumus,
779 2905 847 2962 et
907 2896 1064 2962 inde
1128 2917 1169 2961 a
1230 2896 1461 2961 matris
1524 2905 1707 2962 utero
1774 2895 1867 2960 rei
1913 2902 2217 2960 aeternae

253 2981 771 3059 maledictionis,
839 2991 908 3049 et
949 3002 1068 3048 nos
1112 2990 1379 3047 aeterna
1421 2979 1751 3046 damnatio
1795 2991 2036 3058 manet,
2081 2978 2216 3044 dis-

251 3087 502 3135 eamus
554 3065 637 3134 ad
693 3067 1036 3151 specialem
1099 3066 1277 3133 illam
1333 3064 1595 3132 divinae
1654 3065 2023 3149 adoptionis
2065 3085 2219 3149 gra·

255 3154 443 3219 tiam
485 3153 838 3237 gratuitam
884 3154 1259 3237 confugere,
1302 3161 1378 3218 ut
1419 3152 1572 3219 facti
1616 3151 1794 3217 illius
1836 3150 1975 3228 filii,
2020 3151 2218 3216 etiam

253 3239 458 3324 grati
518 3239 644 3322 ipsi
687 3248 755 3305 et
796 3240 1044 3323 accepti
1087 3240 1311 3318 simus,
1372 3251 1436 3303 et
1488 3239 1557 3303 in
1598 3238 1785 3304 nobis
1826 3236 2216 3302 delectetur:

253 3324 821 3409 quemadmodum
883 3324 1035 3391 alibi
1098 3324 1339 3390 dicitur
1398 3324 1721 3390 Dominus
1776 3321 2082 3388 delectari
2150 3322 2217 3386 in

250 3431 473 3494 opere
535 3430 852 3476 manuum
918 3430 1202 3477 suarum.
1302 3409 1527 3492 Quare
1591 3430 1790 3493 quum
1858 3407 1984 3472 Dei
2047 3426 2220 3471 nova

253 3505 578 3565 ereatura
616 3496 953 3576 fuerimus,
1021 3505 1089 3561 et
1143 3495 1351 3562 sancti
1410 3494 1514 3562 sui
1570 3495 1840 3578 spiritus
1885 3502 2103 3558 notum
2147 3491 2220 3556 in

255 3582 468 3649 nobis
510 3582 933 3666 impresserit,
991 3589 1340 3665 nostraque
1381 3581 1644 3664 adoptio
1687 3589 1831 3645 rata
1877 3578 2094 3658 fuerit,
2136 3596 2222 3643 ne

253 3667 654 3733 dubitemus
711 3667 873 3751 quin
931 3667 1244 3734 adversus
1300 3668 1519 3732 omnia
1576 3665 1864 3750 pericula
1906 3664 2031 3729 tuti
2074 3683 2222 3730 con-

254 3774 642 3822 servemur.

453 3839 542 3904 Et
584 3839 663 3905 de
707 3839 830 3905 hac
873 3860 1029 3907 voce
1073 3837 1438 3906 Poenitendi
1477 3838 1809 3903 hactenus.
1869 3834 2222 3900 Caeterum

255 3925 389 3992 hic
435 3925 817 4006 notandum,
863 3945 989 4008 quo
1033 3925 1282 3990 maiora
1322 3936 1478 3989 sunt
1511 3922 1640 3988 Dei
1675 3942 1834 4006 erga
1869 3940 1992 3987 nos
2026 3921 2221 3987 bene·

255 4012 474 4088 facta,
518 4030 596 4076 eo
639 4011 932 4077 severius
975 4011 1116 4077 eius
1158 4010 1227 4075 in
1275 4029 1396 4074 nos
1441 4012 1603 4074 iram
1648 4027 2049 4086 exarsuram,
2093 4005 2221 4071 nisi

259 4106 469 4164 tanta
532 4095 705 4162 bona
768 4104 843 4162 ut
910 4116 1030 4179 par
1096 4105 1198 4162 est
1251 4105 1703 4179 agnoscentes,
1768 4093 2018 4160 meritis
2071 4112 2223 4156 eum

253 4179 587 4250 laudibus
664 4182 1089 4260 extollamus,
1172 4190 1239 4248 et
1301 4179 1554 4245 debitas
1618 4180 1866 4263 gratias
1933 4197 2225 4262 agamus,

254 4267 454 4356 quod
497 4269 591 4332 ita
939 4275 1164 4333 nostra
1197 4267 1267 4331 in
1314 4267 1452 4331 dies
1497 4275 1896 4349 augerentur
1935 4273 2001 4330 et
2035 4262 2222 4330 novis

255 4352 795 4422 cumularentur.
872 4351 1006 4421 Sed
1050 4352 1207 4438 quid
1252 4351 1418 4417 illud
1461 4360 1579 4426 est.
1623 4349 1795 4433 quod
1837 4349 2225 4435 indignatus

259 4438 555 4509 Samuel
612 4438 866 4516 dicitur,
925 4449 994 4504 et
1050 4440 1111 4504 ei
1179 4437 1353 4504 istud
1414 4436 1865 4520 displicuisse?
1956 4433 2223 4502 Adeone

257 4526 382 4594 sui
428 4523 705 4604 oblitus,
751 4533 822 4590 ut
857 4521 1177 4591 adversus
1223 4543 1416 4607 quem
1458 4524 1781 4588 irascatur
1825 4543 1956 4588 non
1986 4541 2222 4605 agnos·

258 4608 432 4680 cat?
519 4608 749 4692 Neque
793 4611 969 4677 enim
1027 4609 1310 4676 habebat
1353 4609 1461 4675 hic
1503 4625 1727 4691 parem
1786 4609 1893 4675 cui
1952 4626 2224 4672 succen-

257 4704 469 4774 seret,
516 4695 736 4761 nullus
792 4706 934 4761 erat
1041 4696 1106 4761 ui
1166 4695 1496 4779 negotium
1539 4694 1666 4777 ipsi
1712 4694 2088 4760 facesseret:
2143 4690 2223 4755 de

261 4782 420 4851 solo
484 4779 614 4846 Dei
679 4780 942 4848 decreto
1061 4779 1194 4847 auli
1259 4779 1736 4846 manifestando
1799 4779 1908 4846 hic
1972 4777 2223 4862 agitur:

265 4868 702 4954 quamobrem
745 4887 948 4950 quum
991 4865 1153 4933 adeo
1199 4865 1621 4933 vehementer
1665 4863 2066 4949 indignatur,
2108 4861 2221 4927 ad·

264 4974 510 5020 versus
569 4952 788 5019 Deum
847 4953 1068 5036 ipsum
1129 4952 1472 5037 insurgere
1536 4951 1704 5019 velle
1767 4951 2044 5017 videtur.
2127 4947 2224 5012 Et

266 5058 444 5106 sane
467 5035 842 5106 Samuelem
891 5038 1000 5106 bic
1041 5038 1223 5104 omni
1266 5038 1463 5121 eulpa
1503 5036 1783 5104 liberare
1823 5056 1957 5102 non
2001 5053 2226 5118 possu-

265 5146 448 5203 mus,
506 5124 668 5207 quin
719 5122 960 5206 aliquid
1007 5122 1283 5190 humani
1325 5144 1560 5207 passus
1601 5124 1706 5202 sit,
1752 5131 1820 5189 et
1874 5119 2227 5188 temeraria

265 5211 584 5297 passione
621 5207 899 5293 quadam
946 5209 1316 5292 abreptum.
1346 5229 1501 5276 nam
1559 5208 1864 5277 humanis
1905 5206 2223 5291 passioni·

425 5310 650 5369 Oalm‘m‘
680 5324 869 5380 opera.
944 5310 1065 5368 Vol.
1095 5307 1292 5366 XXX.

2320 770 2624 816 murmur
2666 751 3185 835 progrederetur,
3243 774 3477 838 nempe
3533 754 3615 822 ad
3676 754 3890 822 Deum
3956 758 4257 841 precibus

2321 845 2460 901 tota
2503 845 2689 902 nocte
2732 836 3043 904 clamans.
3128 838 3261 908 Hic
3304 840 3507 924 igitur
3548 839 4026 908 observandum
4061 863 4259 927 quam

2323 941 2527 1004 prava
2569 931 2638 988 et
2676 921 2970 1023 maligna
3008 924 3096 990 sit
3138 923 3477 991 homiuum
3521 935 3775 1026 natura,
3820 927 3931 1027 qui
3953 927 4097 994 Deo
4125 949 4257 996 non

2320 1009 3970 1192 {³:533t10055ffiff3030l3ffiff..2⁰32ssss
3996 1020 4256 1184 3:¹3:

2321 1178 2416 1244 ilh
2470 1179 2811 1262 obsequuti
2869 1179 3150 1266 fuerint,
3212 1194 3432 1247 tamen
3474 1181 3942 1266 obloquantur:
3997 1197 4065 1250 et
4118 1186 4258 1270 ipse

2322 1263 2617 1330 diabolus
2684 1265 2822 1331 suis
2887 1264 3050 1331 dolis
3111 1275 3184 1332 et
3244 1266 3587 1333 fraudibus
3643 1267 4118 1337 circumventos
4174 1269 4257 1340 ad

2322 1349 2538 1416 Deum
2602 1351 3063 1417 contumeliose
3127 1351 3577 1420 lacessendum
3635 1353 3950 1437 impellat.
4039 1357 4258 1440 Atque

2320 1436 2573 1502 utinam
2618 1456 2747 1502 non
2794 1447 2967 1502 esset
3008 1436 3186 1503 istud
3229 1447 3368 1505 tam
3409 1438 3618 1505 multa
3640 1440 4047 1522 experientia
4081 1460 4258 1508 com-

2320 1520 2685 1604 probatum,
2751 1532 2818 1587 et
2881 1521 3161 1606 quidem,
3225 1523 3395 1608 proh
3459 1523 3675 1591 dolor!
3744 1524 4049 1594 infaustis
4112 1527 4256 1595 istis

2321 1608 2561 1673 nostris
2604 1607 3025 1690 temporibus.
3081 1607 3298 1690 Quam
3341 1609 3582 1676 multos
3625 1611 3799 1676 enim
3846 1609 4068 1678 videas
4108 1611 4258 1678 nul·

2318 1693 2454 1758 lum
2500 1714 2764 1759 sensum
2810 1693 3124 1761 habentes
3167 1692 3430 1762 divinae
3473 1695 3766 1780 gratiae?
3855 1694 4044 1778 Quae
4100 1717 4257 1765 vero

2318 1797 2516 1845 causa
2566 1787 2668 1845 est
2723 1777 2851 1844 alia
2904 1799 3099 1862 quam
3141 1779 3315 1864 quod
3357 1801 3429 1847 se
3471 1781 3644 1863 ipsos
3688 1802 3819 1847 non
3862 1782 4255 1866 explorant?

2320 1864 2490 1930 Nam
2535 1873 2786 1929 certum
2831 1876 2932 1930 est
2973 1884 3086 1931 eos
3128 1866 3238 1950 qui
3282 1886 3427 1932 sese
3470 1887 3598 1931 non
3634 1873 3885 1933 norunt
3915 1868 4261 1951 explorare

2319 1969 2577 2034 semper
2619 1948 2868 2034 aliquid
2911 1951 2979 2016 in
3026 1971 3097 2017 se
3140 1951 3355 2019 acerbi
3397 1959 3786 2034 reperturos.
3852 1951 4024 2019 Nam
4066 1955 4260 2021 rebus

2319 2035 2478 2117 ipsis
2558 2055 2639 2101 ex
2717 2035 2921 2101 animi
2999 2036 3323 2102 sententia
3398 2037 3668 2103 minime
3743 2037 4257 2120 succedentibus,

2317 2121 2541 2187 statim
2585 2121 2687 2186 ira
2730 2130 3123 2188 exaestuant
3163 2130 3232 2187 et
3270 2122 3729 2190 effervescunt.
3796 2121 3951 2203 Sed,
3994 2143 4256 2208 quaeso,

2319 2206 2584 2290 quicum
2645 2205 2912 2274 tandem
2970 2226 3112 2274 esse
3171 2208 3293 2274 sibi
3358 2229 3499 2273 rem
3562 2209 3962 2275 arbitrantur
3981 2208 4014 2274 ?
4105 2208 4257 2290 Sed,

2320 2290 2489 2376 quod
2554 2292 2763 2357 maius
2828 2303 2933 2358 est
2953 2342 2971 2371 ,
3052 2292 3230 2376 ipsos
3307 2293 3532 2361 fideles
3610 2295 3835 2362 videas
3905 2315 3950 2360 a
4009 2294 4263 2366 diabolo

2321 2377 2677 2456 sollicitari,
2737 2387 2805 2442 et
2857 2376 2939 2444 ad
2996 2378 3417 2445 rebellionem
3464 2378 3851 2463 quibusdam
3894 2380 4103 2447 veluti
4146 2384 4263 2448 sti·

2321 2462 2520 2529 mulis
2563 2462 2845 2545 impelli,
2910 2464 3037 2529 nisi
3081 2464 3210 2530 Dei
3255 2463 3693 2532 misericordia
3735 2465 3803 2531 in
3847 2465 4062 2531 officio
4105 2467 4258 2533 reti·

2322 2555 2653 2614 narentur.
2711 2551 2802 2614 At
2846 2556 3066 2615 tamen
3112 2550 3388 2618 summis
3432 2551 3682 2617 viribus
3722 2549 4040 2619 adversus
4081 2551 4259 2619 istud

2318 2633 2566 2700 malum
2643 2633 3068 2717 pugnandum
3149 2643 3267 2715 est,
3342 2644 3421 2700 ut
3483 2658 3565 2701 ex
3614 2646 3898 2720 ugnetur
3961 2637 4043 2705 ab
4119 2639 4260 2722 ipso

2318 2720 2537 2786 initio:
2604 2733 2674 2784 et
2735 2738 2854 2802 pro
2920 2738 2999 2784 eo
3061 2719 3232 2804 quod
3291 2658 3612 2787 incredufl
3667 2721 3879 2806 magis
3920 2724 4259 2808 magisque

2317 2806 2390 2872 in
2433 2805 2569 2872 iras
2602 2804 3059 2884 effervescunt,
3103 2815 3171 2871 et
3203 2805 3516 2872 adversus
3550 2805 3764 2872 Deum
3803 2807 4004 2874 veluti
4039 2808 4258 2878 furore

2320 2890 2553 2977 perciti
2617 2890 2948 2968 feruntur,
3018 2900 3356 2975 postquam
3422 2890 3624 2957 semel
3686 2900 3906 2958 mente
3969 2892 4053 2959 ab
4115 2894 4258 2978 ipso

2320 2986 2478 3044 sunt
2521 2977 2807 3054 alienati,
2856 2987 2925 3042 et
2967 2985 3405 3060 contemptum
3450 2975 3629 3042 illius
3672 2977 4028 3046 maiestatis
4070 2979 4142 3044 in
4184 2999 4256 3046 se

2320 3062 2745 3141 admiserunt,
2791 3081 2912 3129 nos
2947 3069 3176 3129 contra
3211 3062 3464 3128 fortiter
3500 3060 3846 3129 adversum
3868 3062 4253 3147 cupiditates

2323 3158 2583 3214 nostras
2639 3167 3024 3231 pugnemus,
3092 3167 3303 3230 neque
3360 3167 3652 3230 unquam
3710 3149 4001 3214 animum
4023 3196 4041 3233 ,
4104 3149 4256 3217 licet

2325 3231 2648 3299 violenter
2667 3253 2708 3297 a
2731 3232 2988 3299 diabolo
3022 3231 3105 3299 ad
3140 3232 3557 3299 rebellionem
3592 3232 3942 3314 sollicitati,
3975 3234 4254 3318 despon-

2323 3318 2607 3384 deamus.
2695 3317 2866 3384 Nam
2926 3326 2994 3384 et
3048 3318 3608 3386 sanctissimorum
3652 3318 3764 3401 qui
3808 3339 4095 3403 unquam
4138 3341 4255 3386 ex·

2321 3406 2635 3471 stiterunt
2680 3403 2971 3469 virorum
3018 3403 3186 3472 hanc
3224 3405 3425 3470 fuisse
3465 3402 3899 3472 conditionem
3942 3404 4254 3473 videmus.

2322 3488 2694 3574 Prophetae
2726 3488 2851 3573 ipsi
2886 3510 3105 3556 nonne
3141 3488 3420 3574 quadam
3455 3490 3905 3574 indignatione
3939 3499 4008 3556 et
4039 3492 4256 3559 animo

2323 3596 2519 3658 saepe
2562 3586 2717 3641 sunt
2759 3576 3086 3654 commoti,
3134 3596 3331 3659 quum
3379 3574 3714 3641 videretur
3752 3575 4100 3642 universus
4141 3597 4259 3660 po·

2325 3661 2521 3746 pulus
2543 3683 2584 3726 a
2604 3660 2747 3726 Deo
2783 3659 3149 3740 derelictus,
3187 3660 3500 3744 improbis
3532 3660 3797 3727 interim
3820 3659 3949 3726 Dei
3988 3663 4260 3730 verbum

2324 3745 2938 3816 contemnentibus?
3028 3747 3261 3813 Nonne
3315 3747 3388 3811 in
3447 3745 3569 3812 has
3625 3766 3817 3813 voces
3872 3755 4266 3829 eruperunt:

2326 3833 2553 3916 Usque
2607 3853 2756 3915 quo,
2825 3832 3123 3911 Domine,
3190 3832 3318 3898 viri
3376 3831 3653 3914 improbi
3712 3830 4266 3899 dominabuntur?

2330 3940 2538 4002 usque
2580 3938 2709 4002 quo
2752 3918 3021 4001 patieris
3064 3916 3211 3983 illos
3257 3918 3457 3986 trium
3507 3916 3687 3995 hare,
3747 3925 3814 3982 et
3873 3917 4268 4003 blasphemis

2329 4005 2596 4073 vocibus
2642 4013 2822 4070 tuam
2867 4003 3141 4088 gloriam
3186 4004 3445 4086 proscin
3492 4011 3677 4069 entes
3719 4002 3985 4070 efferri?
4055 4005 4265 4070 'Euam

2328 4111 2487 4158 vero
2530 4088 2874 4157 ecclesiam
2912 4109 3028 4172 per
3058 4108 3388 4154 summum
3424 4086 3703 4155 dedecus
3738 4089 3805 4153 et
3841 4090 4265 4173 ignominiam

2328 4175 2549 4259 diripi,
2614 4184 2681 4240 et
2722 4173 2802 4239 ab
2846 4173 3064 4257 impiis
3117 4173 3466 4258 proscindi,
3525 4194 3673 4239 cum
3729 4182 3881 4240 tuae
3936 4174 4266 4257 potentiae

2328 4271 2393 4328 et
2435 4261 2702 4328 virtutis
2761 4279 3017 4326 summo
3074 4259 3497 4343 contemptu?
3587 4257 3766 4341 Quid
3810 4280 3963 4343 ergo
4007 4279 4264 4342 promo-

2328 4367 2565 4413 vemus
2605 4359 2670 4411 te
2713 4343 3049 4412 colentes?
3110 4344 3288 4412 Sane
3331 4344 3683 4429 prophetas
3728 4344 4026 4411 videmus
4069 4363 4265 4426 saepe

2325 4433 2521 4498 fateri
2564 4450 2637 4498 se
2693 4432 2830 4498 suis
2887 4430 3299 4514 passionibus
3355 4431 3449 4497 sic
3508 4428 3662 4495 abre
3707 4437 3828 4509 tos,
3873 4438 3946 4494 ut
3987 4429 4265 4495 libenter

2326 4538 2546 4586 coram
2590 4516 2738 4582 Deo
2783 4516 2963 4584 velut
3004 4536 3224 4582 coram
3270 4527 3529 4582 terreno
3572 4451 3783 4582 iudice
3842 4512 4263 4598 disceptaturi

2323 4603 2591 4670 fuerint.
2693 4601 2974 4670 Interim
3041 4623 3197 4668 vero
3260 4600 3461 4668 semel
3528 4599 3787 4685 quidem
3853 4597 3997 4665 Deo
4059 4599 4263 4665 veluti

2325 4687 2795 4756 contradixisse
2819 4687 3144 4754 videmus:
3191 4696 3387 4771 atque
3422 4685 3581 4752 adeo
3614 4684 3820 4751 veluti
3845 4684 4264 4752 anathemata

2326 4774 2488 4853 fieri,
2534 4795 2617 4840 ex
2664 4772 3032 4841 vehementi
3079 4772 3319 4853 dolore,
3360 4789 3486 4854 quo
3522 4770 3974 4837 afficiebantur
4005 4770 4264 4836 intuen-

2327 4871 2427 4926 tes
2491 4859 2619 4924 Dei
2704 4880 2948 4926 nomen
3025 4857 3426 4942 blasphemis
3489 4856 3754 4923 vocibus
3817 4856 4261 4939 improborum

2326 4944 2678 5030 proscindi,
2723 4945 2977 5029 Demus
2996 4944 3335 5012 ecclesiam
3356 4942 3648 5026 graviter
3681 4941 3909 5024 premi,
3953 4949 4022 5007 et
4055 4940 4264 5008 veluti

2328 5029 2600 5116 pedibus
2641 5030 2732 5096 im
2782 5032 2991 5097 iorum
3044 5029 3302 5096 calcari.
3389 5026 3503 5094 Sic
3546 5025 3859 5093 Ieremias
3903 5026 4260 5093 Dominum

2326 5117 2694 5219 alloquens:
2847 5138 2907 5201 o,
2951 5116 3180 5199 inquit,
3226 5112 3512 5179 Domine
3557 5109 3742 5180 video
3787 5130 4027 5178 nomen
4071 5120 4260 5179 tuum

2325 5205 2677 5290 impiorum
2701 5223 2813 5270 cac
2863 5203 3039 5270 inuis
3058 5208 3126 5269 et
3148 5200 3280 5266 risu
3316 5196 3664 5282 profanari.
3735 5195 3909 5264 Sane
3944 5205 4261 5283 tanquam
