5059 6059
738 277 867 344 507

739 464 988 545 hendit,
1049 473 1122 533 ut
1177 464 1439 548 qualem
1494 482 1639 529 esse
1693 470 1989 547 oporteat
2030 462 2528 530 conversionem
2572 462 2686 529 do-

740 563 906 630 ceat.
972 552 1029 620 si
1094 571 1134 617 a
1192 550 1334 617 Deo
1391 548 1906 616 misericordiam
1962 549 2314 633 impetrare
2371 549 2688 633 cupimus,

746 658 980 723 nempe
1020 637 1094 702 in
1137 637 1385 719 primis,
1430 655 1516 701 ne
1561 634 1900 701 dimidiata
1942 636 2028 701 sit
2069 643 2138 700 et
2179 634 2508 714 simulata,
2573 634 2689 702 sed

743 723 1025 808 simplex
1069 732 1136 787 et
1178 743 1263 787 ex
1306 742 1473 804 pura
1505 731 1756 788 mente:
1802 720 2037 787 deinde
2071 740 2155 786 ne
2187 720 2531 801 instabilia,
2574 719 2689 786 sed

742 811 999 876 firmam
1058 809 1387 890 fixamque
1443 807 1514 872 in
1572 806 1812 874 animis
1855 806 2076 873 sedem
2120 805 2392 885 habeat;
2447 827 2534 873 ne
2575 805 2691 872 Iu-

742 897 937 964 daeos
982 894 1159 961 leves
1202 903 1269 958 et
1308 893 1757 959 inconstantes
1799 892 2154 969 imitemur,
2212 913 2291 959 ac
2332 891 2551 958 Deum
2593 891 2692 977 ig-

741 1002 894 1048 nem
941 1001 1086 1047 esse
1120 987 1615 1047 consumentem
1659 999 1732 1044 re
1774 978 1919 1062 ipsa
1962 979 2410 1062 experiamur:
2456 976 2572 1044 sed
2617 983 2692 1043 ut

740 1069 957 1151 potius
985 1065 1153 1132 altas
1195 1075 1434 1149 agente
1475 1063 1546 1128 in
1591 1063 1778 1130 nobis
1820 1064 2072 1131 radices
2115 1063 2197 1129 ad
2241 1065 2441 1130 finem
2485 1084 2691 1147 usque

739 1171 1233 1237 perseveremus
1295 1150 1368 1214 in
1425 1148 1790 1216 obedientia
1847 1159 1916 1215 et
1973 1151 2203 1215 timore
2244 1148 2396 1214 Dei.
2482 1149 2690 1216 Deni-

740 1259 870 1324 que
927 1238 1211 1304 sciamus
1265 1256 1344 1301 ea
1401 1255 1564 1320 quae
1620 1233 1730 1303 hic
1785 1234 2057 1302 Samuel
2097 1234 2359 1301 Iudaeis
2405 1233 2565 1303 dicit
2606 1234 2689 1300 ad

742 1345 864 1391 nos
906 1324 1105 1391 etiam
1149 1322 1496 1404 pertinere.
1584 1321 1759 1386 Nam
1802 1321 1946 1399 etsi,
1990 1320 2135 1386 Deo
2179 1341 2299 1387 nos
2335 1319 2419 1386 ad
2460 1321 2689 1406 poeni-

740 1411 1017 1477 tentiam
1061 1407 1463 1488 sollicitante,
1537 1405 2012 1492 quodammodo
2053 1426 2555 1486 commovemur,
2622 1415 2693 1472 et

740 1518 814 1564 re
870 1498 1014 1579 ipsa
1066 1494 1139 1559 in
1210 1494 1395 1559 nobis
1453 1494 1613 1577 ipsis
1664 1513 1930 1559 sensum
2000 1501 2414 1576 peccatorum
2496 1490 2693 1558 habe-

739 1603 907 1660 mus,
952 1602 1079 1665 quo
1125 1579 1207 1646 ad
1245 1580 1465 1645 Deum
1498 1579 1964 1662 requirendum
2001 1578 2420 1662 impellimur,
2464 1587 2687 1644 tamen

737 1664 1163 1736 claudicando
1219 1663 1289 1729 id
1348 1664 1639 1743 facimus,
1699 1672 1767 1730 et
1822 1684 2017 1749 saepe
2070 1666 2139 1730 in
2182 1663 2291 1732 via
2333 1663 2551 1730 media
2593 1664 2690 1729 la-

741 1755 959 1822 bimur
1001 1762 1071 1820 et
1112 1751 1528 1831 offendimus,
1571 1760 1644 1817 ut
1734 1759 2009 1815 uantum
2053 1772 2185 1817 uno
2228 1749 2393 1833 pede
2438 1770 2691 1833 promo-

739 1859 992 1916 vemus,
1051 1847 1315 1903 tantum
1374 1837 1581 1903 altero
1640 1856 1717 1902 su
1762 1835 1916 1901 inde
1959 1834 2444 1920 regrediamur:
2504 1835 2689 1901 deni-

740 1947 867 2011 que
909 1944 1248 2008 nunquam
1285 1924 1501 1989 Deum
1537 1943 1616 1989 ea
1648 1942 1777 2005 qua
1812 1942 1932 2006 par
1966 1931 2140 1988 esset
2171 1921 2691 2005 promptitudine

742 2021 810 2079 et
869 2010 1207 2078 alacritate
1265 2008 1695 2091 requirimus;
1758 2027 1963 2093 quare
2020 2017 2280 2090 oportet
2344 2028 2462 2075 nos
2518 2008 2689 2074 serio

742 2096 1103 2177 admoneri,
1147 2115 1233 2160 ne
1267 2094 1604 2162 conversio
1639 2103 1866 2160 nostra
1900 2095 2054 2160 ficta
2088 2093 2178 2159 sit
2210 2104 2329 2159 aut
2360 2094 2689 2177 simulata,

741 2193 812 2252 et
854 2190 930 2249 ut
969 2182 1054 2248 ad
1099 2182 1315 2264 ipsum
1355 2180 1654 2246 conversi
1691 2179 1903 2246 eidem
1939 2180 2061 2246 soli
2096 2200 2214 2246 nos
2248 2179 2691 2261 subiiciamus,

748 2289 957 2353 neque
999 2287 1290 2350 unquam
1334 2266 1463 2331 alio
1505 2274 1988 2333 convertamur.

916 2354 1125 2419 Porro
1170 2372 1302 2418 non
1344 2350 1581 2417 leviter
1620 2350 1737 2416 illa
1772 2349 1971 2416 verba
2005 2349 2501 2435 praetereunda,
2545 2349 2690 2434 qui-

742 2442 867 2508 bus
910 2438 1218 2505 iubentur
1258 2437 1434 2504 idola
1474 2437 1552 2504 de
1591 2436 1793 2502 medio
1833 2437 1939 2503 sui
1975 2435 2196 2518 tollere,
2254 2442 2313 2502 et
2353 2435 2688 2503 Astaroth:

745 2524 853 2593 De
907 2545 1068 2592 voce
1120 2522 1440 2589 Astaroth
1494 2520 1784 2589 diximus
1836 2521 1907 2587 in
1964 2521 2135 2588 libro
2186 2521 2506 2604 Indicum,
2563 2543 2693 2606 qua

748 2630 1219 2693 nonnunquam
1274 2607 1494 2691 plures
1551 2607 1661 2686 dii,
1718 2627 2192 2693 nonuunquam
2234 2608 2470 2675 unicus
2509 2608 2691 2675 solus

746 2696 1150 2781 designatur,
1222 2692 1337 2761 sed
1409 2693 1532 2760 hoc
1603 2692 1744 2760 loco
1815 2694 2211 2777 generaliter
2282 2713 2403 2776 pro
2456 2694 2691 2777 quovis

747 2783 1098 2850 simulacro
1140 2780 1426 2865 ponitur,
1473 2778 1645 2864 quod
1689 2777 1814 2845 sibi
1855 2777 2102 2847 ethnici
2145 2779 2531 2848 idololatrae
2572 2782 2692 2846 fin·

747 2877 1007 2947 xerunt,
1082 2877 1275 2952 prout
1331 2864 1602 2933 solertes
1657 2865 1935 2930 fuerunt
1990 2863 2220 2931 Iudaei
2282 2865 2353 2931 in
2418 2867 2689 2950 conqui-

749 2955 969 3022 rendis
1027 2952 1310 3035 undique
1370 2952 1558 3017 novis
1614 2950 2207 3034 superstitionibus,
2262 2950 2500 3035 quibus
2556 2954 2689 3019 sin-

747 3062 936 3107 cerus
990 3039 1117 3104 Dei
1163 3038 1382 3105 cultus
1434 3036 1912 3121 profanaretur.
2000 3034 2363 3103 Derivatur
2402 3057 2538 3103 vox
2577 3038 2694 3104 illa

748 3126 832 3194 ab
873 3125 1124 3202 ovibus,
1189 3122 1359 3207 quod
1401 3122 1718 3189 eiusmodi
1762 3121 2095 3189 sacrificiis
2136 3123 2267 3190 illis
2309 3123 2498 3190 idolis
2542 3124 2691 3190 lita-

751 3222 950 3279 retur.
1039 3208 1312 3277 Samuel
1355 3210 1574 3293 itaque
1617 3207 1763 3273 istis
1806 3208 2076 3274 vocibus
2118 3209 2427 3293 populum
2472 3208 2694 3276 docuit

750 3298 876 3365 duo
921 3296 1035 3362 illa
1074 3294 1271 3361 simul
1315 3304 1496 3360 stare
1538 3313 1671 3359 non
1714 3313 1921 3377 posse,
1963 3293 2078 3360 sed
2122 3315 2262 3362 esse
2307 3316 2437 3360 non
2473 3295 2692 3362 minus

750 3403 945 3467 qnam
1011 3382 1231 3466 ignem
1289 3393 1359 3446 et
1415 3399 1655 3463 aquam
1708 3381 2161 3464 repugnantia,
2234 3402 2473 3463 purum
2531 3391 2693 3466 puta

750 3469 876 3533 Dei
906 3468 1179 3551 cultum,
1222 3475 1288 3531 et
1312 3465 1655 3531 institutas
1696 3464 1780 3531 ab
1824 3464 2202 3533 hominibus
2241 3466 2432 3533 idolis
2473 3486 2692 3533 caere·

751 3556 1022 3621 monias.
1111 3553 1176 3618 A
1250 3574 1330 3617 ue
1370 3551 1532 3618 haec
1575 3549 1871 3618 doctrina
1905 3571 2163 3619 summa
2196 3553 2560 3619 attentione
2592 3562 2694 3620 est

753 3640 938 3706 nobis
1001 3659 1211 3722 expen
1259 3637 1445 3704 enda.
1530 3636 1704 3704 Nam
1762 3645 1839 3703 ut
1890 3657 1936 3702 a
1986 3646 2227 3704 natura
2269 3640 2510 3705 nostris
2554 3638 2694 3724 opi·

755 3725 1058 3791 nionibus
1101 3723 1481 3808 decipimur,
1525 3732 1595 3789 et
1633 3723 1855 3790 Deum
1900 3723 2218 3791 vellemus
2259 3723 2448 3792 nobis
2485 3725 2499 3739 '
2598 3745 2696 3792 os-

752 3831 901 3878 cere
944 3811 1201 3896 quoties
1243 3809 1470 3876 fallere
1511 3808 1729 3892 ipsum
1773 3815 2093 3893 optamus,
2132 3818 2202 3877 et
2242 3810 2341 3876 illi
2383 3810 2503 3877 illu
2551 3831 2692 3877 ere:

753 3897 848 3963 sic
891 3898 1089 3961 etiam
1131 3896 1465 3979 improbus
1507 3903 1573 3960 et
1615 3893 1855 3977 impius
1895 3894 2009 3962 ille
2054 3896 2326 3964 affectus
2364 3897 2556 3963 nobis
2597 3897 2694 3962 in-

757 3992 949 4048 natus
1005 3991 1125 4060 est,
1169 3991 1245 4046 ut
1286 3980 1368 4047 ad
1412 3980 1540 4045 Dei
1583 3980 1838 4048 cultum
1879 4001 2138 4065 semper
2182 3980 2262 4047 de
2307 3990 2529 4048 nostro
2572 3984 2693 4049 ali·

753 4066 909 4151 quid
969 4065 1210 4132 addere
1266 4067 1629 4149 cupiamus,
1682 4078 1752 4131 et
1803 4066 2066 4132 aliunde
2125 4068 2402 4134 subinde
2447 4068 2690 4153 aliquid

753 4152 1233 4237 conquiramus,
1293 4166 1364 4216 ut
1420 4171 1754 4235 nunquam
1797 4151 1977 4219 intra
2018 4152 2196 4220 illius
2236 4154 2693 4238 simplicitatis,

753 4261 947 4323 quam
994 4248 1328 4321 tantopere
1373 4237 1558 4304 Deus
1599 4258 1639 4302 a
1682 4237 1871 4305 nobis
1912 4238 1982 4304 in
2025 4238 2207 4310 cultu
2240 4261 2362 4306 suo
2392 4241 2691 4324 requirit,

755 4327 1071 4392 terminos
1138 4324 1555 4390 retineamur.
1643 4322 1864 4406 Atque
1920 4324 2080 4391 adeo
2139 4336 2274 4390 tam
2329 4326 2499 4394 altas
2556 4327 2696 4412 agit

754 4413 823 4477 in
884 4411 1071 4477 nobis
1122 4410 1296 4475 istud
1344 4409 1576 4475 vitium
1624 4408 1891 4494 radices,
1945 4421 2020 4477 ut
2064 4432 2399 4495 nunquam
2440 4412 2523 4479 de
2564 4413 2694 4479 Dei

754 4496 1112 4579 praeceptis
1177 4496 1558 4579 cogitemus,
1623 4516 1833 4579 neque
1890 4496 1971 4563 ad
2029 4496 2192 4562 illud
2249 4497 2690 4577 advertamus,

756 4584 834 4649 de
907 4604 1032 4663 quo
1092 4583 1159 4645 in
1220 4583 1422 4647 sacris
1452 4582 1865 4652 ‘namnetim
1919 4582 2366 4660 admonemur,
2436 4606 2692 4668 nempe,

754 4669 1000 4736 cultum
1043 4689 1234 4751 quem
1282 4667 1427 4732 Deo
1468 4665 1897 4734 obtulerimus
1933 4690 2267 4753 nunquam
2303 4669 2399 4733 illi
2431 4682 2693 4753 gratum

756 4758 911 4828 fore,
956 4755 1080 4819 nisi
1127 4754 1247 4817 soli
1294 4752 1388 4817 illi
1423 4753 1795 4820 offeramus.
1882 4754 2115 4837 Itaque
2153 4754 2372 4821 nullus
2410 4757 2517 4822 hic
2553 4779 2694 4823 esse

756 4852 968 4922 potest
1039 4839 1270 4903 ritibus
1342 4861 1382 4904 a
1445 4840 1590 4904 Deo
1655 4841 2074 4922 praescriptis
2136 4860 2285 4907 cum
2351 4840 2693 4909 hominum

758 4926 1139 4991 commentis
1201 4924 1405 4991 loeus:
1472 4924 1587 4990 sed
1645 4925 1826 4993 Deus
1878 4926 2055 4992 solus
2107 4924 2418 4996 colendus
2473 4941 2572 4996 est
2631 4944 2698 4995 et

759 5009 1126 5078 adorandus
1186 5012 1327 5078 sine
1371 5011 1563 5077 socio.
1649 5009 1817 5076 Inde
1860 5010 2026 5076 illud
2069 5012 2243 5095 apud
2285 5013 2695 5083 Ezechielem

763 5095 1161 5176 prophetam,
1242 5109 1316 5162 ut
1381 5094 1660 5162 Iudaeos
1724 5098 1910 5163 Deus
1970 5097 2051 5163 ad
2119 5110 2479 5166 stercoreos
2545 5123 2697 5169 suos

760 5182 914 5246 deos
949 5180 1252 5248 colendos
1288 5181 1615 5261 amandet,
1661 5194 1728 5250 et
1764 5183 1958 5267 plane
1991 5183 2179 5250 illum
2214 5185 2482 5253 reiiciat.
2526 5188 2698 5254 Nam

2379 272 2798 341 HOMILIA
2837 273 3105 341 XXIV.

4595 278 4709 346 508

2788 464 2915 532 hoo
2978 463 3139 531 vitio
3200 483 3461 547 semper
3523 461 3909 531 laborabant
3968 473 4044 530 ut
4107 485 4178 530 se
4241 463 4463 530 Deum
4525 465 4724 532 colere

2790 549 2914 616 sibi
2949 550 3438 634 persuaderent,
3474 549 3668 616 modo
3700 550 3771 614 in
3802 548 4047 633 templo
4070 550 4385 616 sacrificia
4406 550 4723 626 offerrent,

2789 645 2858 702 et
2898 635 3455 703 circumcisionem
3497 635 3875 715 retinerent,
3919 635 4075 702 licet
4117 636 4185 700 in
4231 636 4440 720 ipsius
4483 636 4723 704 cultum

2792 722 3170 806 peregrinas
3213 741 3379 805 quas
3420 719 3504 787 ab
3542 720 3824 786 ethnicis
3867 735 4253 805 acceperant
4293 724 4726 789 caeremonias

2792 816 2858 872 et
2903 808 3058 873 deos
3100 806 3511 874 inveherent.
3602 809 3695 872 At
3736 806 3923 872 Deus
3966 826 4037 872 se
4081 808 4249 872 nibil
4293 809 4571 873 istorum
4601 830 4730 875 om-

2792 893 2977 958 nium
3037 901 3374 976 acceptum
3433 892 3675 960 habere
3733 892 3952 976 palam
4011 902 4309 971 testatur,
4366 908 4437 957 et
4492 906 4728 972 centia,

2793 999 2865 1045 se
2909 978 3335 1046 vehementer
3368 976 3609 1046 offendi
3644 978 3953 1044 simulato
3988 979 4278 1064 ipsorum
4314 979 4502 1046 cultu
4535 983 4732 1047 variis

2792 1063 3369 1149 superstitionibus
3429 1074 3495 1129 et
3552 1063 3967 1132 idolomaniis
4017 1078 4324 1148 corrupto
4381 1078 4451 1130 et
4509 1065 4731 1150 depra-

2794 1160 2977 1226 vato:
3033 1169 3234 1234 quare
3284 1150 3406 1216 ait:
3463 1148 3663 1217 Abite
3722 1149 3805 1215 ad
3865 1150 4043 1218 Deos
4101 1163 4370 1230 vestros,
4431 1151 4580 1216 nolo
4618 1174 4733 1218 vos

2795 1234 3045 1302 diutius
3103 1236 3349 1301 cultum
3406 1255 3627 1301 meum
3688 1247 3757 1301 et
3813 1236 4221 1303 maiestatem
4272 1257 4488 1302 meam
4526 1240 4733 1321 profa-

2792 1331 3029 1388 nantes
3073 1321 3371 1388 tolerare.
3459 1320 3578 1402 Ac,
3623 1322 3908 1401 obsecro,
3953 1342 4154 1406 quam
4198 1321 4582 1389 detestanda
4621 1325 4736 1388 illa

2790 1407 3150 1492 profanatio
3204 1406 3467 1474 divinae
3520 1406 3898 1487 maiestatis,
3967 1426 4170 1490 quum
4235 1408 4383 1474 Deo
4440 1418 4509 1473 et
4549 1409 4739 1475 idolis

2792 1494 3044 1560 servire
3086 1491 3386 1559 homines
3427 1513 3497 1560 se
3541 1514 3728 1575 posse
3769 1492 3893 1559 sibi
3939 1493 4377 1577 persuadent?
4426 1492 4562 1560 Nae
4602 1515 4738 1560 non

2793 1579 3003 1663 magis
3035 1580 3165 1644 ista
3197 1580 3375 1645 inter
3406 1598 3478 1643 se
3512 1579 3920 1645 conveniunt
3951 1599 4146 1662 quam
4184 1580 4301 1646 lux
4322 1590 4386 1644 et
4412 1581 4740 1647 tenebrae.

2793 1664 3019 1746 Quare
3061 1665 3120 1729 si
3164 1663 3427 1731 divinae
3470 1663 3808 1731 doctrinae
3850 1666 4203 1749 puritatem
4251 1666 4534 1732 retinere
4566 1670 4744 1751 cupi·

2794 1771 2963 1829 mus,
2999 1770 3228 1816 omnes
3264 1750 3517 1817 alienae
3549 1750 4068 1818 abominationes
4101 1765 4258 1817 sunt
4292 1752 4555 1835 penitus
4589 1753 4743 1817 reii-

2792 1834 3078 1902 ciendae.
3167 1834 3343 1918 Quid
3387 1847 3696 1921 putamus
3732 1837 3938 1921 igitur
3980 1836 4176 1903 hodie
4209 1837 4512 1903 futurum
4544 1839 4744 1903 mise·

2793 1923 2886 1986 ris
2927 1921 3058 1987 illis
3101 1922 3390 2006 papistis,
3437 1922 3550 2004 qui
3595 1921 3757 1989 adeo
3799 1922 4279 1988 contumaciter
4319 1944 4475 1990 suas
4507 1945 4744 2008 super·

2791 2007 3089 2074 stitiones
3124 2009 3426 2088 retinent,
3472 2017 3547 2074 ut
3573 2006 3700 2073 sibi
3743 2008 4182 2091 persuadeant
4226 2030 4355 2074 nen
4401 2009 4739 2093 ingratum

2793 2113 2935 2160 esse
2993 2091 3139 2159 Deo
3196 2094 3469 2173 cultum,
3528 2113 3724 2177 quem
3767 2093 3864 2158 illi
3907 2114 3992 2160 ex
4035 2094 4262 2160 multis
4309 2094 4744 2179 undequaque

2791 2178 3072 2244 corrasis
3131 2179 3471 2245 hominum
3517 2179 3904 2246 commentis
3945 2178 4274 2245 offerunt?
4343 2181 4557 2246 Aiunt
4595 2183 4743 2265 qui·

2794 2262 2942 2331 dem
2999 2264 3099 2330 illi
3150 2265 3221 2330 in
3282 2264 3545 2330 nomine
3599 2264 3752 2331 Iesu
3810 2264 4060 2333 Christi
4103 2265 4559 2344 invocandum,
4668 2271 4733 2332 ui

2795 2361 3016 2416 noster
3058 2349 3376 2416 mediator
3417 2349 3589 2435 apud
3633 2361 3890 2435 patrem
3929 2365 4063 2418 est:
4109 2373 4338 2416 verum
4385 2353 4496 2418 vix
4540 2352 4587 2417 h
4674 2357 4735 2420 ie

2795 2456 2832 2500 e
2867 2435 3048 2503 mille
3080 2437 3351 2520 papistis
3385 2457 3591 2502 unum
3626 2437 3949 2515 invenias,
3986 2437 4101 2522 qui
4135 2436 4357 2503 Iesum
4394 2438 4734 2506 Christum

2796 2522 3063 2589 unicum
3138 2522 3525 2589 advocatum
3597 2535 3666 2588 et
3728 2523 4152 2590 mediatorem
4202 2536 4503 2590 nostrum
4563 2527 4734 2609 apud

2795 2618 3052 2691 patrem
3096 2628 3241 2674 esse
3283 2618 3668 2692 cognoscat:
3712 2607 3828 2675 sed
3861 2617 4090 2676 contra
4123 2607 4349 2676 videas
4384 2609 4533 2677 illos
4565 2609 4736 2676 hane

2795 2692 3158 2760 doctrinam
3199 2702 3280 2759 ut
3319 2693 3662 2777 profanam
3697 2693 4081 2773 abominari,
4132 2700 4198 2761 et
4230 2693 4485 2762 coelum
4522 2703 4734 2761 terrae

2795 2780 3009 2930 potius
3075 2778 3477 2846 miscendum
3538 2790 3773 2863 putent
3828 2800 4026 2863 quam
4081 2790 4157 2846 ut
4210 2780 4469 2846 admitti
4510 2785 4733 2865 possit.

2836 2864 2962 2930 nde
3020 2866 3112 2944 fit,
3173 2874 3251 2931 ut
3305 2865 3460 2930 licet
3503 2863 3847 2932 Christum
3889 2865 4312 2932 mediatorem
4358 2879 4427 2933 et
4469 2867 4736 2936 advoca-

2795 2960 2934 3015 tum
2995 2950 3210 3017 verbis
3264 2951 3611 3026 fateantur,
3681 2950 3894 3017 eidem
3951 2960 4176 3018 tamen
4232 2951 4448 3018 socios
4496 2954 4734 3020 multos

2795 3036 3124 3118 adiiciant,
3169 3045 3365 3119 atque
3406 3036 3517 3102 alii
3540 3033 3612 3103 S.
3639 3036 4086 3122 Catharinam,
4133 3036 4202 3105 S.
4242 3038 4623 3114 Barbaram,
4660 3038 4730 3106 S.

2795 3121 3241 3206 Margaritam,
3298 3121 3410 3188 alii
3436 3121 3504 3189 S.
3531 3121 4101 3205 Christophorum,
4141 3123 4253 3189 alii
4292 3124 4456 3190 alios
4477 3137 4731 3192 sanctos

2793 3224 3102 3291 patronos
3145 3228 3297 3275 suos
3340 3207 3678 3286 advocent,
3723 3218 3801 3274 ut
3842 3209 4139 3276 infinitus
4179 3209 4269 3277 sit
4310 3219 4731 3293 patronorum

2795 3292 3163 3360 istiusmodi
3234 3314 3567 3360 numerus.
3654 3292 3912 3376 Quibus
3968 3292 4152 3374 adde,
4224 3295 4422 3361 fateri
4474 3296 4730 3380 quidem

2792 3379 2943 3445 illos
2988 3380 3206 3446 Deum
3247 3379 3629 3463 simpliciter
3671 3379 4016 3448 colendum
4060 3390 4130 3446 et
4171 3381 4445 3460 sincere,
4500 3402 4729 3448 verum

2795 3478 3011 3532 tamen
3049 3466 3254 3538 ,etiam
3297 3466 3552 3550 opinari
3585 3465 3838 3534 cultum
3861 3466 4004 3532 Deo
4025 3475 4289 3552 gratum
4311 3469 4369 3534 si
4393 3464 4466 3534 S.
4488 3467 4728 3535 Catha-

2793 3551 2999 3631 rinae,
3044 3552 3464 3636 Margaritae,
3510 3551 3866 3632 Barbarae,
3921 3559 4038 3618 aut
4077 3552 4289 3620 cuivis
4330 3552 4449 3619 alii
4491 3551 4726 3621 Sancto

2793 3638 2996 3704 missa
3030 3656 3152 3705 sua
3184 3637 3528 3705 tribuatur.
3615 3637 3838 3722 Atque
3871 3637 3966 3705 ita
3999 3636 4129 3704 Dei
4161 3638 4377 3707 cultus
4411 3638 4484 3705 in
4515 3649 4724 3723 partes

2793 3722 3127 3802 scinditur,
3172 3724 3359 3790 cuius
3403 3745 3523 3790 sua
3568 3726 3802 3808 cuique
3841 3724 4056 3808 portio
4099 3725 4493 3809 assignatur,
4550 3728 4725 3809 quasi

2797 3808 2978 3876 Deus
3032 3809 3176 3893 ipse
3233 3810 3539 3875 omnibus
3597 3809 3879 3892 praedae
3934 3822 4394 3894 exponeretur.
4485 3809 4725 3878 Omitto

2794 3904 3052 3961 caetera
3092 3893 3438 3961 eiusmodi:
3486 3915 3819 3979 nunquam
3863 3896 4038 3961 enim
4084 3896 4362 3962 istarum
4407 3896 4722 3963 nundina·

2796 3982 3050 4047 tionum
3107 3990 3281 4047 esset
3338 3981 3524 4047 finis:
3591 3982 3835 4049 sufficit
3889 3981 4066 4048 enim
4126 3983 4184 4050 si
4237 3983 4724 4067 cognoverimus

2795 4066 3090 4133 homines
3151 4077 3388 4131 natura
3441 4087 3584 4132 esse
3627 4068 3792 4138 falsa
3833 4066 3953 4134 illa
3994 4067 4297 4151 opinione
4342 4069 4625 4135 imbutos
4664 4085 4724 4133 et

2794 4173 3002 4236 usque
3055 4151 3216 4217 adeo
3285 4151 3635 4219 fascinatos
3691 4174 3762 4220 se
3803 4154 4026 4220 Deum
4080 4173 4231 4220 cum
4273 4154 4473 4222 idolis
4525 4155 4723 4222 colere

2791 4259 2999 4322 posse,
3064 4246 3138 4305 ut
3179 4237 3261 4304 ab
3305 4258 3384 4304 ea
3422 4258 3493 4306 se
3537 4259 3874 4324 nunquam
3919 4237 4156 4306 divelli
4199 4241 4554 4323 patiantur,
4594 4239 4722 4324 qui·

2794 4327 3172 4408 buscunque
3226 4325 3490 4390 tandem
3545 4324 3905 4391 rationibus
3959 4327 4471 4392 convincantur:
4543 4339 4720 4410 atque

2794 4412 2991 4477 etiam
3051 4431 3123 4477 se
3180 4410 3398 4476 Deum
3453 4433 3538 4477 ex
3579 4412 3784 4476 animi
3826 4431 3945 4476 sua
3983 4411 4314 4477 sententia
4357 4424 4427 4478 et
4469 4412 4720 4478 arbitrio

2796 4518 2983 4583 posse
3026 4498 3257 4577 colere,
3300 4507 3367 4561 et
3409 4505 3631 4581 gratos
3674 4505 3742 4561 et
3785 4505 4083 4580 acceptos
4122 4496 4225 4561 illi
4258 4518 4436 4564 esse:
4484 4499 4722 4581 Deique

2795 4583 2959 4652 nihil
3002 4582 3332 4662 decedere,
3377 4581 3692 4666 quidquid
3732 4582 3815 4647 ad
3860 4583 4063 4665 ipsius
4106 4582 4356 4652 cultum
4400 4585 4482 4651 ab
4529 4586 4718 4650 homi·

2795 4670 2990 4736 nibus
3047 4670 3430 4735 innovetur:
3495 4669 3676 4751 quasi
3732 4689 3892 4734 vero
3945 4668 4130 4735 Deus
4170 4669 4420 4735 socium
4465 4679 4582 4738 aut
4621 4691 4719 4754 pa·

2795 4776 2934 4822 rem
2998 4756 3167 4820 ferre
3227 4763 3341 4819 aut
3397 4754 3740 4821 admittere
3795 4755 4019 4837 possit.
4106 4754 4276 4822 Nam
4331 4756 4610 4840 ipsemet
4659 4777 4719 4819 se

2796 4843 3067 4908 zelotem
3104 4840 3275 4906 dicit.
3335 4840 3542 4906 Porro
3575 4840 3751 4906 inter
3786 4840 4081 4907 homines
4116 4841 4477 4926 zelotypiae
4508 4862 4716 4909 vocem

2801 4929 3032 4996 vitium
3090 4925 3454 4992 maximum
3500 4937 3725 4992 notare
3768 4947 3904 4991 non
3947 4928 4347 5010 ignoramus,
4407 4939 4485 4993 ut
4521 4949 4598 4993 eo
4637 4927 4716 4990 la·

2799 5015 3102 5082 borantes
3165 5032 3309 5078 sese
3363 5012 3697 5078 continere
3756 5026 4101 5095 nequeant.
4191 5011 4326 5080 Sed
4385 5015 4565 5080 Deus
4607 5012 4714 5078 sib·

2797 5099 3184 5184 zelotypiam
3230 5097 3477 5174 tribuit,
3525 5118 3658 5162 non
3702 5098 3869 5180 quod
3907 5099 4243 5165 hominum
4281 5120 4463 5165 more
4497 5100 4714 5183 passio·

2802 5186 2993 5252 nibus
3064 5195 3131 5250 et
3186 5182 3525 5251 affectibus
3580 5183 3957 5267 abripiatur,
4028 5183 4144 5254 aed
4197 5197 4272 5250 ut
4330 5184 4714 5250 intolerabile
