5059 6059
861 341 991 407 639

860 529 990 595 Dei
1032 530 1242 614 ipsius
1278 539 1440 596 nutu
1477 541 1545 598 et
1578 529 1933 610 voluntate,
1980 529 2089 614 qui
2127 529 2290 594 haec
2327 529 2416 593 ita
2453 528 2800 615 disposuis-

860 626 980 683 set.
1067 615 1246 682 Hinc
1314 615 1491 682 utilis
1550 617 1738 682 nobis
1804 616 2095 683 eruenda
2161 614 2476 694 doctrina,
2545 636 2799 697 nempe,

858 724 979 769 nos
1036 723 1375 785 nunquam
1432 701 1514 768 ad
1570 702 1777 769 ullum
1838 705 2080 769 bonum
2140 700 2408 766 idoneos
2452 700 2613 779 fore,
2673 701 2799 766 nisi

858 788 1003 855 Deo
1059 808 1179 853 nos
1238 788 1319 853 ad
1378 787 1547 854 illud
1607 787 1990 872 disponente
2036 795 2104 852 et
2146 786 2542 869 impellente.
2631 786 2800 852 Fac-

855 883 999 939 tum
1045 872 1307 957 quidem
1350 874 1548 959 istud,
1606 896 1736 940 non
1784 875 1942 940 adeo
1990 873 2249 955 insigne
2305 885 2370 938 et
2427 893 2796 938 memoran-

857 959 1037 1041 dum,
1113 971 1190 1024 ut
1254 960 1445 1025 multi
1511 961 1918 1045 designatum
1989 980 2208 1044 regem
2275 959 2566 1026 comitati
2629 958 2798 1024 sint:

854 1055 1308 1113 verumtamen
1391 1068 1522 1112 nou
1600 1048 1743 1113 sine
1809 1045 2030 1112 divino
2096 1046 2409 1110 instinctu
2483 1053 2552 1109 et
2617 1054 2796 1109 motu

851 1133 1207 1213 contigisse
1244 1131 1576 1198 videmus:
1623 1133 1800 1198 unde
1824 1131 2267 1216 colligendum
2304 1141 2404 1196 est
2430 1151 2553 1195 nos
2590 1152 2796 1213 neque

853 1219 933 1284 de
976 1218 1124 1283 Deo
1168 1218 1473 1301 cogitare,
1532 1239 1742 1301 neque
1786 1218 1866 1282 ad
1914 1218 2122 1281 ullum
2168 1218 2506 1299 egregium
2553 1216 2796 1280 factum

855 1304 1131 1371 excitari
1173 1324 1378 1386 posse,
1441 1305 1571 1371 nisi
1616 1326 1733 1369 nos
1782 1303 1924 1372 Deo
1970 1305 2430 1386 praeveniente
2475 1310 2542 1366 et
2586 1302 2793 1366 sancti

858 1390 961 1456 sui
1027 1389 1298 1472 spiritus
1341 1389 1584 1454 virtute
1628 1390 2056 1472 gubernante.
2145 1387 2335 1453 Unde
2381 1387 2791 1471 perspicuum

859 1491 976 1554 est,
1031 1471 1345 1558 quidquid
1406 1475 1486 1540 de
1543 1473 1748 1542 libero
1807 1479 1923 1540 suo
1981 1473 2252 1539 arbitrio
2308 1474 2602 1556 papistae
2645 1493 2794 1556 gar-

857 1563 1051 1640 riant,
1094 1582 1276 1625 mera
1319 1580 1460 1628 esse
1495 1562 1767 1639 somnia,
1813 1574 1878 1626 et
1913 1559 2180 1627 stultam
2220 1560 2794 1641 imaginationem:

856 1646 1029 1732 quod
1096 1645 1410 1714 adversus
1480 1646 1698 1712 Deum
1765 1648 2122 1730 insurgere,
2203 1655 2272 1708 et
2335 1644 2432 1708 illi
2501 1643 2794 1708 debitum

858 1734 1170 1800 honorem
1234 1732 1484 1815 eripere
1550 1746 1885 1798 conentur.
1975 1731 2142 1798 Nam
2204 1730 2260 1795 si
2328 1728 2450 1795 hoc
2516 1733 2610 1794 ita
2675 1741 2793 1808 est,

857 1840 1012 1903 ergo
1079 1818 1207 1901 ipsi
1275 1817 1398 1882 sibi
1465 1829 1832 1884 servatores
1899 1838 2043 1883 esse
2107 1823 2411 1900 possunt:
2475 1815 2650 1898 quod
2710 1835 2795 1879 ex

854 1906 1150 1989 ipsorum
1196 1903 1493 1973 doctrina
1536 1904 1730 1989 plane
1773 1905 2089 1989 sequitur.
2179 1902 2324 1966 Etsi
2371 1903 2548 1976 enim
2591 1900 2797 1964 faten-

855 2005 963 2056 tur
1022 2011 1092 2055 se
1152 2007 1191 2053 a
1236 1988 1378 2055 Deo
1439 1990 1693 2056 incitari
1751 1989 1833 2054 ad
1894 1990 2157 2064 bonum,
2216 1998 2438 2051 tamen
2484 1999 2791 2069 tanquam

854 2075 1179 2142 auxilium
1238 2073 1565 2158 quoddam
1623 2087 1687 2141 et
1746 2075 2194 2142 adiumentum
2249 2094 2391 2136 esse
2448 2071 2575 2136 Dei
2645 2094 2791 2155 gra·

855 2161 1012 2230 tiam
1075 2160 1324 2240 dieunt,
1384 2182 1516 2244 qua
1557 2161 2033 2230 sustineantur:
2093 2162 2205 2225 sed
2262 2158 2565 2224 homines
2610 2168 2793 2222 motu

855 2247 1114 2331 proprio
1174 2266 1363 2327 posse
1422 2268 1492 2312 se
1535 2245 1619 2311 ad
1679 2248 1841 2313 bene
1887 2244 2254 2312 faciendum
2302 2243 2667 2326 disponere,
2728 2253 2795 2307 et

852 2329 1128 2400 liberum
1175 2332 1519 2398 arbitrium
1566 2329 1805 2398 habere
1849 2353 1976 2415 quo
2037 2352 2109 2396 se
2153 2331 2328 2414 ipsos
2388 2337 2657 2407 regant:
2718 2348 2794 2393 ac

850 2419 1162 2483 iudicium
1208 2427 1275 2482 et
1318 2417 1657 2494 rationem,
1749 2440 1833 2483 ua
1877 2419 2120 2484 faciant
2164 2414 2335 2499 quod
2381 2415 2622 2481 bonum
2660 2421 2791 2479 est:

851 2503 952 2572 Ac
1009 2502 1280 2587 proinde
1337 2504 1619 2587 gratiam
1676 2440 1854 2569 iiiam
1914 2524 2107 2587 quam
2154 2522 2193 2566 a
2241 2503 2378 2566 Deo
2423 2501 2793 2582 accipimus,

854 2611 984 2658 non
1066 2589 1351 2666 excitare
1431 2610 1642 2674 neque
1725 2591 1959 2660 ducere
2038 2609 2155 2652 nos
2222 2586 2304 2652 ad
2374 2586 2611 2666 Deum,
2677 2584 2791 2650 sed

854 2677 1111 2740 tantum‘
1158 2671 1460 2740 naturam
1506 2689 1793 2742 nostram
1838 2676 2168 2744 adiuvare.
2240 2671 2577 2757 'Ergo'sie
2622 2673 2791 2736 inter

851 2761 1071 2826 Deum
1117 2770 1185 2825 et
1225 2759 1545 2842 homines,
1589 2763 1644 2830 si
1689 2760 1914 2845 placet,
1974 2758 2359 2843 partiantur,
2407 2772 2482 2822 ut
2527 2751 2788 2821 'mortali

846 2857 1189 2914 creaturae
1269 2846 1556 2914 maxima
1635 2869 1792 2913 suae
1857 2846 2087 2913 salutis
2155 2865 2305 2928 pars
2371 2842 2789 2909 attribuatur.

847 2932 1052 3016 Atqui
1097 2954 1181 2997 ex
1224 2931 1347 2998 hoc
1389 2932 1528 2998 loco
1574 2930 1880 2999 discimus
1924 2933 1994 2996 in
2041 2932 2123 2996 iis
2168 2951 2336 3016 quae
2380 2929 2555 2993 hanc
2598 2928 2792 2992 cadu-

846 3040 992 3085 cam
1036 3019 1265 3095 vitam,
1323 3026 1392 3083 et
1448 3019 1681 3086 mundi
1726 3019 1924 3084 huius
1968 3028 2212 3106 statum
2259 3024 2561 3098 spectant
2600 3034 2789 3096 opor-

846 3118 987 3172 tere
1033 3104 1172 3169 vias
1215 3117 1472 3169 nostras
1516 3124 1555 3168 a
1597 3104 1743 3169 Deo
1789 3103 2003 3187 dirigi,
2062 3114 2127 3166 et
2169 3124 2282 3168 cor
2326 3101 2530 3184 tangi,
2594 3111 2790 3181 atque

848 3191 1023 3256 vires
1080 3198 1146 3255 et
1203 3190 1495 3258 animum
1540 3190 1621 3254 ad
1678 3190 2049 3258 faciendum
2095 3183 2520 3288 suppeditari.
2611 3182 2788 3265 Quid

842 3276 1051 3359 igitur
1111 3276 1409 3340 futurum
1469 3285 1779 3360 putamus
1846 3275 1902 3341 si
1969 3274 2050 3340 ad
2119 3273 2281 3358 legis
2348 3271 2787 3337 obedientiam

848 3360 1241 3438 venerimus,
1331 3381 1498 3443 quae
1592 3362 1764 3426 vires
1851 3373 2111 3426 nostras
2194 3361 2385 3446 longe
2475 3355 2785 3440 superat?

847 3446 1106 3514 Deinde
1163 3448 1272 3510 lex
1339 3445 1700 3532 spiritualis
1753 3457 1870 3522 est,
1938 3466 2057 3511 nos
2116 3466 2270 3510 vero
2328 3443 2644 3517 carnales,
2712 3450 2790 3505 ut

849 3535 942 3599 ait
983 3527 1252 3612 Paulus,
1295 3542 1361 3596 et
1407 3531 1595 3600 docet
1639 3533 2062 3615 experientia,
2113 3529 2359 3596 venditi
2402 3540 2473 3593 ut
2516 3528 2789 3594 subiice-

849 3640 1071 3684 remur
1129 3629 1415 3700 peccato.
1507 3618 1670 3683 Dico
1727 3618 1932 3702 igitur
1974 3627 2275 3699 naturam
2323 3629 2613 3679 nostram
2659 3612 2794 3677 Dei

851 3704 1175 3771 voluntati
1234 3703 1425 3785 plane
1485 3713 1960 3787 repugnantem
2029 3711 2096 3766 et
2155 3700 2553 3767 contrariam
2612 3718 2787 3764 esse:

849 3810 925 3855 ac
979 3789 1407 3874 cogitationes
1465 3787 1879 3876 affectusque}
1929 3799 2206 3862 nostros,
2282 3787 2559 3868 denique
2602 3783 2788 3868 quid-

849 3873 1008 3958 quid
1069 3885 1307 3940 natura
1363 3876 1433 3939 in
1495 3875 1681 3940 nobis
1739 3888 1840 3941 est
1897 3875 2088 3959 plane
2134 3871 2581 3938 damnandum
2627 3890 2789 3935 esse.

848 3957 1191 4043 Quomodo
1251 3960 1452 4043 igitur
1509 3959 1591 4026 ad
1635 3960 1852 4026 Deum
1896 3962 2066 4027 ultro
2111 3969 2663 4035 converteremur,
2725 3961 2791 4020 et

845 4046 930 4114 ad
985 4046 1230 4113 bonum
1293 4048 1744 4127 excitaremur,
1804 4047 1932 4112 nisi
1981 4045 2123 4109 Deo
2183 4046 2365 4127 prius
2423 4044 2788 4128 inspirante

846 4146 912 4199 et
971 4130 1325 4198 movente?
1415 4130 1852 4212 Quamobrem
1911 4131 2261 4215 diligenter
2306 4127 2788 4195 observandum

847 4232 913 4285 et
971 4219 1207 4284 animis
1269 4217 1674 4301 infigendum
1719 4218 1880 4283 illud
1941 4228 2060 4293 est,
2117 4216 2287 4300 quod
2346 4226 2484 4281 tota
2542 4214 2783 4298 passim

844 4306 1174 4389 scriptura
1228 4324 1415 4369 sacra
1475 4302 1697 4380 dictat,
1757 4302 1975 4368 Deum
2034 4305 2189 4368 dare
2246 4302 2431 4367 nobis
2491 4321 2603 4366 cor
2647 4321 2784 4366 car-

845 4413 1067 4474 neum,
1146 4397 1214 4455 et
1292 4388 1625 4473 lapideum
1692 4389 1997 4471 adimere,
2078 4390 2141 4453 id
2209 4400 2308 4453 est
2376 4387 2784 4452 voluntatem

844 4490 1139 4544 nostram
1186 4475 1312 4540 Dei
1375 4475 1690 4539 voluntati
1738 4486 1972 4540 natura
2018 4485 2499 4561 repugnantem
2544 4473 2784 4540 immu-

840 4579 1001 4644 tare,
1058 4575 1123 4627 et
1182 4561 1262 4626 ad
1326 4560 1763 4625 obedientiam
1825 4561 2027 4645 ipsius
2094 4581 2501 4645 componere.
2593 4557 2785 4622 Hanc

842 4652 1044 4734 igitur
1088 4647 1449 4714 doctrinam
1498 4646 1689 4712 hodie
1734 4669 1812 4712 ex
1862 4647 2078 4712 verbis
2120 4647 2271 4723 illis,
2320 4647 2555 4730 quibus
2603 4644 2787 4709 Deus

843 4736 1107 4802 illorum
1165 4733 1362 4801 corda
1421 4734 1717 4817 tetigisse
1779 4731 2201 4816 dicitur,.·qui
2260 4743 2448 4796 erant
2491 4730 2786 4796 comitati

846 4822 1134 4901 Saulem,
1180 4828 1603 4903 reportemus.
1694 4819 2041 4886 Caeterum
2087 4818 2523 4898 observemus,
2570 4816 2785 4880 Deum

842 4908 1103 4993 quidem
1147 4906 1412 4970 omnino
1457 4905 1653 4971 corda
1697 4916 1925 4970 nostra
1969 4915 2258 4990 tangere,
2303 4917 2368 4967 et
2413 4904 2493 4968 ad
2539 4904 2783 4969 bonum

844 5013 1124 5071 movere,
1180 4991 1246 5056 id
1307 5002 1408 5056 est
1473 4992 1783 5056 virtutem
1846 4992 2000 5055 dare
2044 5003 2120 5054 ut
2163 5001 2507 5055 vocantem
2554 5008 2784 5071 sequa-

2455 338 2864 406 HOMILIA
2912 339 3248 408 XXXVI.

4670 348 4757 414 640

2908 539 2981 593 ut
3056 530 3123 592 in
3203 529 3424 594 odium
3503 530 3792 595 divinam
3877 527 4235 595 doctrinam
4317 541 4556 597 vocent.
4643 534 4764 601 Nam

2905 615 3110 689 aiunt,
3190 616 3242 680 si
3320 636 3449 679 non
3526 615 3839 681 babemus
3908 614 4189 680 liberum
4251 616 4592 702 arbitrium,
4654 641 4763 705 ergo

2906 702 3119 764 trunci
3180 715 3245 765 et
3292 700 3537 784 lapides
3581 713 3736 766 sunt
3784 699 4114 782 homines;
4172 711 4240 767 et
4283 704 4424 767 sine
4459 703 4676 782 iudicio,
4717 719 4763 772 et

2903 788 3042 851 sine
3087 786 3354 867 ratione,
3400 788 3541 852 sine
3588 787 3942 866 voluntate,
3989 787 4119 852 huc
4162 787 4317 854 illuc
4360 789 4557 854 instar
4591 791 4763 875 sphae-

2903 894 3012 936 rae
3097 873 3472 954 volvuntur,
3551 885 3665 938 aut
3747 892 3954 956 aquae
4033 873 4104 937 in
4187 894 4434 939 morem
4507 874 4764 945 labuntur.

2904 956 3107 1040 Atqui
3188 979 3374 1024 sacra
3452 961 3775 1043 scriptura
3851 979 4166 1043 magnum
4248 961 4420 1026 inter
4483 959 4764 1028 humanam

2899 1052 3263 1108 creaturam
3348 1053 3415 1109 et
3497 1048 3684 1110 bruta
3762 1046 4125 1110 animantia
4202 1045 4543 1112 discrimen
4611 1049 4764 1131 ponit:

2901 1134 2992 1192 ita
3054 1139 3272 1193 tamen
3333 1143 3405 1194 ut
3464 1152 3586 1195 nos
3630 1151 3669 1195 a
3715 1130 3855 1194 Deo
3901 1131 4040 1214 regi
4086 1139 4153 1195 et
4192 1132 4541 1215 gubernari
4580 1132 4764 1214 doceat,

2901 1229 3096 1297 atque
3174 1214 3271 1279 illi
3351 1217 3466 1280 uni
3549 1215 3866 1300 quidquid
3950 1216 4100 1281 boni
4161 1217 4438 1284 facimus
4500 1231 4764 1302 acceptum

2899 1300 3264 1383 ferendum,
3325 1312 3389 1366 et
3433 1301 3687 1385 quidem
3738 1302 3881 1366 sine
3926 1301 4060 1366 ulla
4104 1303 4499 1387 exceptione.
4579 1304 4766 1370 Verum

2898 1406 3099 1468 quum
3180 1387 3378 1451 corda
3456 1400 3678 1452 nostra
3745 1387 3928 1452 Deus
4009 1398 4282 1472 tangere
4363 1388 4605 1469 dicitur,
4674 1412 4768 1455 nou

2897 1471 3327 1554 intelligimus
3407 1486 3656 1538 motum
3724 1473 4006 1556 aliquem
4080 1474 4454 1541 confusum:
4530 1477 4770 1558 quemad·

2899 1556 3162 1621 modum
3202 1559 3254 1621 si
3301 1559 3444 1643 quis
3483 1572 3727 1624 temere
3764 1557 4044 1641 lapidem
4084 1559 4396 1643 proiiciat,
4442 1571 4552 1627 aut
4590 1562 4768 1644 siquis

2897 1644 3132 1707 artifex
3178 1644 3689 1709 instrumentum
3737 1644 3999 1727 aliquod
4045 1645 4356 1728 impellat.
4429 1646 4605 1713 Deus
4641 1648 4770 1712 enim

2897 1749 3160 1794 sensum
3206 1745 3266 1792 et
3320 1732 3628 1796 virtutem
3677 1730 3926 1795 homini
3975 1730 4213 1796 indidit
4256 1752 4425 1816 quae
4459 1755 4582 1799 non
4613 1742 4771 1816 potem

2898 1814 2977 1879 ab
3038 1814 3322 1880 hominis
3388 1816 3714 1882 creatione
3779 1816 4089 1899 separari.
4202 1813 4437 1901 Itaque
4499 1840 4674 1902 quum
4721 1818 4770 1881 in

2897 1900 3073 1965 hunc
3125 1901 3439 1965 mundum
3501 1902 3846 1978 nascimur,
3906 1902 4191 1986 aliquam
4258 1902 4769 1970 voluntatemiam

2896 1985 3051 2051 inde
3109 2007 3149 2051 a
3193 1988 3423 2052 matris
3470 2003 3655 2052 utero
3701 1988 4038 2052 nobiscum
4082 1988 4473 2055 adferimus:
4515 1990 4616 2055 sed
4653 2010 4773 2073 quae

2897 2084 3116 2135 tamen
3186 2093 3313 2136 non
3381 2073 3508 2139 nisi
3574 2075 3655 2138 ad
3725 2074 3968 2139 malum
4035 2075 4298 2157 captiva
4363 2087 4496 2140 est:
4560 2084 4627 2142 ut
4680 2097 4772 2139 non

2897 2158 3223 2240 possimus
3275 2158 3403 2241 ipsi
3465 2180 3581 2242 per
3627 2180 3743 2225 nos
3787 2159 4038 2225 coelum
4084 2159 4325 2226 intueri
4371 2170 4444 2227 et
4483 2163 4776 2246 suspicere,

2898 2243 3025 2305 nisi
3083 2241 3270 2307 Deus
3343 2244 3483 2326 ipse
3550 2265 3668 2310 nos
3736 2246 3913 2329 prior
3981 2246 4297 2330 impellat.
4412 2247 4623 2329 Quare
4677 2257 4776 2311 tum

2894 2328 3202 2394 immutat
3281 2330 3686 2395 voluntatem
3770 2352 3970 2414 quum
4037 2331 4234 2397 corda
4297 2344 4526 2398 nostra
4599 2334 4774 2416 tangit,

2896 2425 2970 2478 ut
3035 2436 3163 2479 non
3223 2415 3484 2497 quidem
3527 2417 3844 2482 faciamus
3887 2436 4310 2501 quaecunque
4353 2418 4554 2485 libido
4594 2418 4772 2490 dietam

2897 2512 3010 2565 aut
3069 2499 3209 2582 ipse
3270 2501 3454 2567 nobis
3513 2501 3829 2585 quidquid
3903 2503 4313 2586 postulamus
4374 2504 4676 2580 concedat,
4724 2511 4770 2566 et

2895 2589 3114 2650 omnia
3175 2607 3259 2651 ex
3318 2587 3570 2652 arbitrii
3638 2589 3843 2652 nostri
3906 2589 4241 2655 voluntate
4301 2588 4575 2655 faciendi
4630 2590 4774 2655 liber·

2896 2682 3096 2736 tatem
3143 2669 3268 2752 det,
3328 2672 3442 2750 sed
3497 2673 3690 2738 corda
3750 2685 3974 2742 nostra
4035 2685 4146 2744 tan
4195 2696 4315 2741 ens
4370 2687 4444 2741 et
4487 2678 4774 2740 immutans

2896 2757 2988 2821 ita
3046 2742 3347 2840 disponat
3406 2770 3479 2823 ut
3535 2758 3734 2824 faciat
3780 2773 3965 2843 aptos
4011 2753 4092 2824 ad
4182 2782 4384 2826 onum
4429 2760 4774 2828 faciendum:

2896 2842 3067 2926 quod
3134 2858 3369 2907 natura
3440 2859 3662 2910 nostra
3729 2857 3981 2910 tantum
4048 2845 4129 2912 ad
4198 2848 4450 2912 malum
4519 2846 4772 2931 proclives

2895 2930 3119 3006 simus,
3180 2927 3383 2994 donec
3427 2931 3497 2994 in
3544 2930 3729 2995 nobis
3774 2953 3890 3015 per
3935 2932 4240 3015 spiritum
4285 2933 4476 2999 Deus
4515 2955 4552 2999 o
4596 2942 4774 2997 eretur.

2893 3012 3334 3094 Quamobrem
3380 3016 3577 3079 etiam
3624 3038 3753 3080 non
3801 3017 4045 3083 sufficit
4088 3038 4207 3084 nos
4253 3020 4459 3085 semel
4504 3040 4540 3083 a
4614 3027 4774 3083 actum

2895 3120 3096 3163 unum
3157 3119 3195 3164 a
3250 3100 3535 3164 Domino
3599 3104 3779 3186 tangi
3842 3110 3909 3166 et
3955 3104 4222 3184 moveri,
4281 3102 4397 3170 sed
4445 3124 4681 3172 necesse
4704 3109 4774 3167 est

2893 3195 2967 3249 ut
3047 3206 3166 3250 nos
3246 3189 3314 3249 iu
3397 3185 3701 3252 omnibus
3781 3189 4146 3254 actionibus
4214 3191 4460 3258 nostris
4525 3201 4684 3273 regat
4726 3195 4772 3250 et

2895 3270 3230 3356 gubernet.
3295 3273 3512 3355 Atque
3548 3274 3812 3338 interim
3858 3274 4159 3339 videmus
4205 3275 4423 3341 Deum
4469 3277 4587 3342 sibi
4627 3273 4769 3338 dono·

2896 3378 3043 3420 rum
3109 3379 3275 3439 quae
3351 3357 3534 3423 nobis
3608 3359 3887 3443 largitur
3953 3360 4267 3426 honorem
4334 3382 4676 3438 reservare,
4723 3363 4772 3419 ut

2893 3442 3010 3507 soli
3071 3441 3384 3526 quidquid
3447 3445 3595 3509 boni
3656 3446 3927 3511 facimus
3985 3457 4320 3527 acceptum
4378 3446 4680 3513 feramus:
4720 3461 4770 3505 ao

2893 3527 3185 3592 norimus
3245 3551 3361 3594 nos
3418 3550 3621 3612 quum
3688 3531 3769 3595 ad
3829 3533 3970 3598 eius
4014 3531 4420 3616 obsequium,
4479 3534 4696 3599 cultum
4727 3535 4772 3591 et

2891 3614 3221 3693 honorem,
3305 3629 3496 3697 atque
3563 3616 3643 3680 ad
3726 3615 4016 3682 officium
4084 3629 4381 3683 nostrum
4469 3613 4769 3685 faciendum

2890 3699 3361 3781 componimur,
3432 3701 3572 3767 Deo
3640 3701 3893 3782 debere,
3974 3703 4147 3786 quod
4230 3703 4448 3787 legem
4514 3723 4677 3770 suam
4722 3698 4772 3761 in

2892 3787 3132 3849 nostris
3177 3785 3479 3851 cordibus
3526 3788 3975 3872 insculpserit:
4021 3787 4262 3855 futuris
4296 3789 4589 3875 alioquin
4621 3785 4772 3858 nobis,

2893 3883 2966 3936 ut
3041 3874 3180 3953 ipse
3248 3872 3567 3955 propheta
3635 3873 3936 3957 loquitur,
4018 3875 4272 3940 miseris
4339 3875 4566 3942 bestiis
4629 3874 4773 3953 longo

2892 3957 3338 4023 deterioribus.
3419 3957 3518 4024 Ac
3563 3980 3739 4036 sane,
3787 3972 3862 4023 ut
3909 3959 3988 4024 de
4033 3960 4155 4027 hac
4200 3981 4272 4025 re
4311 3961 4560 4046 aliquid
4597 3959 4773 4030 dicam,

2893 4044 3107 4108 Deum
3168 4045 3234 4106 in
3287 4043 3470 4108 nobis
3512 4047 3768 4127 operari
3816 4066 4079 4111 necesse
4122 4056 4243 4128 est,
4299 4067 4507 4130 quum
4550 4067 4654 4112 nos
4688 4039 4771 4107 ali·

2890 4130 2996 4194 eui
3055 4128 3283 4194 subiici
3343 4130 3505 4207 vult,
3570 4142 3644 4195 ut
3698 4130 4208 4198 dominationem
4264 4132 4449 4198 illam
4511 4134 4775 4218 patienter

2891 4216 3192 4293 feramus,
3239 4236 3312 4280 ac
3360 4238 3485 4280 non
3533 4238 3727 4300 aegre
3760 4218 4040 4283 feramus
4068 4219 4490 4285 autoritatem
4527 4229 4588 4284 et
4619 4225 4774 4301 potes·

2889 4312 3091 4365 tatem
3152 4301 3564 4385 magistratui
3623 4303 3763 4367 dari
3838 4303 3962 4370 hoc
4018 4304 4124 4370 vel
4205 4304 4366 4370 illud
4451 4296 4774 4388 imperandi·

2890 4387 3148 4452 Scimus
3208 4389 3383 4451 enim
3443 4409 3637 4471 quam
3699 4388 3959 4473 superbi
4021 4399 4254 4456 natura
4311 4390 4449 4455 sint
4516 4388 4771 4458 homines,

2889 4473 3048 4537 adeo
3124 4473 3382 4555 quidem
3454 4485 3525 4537 ιιι
3592 4475 3834 4557 singuli
3905 4476 4192 4541 eminere
4258 4477 4547 4559 cupiant,
4617 4481 4676 4539 et
4721 4471 4769 4533 in

2890 4559 3052 4623 alios
3119 4559 3628 4624 dominationem
3697 4562 4035 4627 affectent:
4107 4562 4228 4627 nisi
4287 4562 4476 4628 Deus
4542 4559 4672 4626 illos
4718 4555 4770 4617 in

2887 4645 3180 4710 ordinem
3242 4656 3449 4729 cogat.
3543 4649 3638 4712 Ac
3697 4668 3855 4711 sane
3914 4669 4154 4731 magna
4214 4647 4561 4714 videbatur
4599 4645 4772 4710 hacte-

2889 4753 3011 4795 nus
3078 4731 3290 4795 oblata
3357 4733 3593 4817 populo
3661 4730 3928 4799 Saulem
4013 4732 4478 4800 contemnendi
4553 4727 4769 4804 occasio,

2886 4816 3057 4966 {uod
3121 4816 3351 4881 humili
3415 4818 3550 4883 loco
3614 4835 3807 4883 natus
3863 4831 4055 4897 esset,
4115 4831 4180 4886 et
4234 4818 4496 4903 quidem
4556 4838 4590 4883 e
4635 4812 4770 4880 tribu

2951 4903 3259 4979 eniamin,
3316 4925 3481 4985 quae
3542 4913 3681 4967 tum
3745 4927 3873 4969 non
3935 4915 4077 4970 erat
4137 4927 4502 4984 numerosa,
4557 4911 4771 4988 propter

2885 4990 3207 5071 insignem
3270 4990 3453 5053 illam
3499 4988 3748 5054 cladem
3817 5011 3985 5074 quae
4051 5003 4254 5058 totam
4325 5012 4531 5076 paene
4573 4985 4768 5053 tribum

846 5098 1023 5156 mur;
1066 5099 1275 5160 neque
1318 5088 1538 5142 tamen
1585 5078 1653 5141 in
1691 5079 1879 5145 nobis
1916 5090 1989 5142 ut
2031 5078 2099 5141 in
2140 5076 2317 5141 saxis
2354 5087 2420 5140 et
2458 5074 2782 5159 lapidibus
2831 5099 2836 5148 l
2886 5074 3255 5152 sustulerat,
3339 5089 3410 5141 ut
3489 5077 3558 5139 in
3643 5076 3826 5142 libris
3895 5076 4196 5143 Indicum
4276 5088 4604 5144 narratum
4672 5081 4768 5135 est?

845 5176 957 5229 aut
1018 5164 1268 5229 truncis
1326 5185 1536 5248 agere,
1597 5164 1767 5246 quod
1813 5165 2110 5248 papistae
2156 5175 2229 5226 ut
2273 5184 2462 5228 suum
2501 5161 2777 5226 liberum

845 5249 1190 5315 arbitrium
1250 5257 1544 5314 statuant
1603 5249 1682 5314 de
1726 5270 1886 5314 sana
1930 5248 2230 5313 doctrina
2276 5247 2779 5329 calumniantur,

2885 5159 3118 5226 deinde
3163 5184 3243 5226 ex
3291 5162 3565 5227 obscura
3604 5162 3866 5240 familia,
3912 5184 4079 5246 quae
4117 5163 4297 5229 nulla
4333 5165 4505 5229 inter
4538 5160 4768 5241 reliquas

2884 5247 3094 5314 tribus
3140 5249 3510 5328 autoritate,
3550 5248 3731 5313 nulla
3775 5251 3987 5334 gratia
4031 5251 4356 5334 pollebat:
4398 5268 4593 5334 quare
4625 5261 4769 5327 01201'·
