5059 6059
860 301 988 369 487

864 491 1275 571 Bethsemes,
1304 511 1502 577 quam
1526 490 1628 557 illi
1648 491 2204 576 praescripserant
2223 492 2544 560 institisse
2569 492 2794 559 dicun-

867 586 994 644 tur.
1082 577 1177 644 At
1217 597 1347 643 non
1392 576 1537 643 ideo
1586 577 1758 661 quod
1804 578 1985 645 Deus
2028 579 2543 645 Philistaeorum
2585 580 2794 664 preci-

866 663 992 729 bus
1056 664 1378 743 annuerit,
1442 676 1558 728 aut
1622 662 2001 748 prophetiae
2063 664 2203 731 loco
2267 663 2606 730 habendae
2665 667 2797 732 sint

866 749 1133 815 illorum
1169 769 1384 834 nugae
1415 757 1484 815 et
1517 748 1985 816 divinationes:
2030 748 2145 816 sed
2179 750 2349 836 quod
2371 749 2556 817 Deus
2592 750 2796 816 nomi-

865 836 971 902 nis
1005 835 1110 901 sui
1143 834 1390 920 gloriae
1424 835 1792 901 consultum
1828 834 2127 916 voluerit,
2163 836 2376 903 vaccis
2418 836 2554 903 illis
2589 836 2797 903 brutis

867 921 1304 987 animantibus
1367 934 1613 988 rectam
1683 921 1858 986 viam
1913 919 2385 1001 insistentibus,
2459 942 2590 1005 qua
2647 941 2799 989 arca

865 1005 996 1072 Dei
1060 1005 1130 1071 in
1195 1026 1383 1071 suam
1446 1006 1920 1090 possessionem
1985 1006 2422 1075 reduceretur.
2516 1007 2795 1073 Interim

864 1091 1344 1159 observandum
1393 1092 1612 1158 Deum
1670 1090 2064 1158 Philistaeos
2118 1092 2322 1159 errori
2380 1114 2501 1159 suo
2558 1095 2793 1178 permi-

867 1178 1051 1245 sisse.
1121 1177 1351 1261 Neque
1384 1175 1655 1243 dubium
1689 1184 1791 1244 est
1832 1177 1989 1261 quin
2023 1177 2390 1245 sacerdotes
2425 1179 2555 1258 isti,
2590 1179 2796 1245 divini

866 1273 936 1329 et
986 1264 1424 1329 incantatores
1465 1263 1641 1347 apud
1690 1283 1845 1331 suos
1901 1263 2206 1349 deinceps
2248 1264 2329 1331 de
2372 1264 2797 1330 divinationis

867 1350 1141 1417 scientia
1195 1349 1459 1432 gloriati
1515 1349 1669 1430 sint,
1729 1356 1795 1414 et
1853 1347 1935 1415 de
2112 1351 2305 1415 uliari
2370 1351 2794 1431 revelatione,

868 1443 946 1500 ut
1009 1433 1318 1500 nimirum
1395 1433 1647 1500 idolum
1710 1454 1905 1500 suum
2026 1435 2366 1521 ignitatem
2445 1436 2793 1520 pristinam

868 1519 1039 1603 apud
1095 1518 1242 1585 illos
1302 1519 1631 1586 retineret.
1715 1518 2060 1586 Attendite
2118 1521 2393 1587 istorum
2439 1533 2793 1605 stuporem,

866 1625 1021 1671 nam
1065 1603 1250 1671 Deus
1291 1604 1555 1672 Israelis
1611 1606 1746 1670 vim
1804 1624 1991 1671 suam
2032 1607 2139 1671 vel
2199 1607 2426 1672 invitis
2469 1607 2794 1690 patefacit,

864 1691 1080 1758 vaccis
1113 1690 1245 1756 illis
1280 1691 1492 1757 brutis
1527 1691 1969 1757 animantibus
2004 1712 2148 1757 eam
2183 1693 2359 1777 ipsos
2392 1691 2794 1773 docentibus,

867 1776 982 1844 sed
1027 1776 1455 1842 nihilominus
1497 1775 1580 1841 ad
1622 1777 1932 1859 pristinas
1973 1778 2308 1844 illusiones
2352 1787 2794 1858 revertuntur,

868 1871 937 1930 et
972 1882 1056 1927 ex
1091 1864 1366 1947 augurio
1399 1862 1494 1928 rei
1530 1882 1726 1945 quam
1759 1861 2107 1946 inquirunt
2140 1862 2599 1930 certitudinem
2643 1883 2795 1947 cap-

869 1956 1035 2029 tant,
1107 1947 1429 2031 fidemque
1493 1947 1825 2027 adhibent,
1895 1949 2067 2032 quod
2133 1971 2216 2014 ex
2280 1951 2611 2016 sententia
2677 1969 2797 2016 sua

869 2034 1281 2119 contigerint.
1368 2033 1478 2099 En
1531 2040 1605 2099 ut
1661 2032 1846 2099 Deus
1903 2054 2371 2118 nonnunquam
2427 2034 2798 2107 incredulos

871 2119 1186 2200 divinare,
1221 2128 1290 2185 et
1323 2117 1759 2185 divinationes
1797 2128 1864 2183 et
1885 2119 2262 2203 prophetias
2283 2141 2512 2186 eorum
2540 2120 2796 2204 impleri

870 2205 1197 2291 permittit
1238 2211 1315 2271 ut
1355 2204 1570 2290 magis
1612 2214 2062 2271 excaecentur.
2117 2204 2270 2288 Qua
2313 2227 2396 2272 ex
2432 2228 2504 2271 re
2528 2206 2797 2292 dignam

871 2289 1237 2358 mercedem
1309 2289 1444 2356 illis
1506 2309 1547 2355 a
1609 2289 1754 2356 Deo
1825 2291 2109 2374 persolvi
2184 2291 2602 2375 conspicuum
2665 2301 2798 2374 est;

872 2398 1025 2443 nam
1081 2375 1427 2443 veritatem
1485 2395 1688 2458 quum
1742 2377 1925 2460 sequi
1980 2387 2300 2456 recusent,
2358 2377 2474 2443 sed
2534 2377 2798 2443 menda-

871 2464 1047 2529 cium
1095 2462 1311 2545 potius
1367 2468 1720 2541 sectentur,
1783 2460 1966 2547 digni
2009 2483 2168 2528 sane
2223 2462 2337 2547 qui
2378 2483 2419 2529 a
2460 2463 2798 2531 mendacio

874 2545 1299 2631 decipiantur.
1385 2545 1498 2612 An
1568 2566 1702 2611 non
1779 2548 1953 2614 enim
2012 2547 2406 2615 Philistaeos
2481 2550 2800 2634 arguebat

873 2631 1286 2714 conscientia,
1346 2640 1414 2697 et
1454 2633 1882 2699 convincebat
1921 2631 2051 2700 Dei
2106 2653 2377 2700 manum
2418 2655 2581 2714 esse,
2626 2633 2797 2720 quod

872 2717 979 2783 vel
1022 2716 1214 2784 inviti
1253 2729 1468 2784 arcam
1514 2717 1642 2783 Dei
1695 2717 1962 2785 Israelis
2018 2717 2348 2786 dimittere
2389 2731 2797 2806 cogerentur,

871 2804 1058 2871 cuius
1092 2822 1361 2868 manum
1398 2801 1630 2869 duram
1665 2813 2024 2882 senserant,
2068 2825 2145 2872 ac
2178 2804 2455 2890 proinde
2485 2806 2567 2872 ad
2604 2826 2794 2890 quem

869 2909 1012 2957 sese
1051 2897 1436 2956 convertere
1478 2887 1846 2955 debebant?
1914 2887 2051 2957 Sed
2085 2891 2312 2974 procul
2353 2890 2435 2957 ab
2478 2891 2602 2959 hoc
2643 2911 2796 2958 con-

873 2974 1020 3042 silio
1075 2974 1340 3041 distant.
1427 2972 1966 3058 omnipotentem
2023 2976 2287 3059 quidem
2330 2977 2547 3060 ipsum
2589 2976 2796 3043 faten-

872 3069 996 3137 tur,
1041 3058 1159 3126 sed
1191 3059 1362 3125 nihil
1403 3079 1548 3127 esse
1585 3060 1711 3127 sibi
1753 3081 1905 3127 cnm
1937 3061 2088 3145 ipso
2129 3062 2500 3129 commercii
2547 3063 2796 3143 volunt,

871 3148 1031 3232 quin
1064 3147 1199 3212 imo
1240 3144 1470 3231 procul
1513 3145 1864 3212 amandare
1905 3156 2234 3232 satagunt,
2278 3158 2472 3232 atque
2512 3149 2583 3214 iu
2627 3149 2797 3233 pris-

870 3233 1013 3298 tino
1066 3251 1285 3299 errore
1334 3241 1404 3298 et
1457 3236 1982 3316 ἐθελοθρησκείαις
2036 3254 2473 3317 perseverare.
2575 3233 2797 3317 Quare

870 3315 1054 3383 Deus
1110 3317 1283 3384 iusto
1340 3337 1460 3383 sue
1522 3316 1764 3383 indicio
1819 3318 1958 3384 vim
2016 3328 2082 3384 et
2134 3319 2491 3387 efficaciam
2557 3319 2799 3386 erroris

870 3403 1114 3470 divinis
1168 3412 1237 3470 et
1292 3403 1502 3488 magis
1557 3403 1851 3487 ipsorum
1905 3404 2151 3486 tribuit,
2208 3414 2276 3471 et
2318 3405 2657 3472 divinandi
2715 3404 2799 3471 ad

869 3497 1273 3555 momentum
1350 3498 1416 3555 et
1479 3498 1695 3556 actum
1774 3509 1982 3554 unum
2046 3489 2426 3558 facultatem
2494 3491 2796 3577 largitur.

865 3576 1097 3658 Neque
1139 3575 1316 3641 enim
1356 3573 1430 3639 in
1474 3574 1814 3658 prophetia
1848 3575 2218 3659 proficiunt,
2262 3598 2473 3661 neque
2511 3578 2584 3643 in
2627 3576 2802 3643 utili-

868 3669 1071 3725 tatem
1114 3681 1303 3728 suam
1344 3666 1770 3727 convertunt:
1816 3660 1932 3727 sed
1973 3662 2192 3746 potius
2234 3661 2305 3727 in
2351 3663 2569 3729 maius
2605 3684 2799 3731 suum

866 3744 1182 3811 iudicium
1259 3754 1327 3811 et
1403 3744 2009 3813 condemnationem
2089 3755 2376 3814 vertunt.
2483 3749 2590 3815 Ne
2653 3749 2802 3832 quis

869 3831 2802 4003 ffiffasswaiissflffizzzffl‘⁰;.3⁰3;²t0¹23{.33

872 4004 1049 4069 iusto
1106 4022 1223 4068 suo
1276 4001 1517 4069 indicio
1560 4012 1938 4071 excaecatos
1978 4005 2310 4089 improbos
2351 4006 2691 4090 permittat
2729 4008 2802 4072 in

875 4086 1206 4154 erroribus
1278 4089 1416 4154 suis
1490 4090 1700 4174 magis
1776 4090 2168 4157 confirmari.
2269 4093 2488 4175 Atque
2563 4092 2802 4158 horum

877 4175 1003 4240 Dei
1047 4171 1438 4239 iudiciorum
1482 4175 1893 4258 apertissima
1936 4176 2124 4258 ratio,
2167 4189 2241 4242 nt
2283 4177 2592 4261 quoniam
2633 4178 2806 4244 veri-

874 4268 1078 4326 tatem
1101 4279 1232 4324 non
1255 4269 1577 4340 amarunt,
1599 4261 1714 4327 sed
1730 4260 2138 4329 mendacium
2152 4263 2387 4346 potius,
2409 4265 2606 4329 etiam
2622 4284 2806 4329 men-

876 4346 1058 4412 dacio
1093 4344 1518 4429 decipiantur,
1553 4346 2094 4430 quemadmodum
2130 4347 2289 4415 olim
2320 4349 2545 4416 Moses
2580 4356 2803 4434 aperte

876 4432 1114 4513 docuit,
1149 4440 1217 4497 et
1240 4430 1486 4497 Paulus
1521 4432 1580 4497 2.
1618 4430 1701 4496 ad
1736 4433 1965 4499 Thess.
2002 4433 2319 4517 Epistola.
2364 4436 2553 4502 Deus
2585 4437 2804 4520 itaque

876 4517 1049 4597 fecit,
1092 4526 1169 4582 ut
1202 4516 1749 4602 quemadmodum
1793 4518 2182 4599 sacerdotes,
2228 4519 2436 4586 divini
2468 4528 2536 4586 et
2577 4522 2800 4589 incan-

878 4610 1122 4669 tatores
1183 4602 1470 4688 praescri
1589 4613 1739 4669 rant
1800 4606 2124 4687 eveniret,
2188 4626 2425 4674 vaccae
2490 4605 2801 4673 nimirum

878 4695 1127 4755 rectam
1190 4687 1368 4754 viam
1434 4689 1560 4754 Bet
1609 4709 1820 4756 semes
1881 4711 2113 4758 versus
2175 4700 2541 4777 pergerent.
2629 4694 2801 4759 Nam

878 4774 988 4841 vel
1031 4774 1276 4840 invitos
1310 4773 1707 4841 Philistaeos
1741 4777 2031 4859 oportuit
2071 4777 2312 4843 intueri
2356 4789 2423 4845 et
2455 4799 2803 4864 agnoscere

880 4859 1098 4926 Deum
1139 4859 1409 4926 Israelis
1449 4861 1519 4925 in
1565 4861 1885 4944 quaslibet
1926 4869 2256 4929 creaturae
2303 4863 2547 4931 habere
2589 4875 2803 4949 potes-

881 4953 1086 5011 tatem
1126 4954 1194 5011 et
1234 4944 1616 5013 dominium.
1682 4945 2225 5031 Quandoquidem
2270 4970 2426 5016 vero
2467 4951 2640 5017 idolo
2684 4972 2803 5017 suo

880 5031 1252 5097 tribuerunt
1306 5031 1479 5116 quod
1521 5032 1648 5098 Dei
1707 5034 1902 5099 unius
1957 5035 2241 5100 viventis
2294 5036 2630 5119 proprium
2686 5047 2804 5116 est,

882 5113 1123 5183 idcirco
1170 5118 1240 5182 in
1291 5118 1694 5185 idololatriae
1742 5118 2315 5203 profundissimam
2351 5122 2660 5207 abyssum
2694 5122 2804 5188 de-

880 5203 1080 5268 mersi
1152 5209 1325 5283 sunt,
1383 5211 1450 5271 et
1504 5205 1918 5289 ignorantiae
1977 5205 2265 5273 tenebris
2328 5208 2421 5273 sio
2481 5208 2804 5277 excaecati

2503 304 2919 373 HOMILIA
2959 304 3194 372 XXII.

4649 305 4744 374 488

2898 501 2975 560 nt
3017 493 3275 559 nullum
3320 490 3601 576 amplius
3642 491 3802 576 ipsis
3843 488 4204 557 remedium
4255 490 4633 575 superfuerit,
4666 507 4750 562 aut

2899 599 3048 662 spes
3110 578 3343 645 salutis
3408 579 3577 645 facta
3641 578 3748 657 sit,
3811 575 3925 643 sed
3990 576 4498 644 inemendabiles
4544 577 4746 648 fuerim.

2896 664 3027 731 Hic
3077 684 3235 730 vero
3290 684 3420 730 non
3463 663 3598 729 levi
3640 684 3841 729 manu
3900 660 4413 747 praetereundus
4452 683 4638 730 sermo
4671 667 4750 733 ille

2897 748 3171 816 Domini
3229 770 3349 835 per
3406 769 3638 815 vaccas
3696 749 4036 831 loquentis,
4093 769 4261 831 qnae
4303 747 4453 813 licet
4490 761 4674 816 mutae
4702 764 4750 817 et

2898 836 3150 917 brutae,
3194 845 3415 901 tamen
3452 853 3774 901 summam
3812 834 3952 900 eius
3993 834 4307 900 virtutem
4349 835 4752 922 praedicarant,

2897 921 3068 1005 quod
3091 921 3449 988 Psalmista
3492 921 3681 985 docet
3721 920 3870 986 aliis
3908 918 4070 986 locis
4113 919 4453 1005 copiosius,
4492 929 4555 985 et
4589 924 4749 988 nomi·

2897 1008 3104 1072 natim
3182 1006 3427 1073 Psalm.
3496 1005 3640 1071 119.
3741 1004 3912 1071 Nam
3990 1005 4137 1089 quis
4201 1014 4400 1090 neget
4477 1025 4752 1074 vaccarum

2897 1102 3144 1159 rectam
3201 1093 3376 1160 viam
3431 1091 3823 1159 Betheemes
3883 1111 4111 1157 versus
4152 1091 4576 1157 insistentium
4615 1112 4750 1176 aper·

2899 1187 3040 1244 tum
3097 1197 3464 1244 sermonem
3517 1177 3740 1261 fuisse,
3792 1185 3861 1241 et
3915 1177 4056 1243 sine
4109 1177 4337 1261 lingua
4387 1177 4753 1244 certissimum

2896 1265 3226 1348 potentiae
3261 1273 3327 1329 et
3359 1264 3814 1347 providentiae
3844 1261 4110 1327 divinae
4145 1263 4600 1346 praeconium?
4637 1263 4754 1330 Ger·

2900 1350 3100 1416 tiores
3153 1349 3330 1415 enim
3391 1349 3547 1415 facti
3612 1357 3771 1414 sunt
3823 1348 4166 1414 Philistaei
4234 1368 4432 1432 quam
4490 1359 4658 1414 antea
4698 1350 4756 1417 de

2898 1435 3208 1518 peculiari
3253 1433 3381 1499 Dei
3418 1433 3849 1519 providentia.
3911 1432 4087 1516 Quid
4134 1433 4265 1499 ita?
4324 1432 4570 1519 Nempe
4605 1455 4757 1521 agno·

2899 1530 3143 1587 verunt
3214 1542 3254 1587 a
3328 1521 3470 1586 Deo
3538 1518 3896 1585 bestiarum
3963 1520 4224 1586 illarum
4298 1539 4525 1603 passus
4583 1520 4757 1606 dirigi:

2897 1605 3133 1672 deinde
3196 1626 3282 1671 ex
3346 1605 3603 1689 mugitu
3678 1626 3807 1689 quo
3873 1607 4048 1671 viam
4125 1605 4557 1689 impleverant
4611 1609 4760 1672 etism

2898 1692 3142 1776 aliquid
3186 1692 3571 1758 inusitatum
3619 1691 3951 1770 viderunt,
4014 1692 4198 1775 quasi
4243 1712 4361 1758 suo
4407 1690 4518 1756 illo
4558 1693 4760 1777 mugitu

2897 1775 3118 1843 Deum
3148 1777 3413 1843 Israelis
3446 1776 3877 1842 inclamarent
3895 1787 3962 1842 et
3984 1778 4456 1860 praedicarent.
4500 1774 4659 1845 Sane
4675 1799 4761 1844 net

2898 1882 3124 1930 vocem
3165 1883 3285 1929 nec
3319 1882 3687 1929 sermonem
3722 1862 4082 1928 habebant:
4119 1863 4233 1929 sed
4256 1864 4347 1929 ita
4371 1873 4588 1928 tamen
4611 1883 4763 1946 agun-

2899 1956 3029 2030 tur,
3063 1961 3140 2014 nt
3172 1949 3373 2015 totius
3394 1947 3683 2033 corporis
3703 1949 3999 2031 partibus
4023 1960 4342 2016 testentur
4363 1968 4435 2014 se
4458 1970 4497 2014 a
4515 1947 4763 2033 Deoregi

2900 2034 3397 2119 gubernarique.
3484 2034 3746 2100 Revera
3801 2033 4140 2100 Philistaei
4208 2034 4518 2101 videntur
4573 2034 4762 2118 aliquid

2900 2121 2970 2186 in
3015 2121 3143 2187 Dei
3185 2119 3552 2205 cognitione
3588 2118 3969 2203 profecisse:
4014 2119 4126 2185 sed
4169 2119 4367 2205 longe
4401 2119 4620 2185 melius
4655 2139 4763 2185 cnm

2899 2207 2921 2271 i
2969 2206 3063 2272 sis
3119 2217 3338 2272 actum
3395 2209 3562 2271 foret
3603 2206 3661 2270 si
3719 2227 3801 2270 ex
3845 2204 4054 2270 brutis
4108 2205 4255 2271 istis
4299 2206 4710 2271 animantibus
4738 2226 4764 2269 a

2969 2291 3032 2358 ei
3071 2291 3486 2375 providentia
3529 2291 3648 2356 toti
3691 2288 3974 2374 pendere
4016 2288 4412 2356 didicissent.
4484 2290 4613 2357 Nos
4646 2312 4761 2356 vero

2901 2396 3371 2462 cognoscamus
3426 2378 3781 2442 etiamnum
3845 2398 4185 2443 vaccarum
4229 2375 4511 2443 istarum
4565 2377 4766 2458 mugitu

2901 2470 3113 2529 totum
3148 2463 3369 2529 orbem
3406 2463 3720 2546 repletum
3766 2461 3849 2528 ad
3893 2461 4265 2529 incredulos
4297 2473 4367 2528 et
4409 2472 4765 2529 contumaces

2898 2568 3047 2615 reos
3103 2547 3528 2634 peragendos.
3616 2547 3786 2630 Quis
3827 2549 4024 2632 enim,
4091 2549 4381 2633 obsecro,
4437 2548 4638 2633 pudor
4681 2558 4765 2622 est.

2898 2654 3032 2699 non
3077 2654 3265 2718 posse
3307 2653 3428 2700 nos
3474 2634 3687 2699 Deum
3730 2635 3934 2718 sequi.
3996 2635 4168 2700 viam
4214 2635 4416 2702 etiam
4459 2656 4584 2719 qua
4617 2633 4685 2698 ad
4716 2654 4767 2697 se

2901 2720 3183 2802 venitur,
3251 2718 3826 2798 demonstrantem,
3897 2739 4149 2804 uosque
4219 2720 4303 2786 ad
4376 2741 4450 2786 se
4526 2718 4767 2804 benignis

2900 2804 3476 2889 pollicitationibus
3509 2804 3945 2871 invitantem?
3987 2804 4161 2888 Quid
4207 2805 4576 2872 resistimus
4613 2817 4673 2871 et
4702 2824 4769 2868 rs-

2900 2911 3272 2975 pugnamns
3325 2900 3554 2958 contra
3613 2892 3955 2957 veritatem
4021 2890 4354 2958 oblatam?
4445 2890 4595 2975 quid
4652 2889 4769 2955 adeo

2899 2977 3263 3043 insanimus
3285 2985 3362 3042 ut
3393 2978 3464 3041 in
3489 2975 3635 3041 avia
3668 2979 4055 3061 praecipites
4077 2978 4390 3059 feramur,
4435 2989 4501 3043 et
4535 2978 4770 3042 omnium

2899 3062 3182 3130 ludibrio
3224 3061 3671 3147 exponamur?
3718 3063 4012 3129 Brutane
4055 3062 4420 3130 animantia
4453 3061 4772 3129 Philistaeis

2899 3148 3078 3216 viam
3141 3147 3222 3215 ad
3288 3148 3802 3232 msipiscendum
3865 3151 4406 3228 monstraverint,
4485 3169 4602 3214 nos
4657 3166 4772 3214 vero

2902 3234 3140 3318 quibus
3180 3232 3366 3300 Deus
3411 3234 3683 3300 rationis
3743 3242 3808 3299 et
3860 3233 4334 3318 intelligentiae
4397 3233 4578 3301 dedit
4614 3251 4776 3308 nsum,

2900 3340 3030 3404 quo
3084 3319 3332 3385 malum
3398 3341 3438 3386 a
3498 3319 3667 3385 bono
3729 3318 4197 3399 discernamus,
4261 3319 4379 3404 qui
4445 3319 4776 3404 prudentiae

2901 3406 3203 3488 spiritum
3270 3404 3653 3488 accepimus,
3717 3407 3828 3490 qui
3893 3406 4166 3471 rationis
4236 3415 4304 3471 et
4369 3407 4631 3490 spiritus
4682 3402 4772 3469 Dei

2902 3490 3071 3557 dono
3114 3490 3490 3576 gloriamur,
3549 3499 3770 3557 tamen
3815 3490 4033 3557 Deum
4080 3507 4211 3556 non
4253 3510 4684 3576 agnoscemus,
4727 3499 4776 3552 et

2902 3576 2971 3642 in
3051 3579 3450 3644 contrarium
3523 3588 3755 3645 contra
3818 3578 4100 3642 vetitum
4180 3597 4444 3661 semper
4505 3572 4773 3643 feremur?

2903 3661 3190 3743 Quidam
3253 3670 3475 3728 autem
3538 3662 3647 3730 hio
3709 3662 4056 3746 allegorias
4120 3663 4408 3746 fingunt,
4473 3672 4541 3731 et
4600 3662 4777 3728 dicunt

2901 3748 3291 3815 Betheemes
3354 3748 3725 3833 significare
3788 3746 4051 3814 domum
4118 3750 4295 3830 solis,
4368 3750 4589 3834 itaque
4645 3747 4777 3813 viam

2903 3835 3307 3913 Betheemes,
3365 3853 3507 3900 esse
3551 3834 3724 3900 viam
3768 3854 3934 3918 quae
3991 3833 4076 3902 ad
4122 3836 4337 3901 Deum
4384 3848 4565 3902 mota
4615 3833 4779 3907 ducat,

2902 3939 3226 4003 nusquam
3282 3939 3494 4002 neque
3555 3918 3639 3985 ad
3708 3919 4005 3986 dextram
4073 3941 4282 4004 neque
4347 3921 4434 3988 ad
4499 3921 4774 3987 sinistram

2903 4005 3325 4072 declinantes.
3410 4004 3545 4072 Sed
3588 4026 3628 4070 a
3672 4027 3868 4073 sensu
3911 4006 4293 4073 remotiores
4326 4017 4508 4088 sunt,
4549 4017 4611 4073 et
4639 4002 4774 4070 nullo

2903 4101 3080 4158 certo
3124 4092 3319 4157 nixae
3360 4088 3804 4170 fundamento,
3859 4092 4043 4158 nobis
4084 4113 4238 4158 vero
4292 4093 4664 4177 simplicitas
4695 4088 4777 4154 in·

2903 4186 3006 4244 sat
3039 4185 3203 4261 esto,
3237 4196 3473 4259 nempe
3507 4195 3737 4244 vaccas
3772 4176 3921 4244 illas
3955 4186 4196 4245 rectam
4236 4178 4418 4244 viam
4446 4178 4778 4245 Betheemes

2902 4283 3150 4341 versus,
3195 4264 3308 4346 qui
3348 4261 3532 4328 locus
3575 4271 3641 4328 et
3684 4262 4084 4330 domicilium
4129 4283 4318 4329 arcae
4361 4264 4632 4332 foederis
4668 4261 4778 4327 hao-

2906 4356 3100 4416 tenus
3141 4349 3374 4429 fuerat,
3415 4369 3557 4415 esse
3598 4358 3932 4434 sequutae,
3977 4359 4044 4416 et
4084 4369 4410 4433 nusquam
4457 4350 4776 4421 declinasse,

2903 4435 3228 4586 mm}
3265 4433 3859 4587 ὃίῖῗιῗόοὲἓὲοἲ
3882 4430 4778 4606 :tsffissztfffftstffi‘ffssfiff

2903 4605 3060 4671 dore
3095 4606 3383 4673 suffundi
3417 4607 3545 4672 nisi
3576 4607 3895 4672 malitiam
3929 4618 3994 4671 et
4029 4609 4507 4674 contumaciam
4539 4571 4778 4674 dostram

2904 4691 3303 4757 detestemur
3362 4703 3431 4759 et
3494 4692 3967 4758 abominemur.
4074 4692 4244 4758 Nam
4321 4693 4563 4777 alioqui
4630 4694 4779 4770 longe

2905 4779 3172 4863 gravius
3207 4779 3517 4845 iudicium
3563 4778 3895 4861 experturi
3942 4799 4192 4857 sumus,
4239 4779 4362 4846 nisi
4411 4777 4623 4845 Deum
4660 4792 4779 4860 quo-

2902 4863 3873 5017 fxssqzzsst-'Jssfitztssffissz’
3893 4864 4781 5034 αἰζέἕάἔῧρῖὲἷέῗωᾞᾞ

2905 5036 3388 5121 contigerimus.
3457 5034 3675 5119 Atque
3717 5036 4037 5103 hactenus
4070 5036 4317 5103 dictum
4357 5047 4502 5103 esto
4546 5036 4620 5101 de
4657 5031 4780 5102 istis,

2908 5142 2991 5188 ex
3051 5122 3286 5206 quibus
3331 5121 3653 5188 discamus
3694 5131 3951 5205 oportet
4008 5143 4204 5205 quam
4249 5142 4516 5189 necesse
4554 5123 4634 5186 sit
4669 5135 4781 5183 aos-

2908 5217 3078 5275 tram
3133 5205 3491 5276 socordiam
3552 5229 3591 5273 a
3650 5210 3795 5276 Deo
3855 5210 4145 5289 excitari,
4189 5228 4266 5275 ac
4306 5217 4628 5292 stuporem
4666 5221 4782 5289 pro·
