5059 6059
870 269 999 337 735

873 459 1020 526 istis
1096 458 1348 524 maiora
1425 465 1494 523 et
1570 455 2054 523 admirabiliora
2125 457 2616 526 benevolentiae
2680 458 2808 525 Dei

874 565 1033 630 erga
1109 564 1229 610 nos
1306 542 1623 610 habemus
1704 543 2095 610 testimonia.
2198 543 2538 627 Quantum
2613 545 2807 625 enim,

874 631 1161 704 obsecro.
1217 627 1683 711 redemptionis
1742 639 2006 696 nostrae
2062 651 2182 714 per
2239 631 2598 697 Dominum
2660 650 2810 698 nos-

875 730 1054 783 trum
1110 714 1333 782 Iesum
1390 713 1736 780 Christum
1801 714 2240 800 mysterium?
2347 716 2489 783 Nae
2553 726 2810 783 tantum

874 811 977 870 est
1041 808 1117 867 ut
1180 812 1246 865 et
1306 800 1654 867 creationis
1719 800 1947 866 mundi
2014 822 2194 885 opus,
2262 809 2332 867 et
2384 821 2810 886 quaecunque

874 886 1624 1039 Γηὶῖῗῗέἒῗέἕιῖἰῗ
1650 885 1755 1037 ἒέἒ
1762 886 2589 1040 ‘⁸3:2²¹‘12222322dffl‘3330‘122
2627 887 2810 1040 ἓέῑῖῐ

1753 1021 1770 1053 2

875 1058 997 1125 filii
1032 1058 1134 1123 sui
1176 1078 1457 1142 persona
1500 1056 1939 1124 descenderit:
1996 1068 2073 1124 ιιι
2116 1059 2228 1143 qui
2289 1059 2430 1125 fons
2475 1061 2649 1126 vitae
2690 1070 2807 1139 est,

875 1143 1218 1211 mortalem
1276 1144 1480 1209 vitam
1534 1153 1828 1209 nostram
1885 1145 2243 1227 susceperit
2253 1167 2269 1224 ;
2329 1155 2401 1210 ut
2451 1146 2561 1228 qui
2604 1145 2807 1212 felici-

877 1239 1078 1296 tatem
1119 1229 1302 1293 illam
1343 1226 2067 1313 incomprehensibilem
2110 1230 2440 1298 habitabat
2481 1231 2809 1298 Dominus

878 1325 1102 1383 noster
1153 1314 1342 1381 Iesus
1399 1314 1726 1394 Christus,
1791 1336 1933 1381 sese
1989 1336 2066 1382 eo
2131 1336 2337 1400 usque
2393 1317 2807 1397 exinanierit,

877 1409 954 1469 ut
1005 1402 1077 1466 ιιι
1141 1420 1286 1467 sese
1350 1410 1642 1466 nostram
1707 1400 2229 1468 maledictionem
2296 1404 2674 1486 susceperit,
2738 1412 2810 1468 et

876 1508 995 1554 nos
1049 1484 1195 1552 Deo
1252 1484 1426 1569 patri
1488 1485 1863 1567 conciliarit,
1928 1507 2005 1553 ac
2066 1488 2256 1572 regni
2320 1487 2497 1553 illius
2557 1492 2806 1555 aeterni

876 1573 979 1641 sui
1022 1571 1369 1657 participes
1410 1579 1478 1637 et
1520 1571 1909 1639 cohaeredes
1948 1571 2218 1639 fecerit?
2264 1573 2567 1658 Denique
2608 1594 2807 1658 quum

877 1660 947 1725 in
1003 1656 1325 1724 mundum
1379 1656 1463 1722 ad
1514 1677 1636 1724 noe
1694 1679 1735 1723 a
1790 1656 2027 1724 diaboli
2083 1660 2428 1741 tyrannide
2486 1681 2617 1743 qua
2659 1682 2807 1745 pre-

878 1745 1215 1811 mebamur
1258 1740 1580 1809 eruendos
1623 1752 1689 1808 et
1730 1744 1799 1808 in
1860 1743 2227 1810 libertatem
2270 1745 2652 1812 asserendos
2696 1768 2806 1812 ve·

873 1832 993 1915 nit,
1059 1840 1196 1895 tam
1259 1829 1518 1913 insigne
1583 1838 1683 1895 est
1746 1828 2155 1910 miraculum,
2230 1837 2306 1894 ut
2371 1832 2555 1897 nulla
2619 1853 2804 1900 mens

872 1916 1167 1982 humana
1229 1916 1435 1998 possit
1490 1914 1656 1980 illud
1712 1913 2074 1999 complecti,
2133 1936 2349 1999 neque
2403 1918 2565 1984 satie
2609 1918 2808 2003 digne

870 2001 1269 2088 praedicare.
1381 1997 1513 2066 Sed
1595 2008 1854 2084 praeter
1931 2001 2060 2067 ista
2136 2001 2437 2069 fidelibus
2503 2003 2806 2071 omnibus

871 2087 1263 2166 communia,
1308 2086 1584 2169 quisque
1627 2086 1801 2170 apud
1845 2107 1917 2152 se
1957 2086 2242 2171 cogitare
2286 2087 2495 2168 debet,
2541 2099 2699 2172 quot
2741 2101 2809 2156 et

872 2183 1118 2257 quanta
1175 2172 1490 2238 beneficia
1551 2172 1638 2237 sit
1695 2192 1735 2236 a
1798 2173 2081 2238 Domino
2145 2184 2603 2256 consequutus,
2670 2176 2803 2241 iam

871 2260 1027 2326 inde
1071 2279 1112 2323 a
1147 2257 1379 2324 matris
1425 2266 1627 2336 utero,
1686 2264 1754 2321 et
1795 2265 1950 2341 quot
1990 2258 2291 2341 periculis
2334 2260 2647 2327 liberatus
2733 2272 2810 2327 ut

875 2345 1106 2410 merito
1160 2343 1364 2428 possit
1417 2343 1819 2421 exclamare,
1897 2343 2176 2410 Domine
2230 2365 2422 2428 quam
2483 2309 2808 2412 mirabilia

873 2438 1034 2496 sunt
1097 2449 1256 2512 erga
1319 2449 1424 2493 me
1487 2450 1688 2513 opera
1750 2430 1898 2496 tual
1978 2429 2237 2496 Deinde
2300 2432 2541 2514 singuli
2605 2434 2805 2498 etiam

876 2515 1048 2599 apud
1102 2534 1172 2579 se
1225 2514 1575 2598 pensitare,
1633 2513 1954 2598 quomodo
1998 2515 2081 2581 ad
2125 2516 2450 2599 evangelii
2490 2520 2805 2604 cognitio·

874 2621 1027 2667 nem
1084 2600 1293 2666 vocati
1349 2600 1502 2680 sint,
1557 2608 1625 2665 et
1677 2601 1747 2665 in
1803 2621 1882 2667 ea
1923 2622 2008 2666 cx
2051 2599 2181 2666 Dei
2238 2603 2454 2686 gratia
2509 2624 2804 2688 perseve-

874 2694 1042 2752 rent.
1130 2684 1318 2767 Quae
1358 2685 1619 2770 singula
1659 2686 1717 2753 si
1759 2693 1835 2750 ut
1879 2707 1999 2772 par
2041 2695 2144 2753 est
2184 2689 2358 2771 apud
2402 2711 2523 2756 nos
2564 2711 2807 2774 expen-

875 2770 1183 2851 derimus,
1238 2778 1306 2836 et
1365 2771 1655 2837 meditati
1711 2772 2027 2838 fuerimus
2084 2772 2501 2858 animumque
2560 2774 2644 2840 ad
2692 2776 2807 2842 illa

875 2856 1320 2934 adiecerimus,
1399 2856 1686 2940 amplam
1777 2859 2119 2924 materiam
2199 2858 2487 2926 habituri
2575 2883 2805 2928 sumus

873 2940 1284 3010 exclamandi
1341 2962 1492 3008 cum
1538 2940 1828 3011 Davide:
1894 2943 2203 3025 Domine,
2266 2944 2551 3013 Domine
2609 2968 2804 3032 quam

873 3028 1223 3113 magnifica
1285 3037 1441 3093 sunt
1502 3048 1700 3112 opera
1766 3038 1911 3095 tua:
1988 3030 2254 3114 capillos
2318 3052 2392 3097 ca
2438 3032 2552 3099 itis
2613 3034 2808 3099 citius

871 3134 1068 3198 quam
1114 3122 1229 3179 tua
1271 3112 1581 3180 beneficia
1636 3113 2288 3182 dinumeraverimus.
2431 3118 2511 3184 ed
2557 3127 2807 3203 quanta

874 3200 982 3267 hic
1025 3209 1252 3266 nostra
1294 3208 1392 3263 est
1437 3197 1731 3267 socordia
1773 3213 1839 3265 ct
1881 3201 2142 3280 oblivio,
2202 3222 2331 3286 qua
2374 3204 2449 3269 fit
2493 3212 2567 3270 ιιι
2609 3225 2809 3288 opera

872 3286 1003 3352 Dei
1063 3282 1446 3351 admiranda
1501 3286 1683 3352 flocci
1737 3287 2114 3370 pendamus,
2172 3298 2240 3353 et
2282 3289 2553 3371 pedibus
2597 3291 2807 3358 veluti

873 3370 1351 3451 conculcemus,
1399 3380 1467 3435 et
1509 3379 1642 3436 tam
1678 3392 1912 3456 segnes
1949 3373 2019 3437 in
2053 3373 2262 3457 ipsius
2296 3373 2545 3440 cultum
2580 3376 2804 3443 simus.

873 3455 1318 3538 Quamobrem
1373 3455 1645 3522 minime
1701 3458 1968 3524 dubium
2003 3474 2104 3524 est
2144 3459 2305 3543 quin
2347 3459 2637 3543 Samuel,
2693 3466 2805 3547 qui

871 3543 1183 3642 populum
1229 3540 1414 3607 illum
1456 3542 1639 3608 intus
1681 3551 1748 3608 et
1790 3544 1860 3608 in
1916 3553 2064 3611 cute
2108 3552 2337 3611 notum
2382 3544 2680 3629 habebat,
2741 3557 2809 3615 et

876 3629 1104 3693 vitium
1147 3626 1276 3710 ipsi
1309 3628 1625 3707 innatum,
1671 3628 1888 3694 iubeat
1926 3628 2073 3695 illos
2118 3629 2344 3696 videre
2375 3630 2507 3697 Dei
2550 3635 2807 3718 magui-

872 3714 1018 3794 fica,
1073 3712 1245 3779 idest
1297 3711 1411 3777 illa
1464 3712 1812 3798 diligenter
1870 3714 2256 3798 expendere,
2315 3718 2502 3802 quasi
2547 3719 2806 3803 diceret,

874 3822 913 3864 o
971 3818 1085 3867 vos
1149 3797 1461 3883 stupidos,
1524 3821 1643 3866 vos
1697 3801 1985 3885 perditos
2039 3802 2359 3885 homines,
2425 3804 2538 3888 qui
2588 3816 2685 3870 tot
2738 3818 2807 3872 et

874 3893 1062 3950 tanta
1106 3884 1230 3949 Dei
1289 3904 1447 3968 erga
1505 3906 1623 3951 vos
1666 3885 1979 3953 beneficia
2034 3887 2326 3972 sepelitis
2368 3898 2436 3955 et
2478 3889 2806 3958 oblivione

875 3969 1128 4048 deletis,
1174 3969 1347 4035 unde
1389 3971 1467 4035 fit
1509 3979 1585 4036 ut
1627 3970 1799 4037 dona
1839 3973 2044 4056 ipsius
2081 3994 2212 4038 non
2246 3975 2803 4057 animadvertatis,

872 4063 942 4120 et
998 4076 1133 4122 non
1188 4075 1266 4120 eo
1321 4054 1539 4121 studio
1598 4078 1728 4141 quo
1785 4079 1904 4142 par
1961 4066 2062 4124 est
2117 4058 2200 4125 ad
2244 4081 2394 4127 eum
2436 4063 2803 4143 glorifican-

872 4141 1031 4207 dum
1098 4148 1164 4206 et
1227 4140 1631 4208 laudandum
1665 4145 2257 4213 commoveamini.
2343 4145 2595 4214 Idcirco
2658 4170 2807 4233 pro-

871 4227 1074 4310 pheta
1130 4228 1443 4311 populum
1503 4228 1570 4293 in
1628 4228 1913 4295 Psalmis
1953 4230 2047 4296 ita
2089 4230 2503 4299 cohortatur:
2562 4234 2805 4301 Venite

871 4319 938 4378 et
971 4312 1500 4396 contemplamini
1544 4314 1671 4380 Dei
1713 4315 2051 4397 mirabilia,
2093 4316 2265 4400 quod
2307 4319 2623 4385 nimirum
2668 4329 2803 4387 tam

869 4398 1113 4484 ingrati
1169 4399 1307 4465 sint
1348 4398 1668 4479 homines,
1727 4409 1991 4485 tamque
2053 4422 2286 4487 segnes
2327 4405 2397 4469 in
2443 4405 2570 4471 Dei
2614 4406 2802 4473 donis

871 4484 1317 4570 agnoscendis,
1376 4494 1447 4551 ut
1504 4485 1620 4552 illa
1676 4489 2031 4571 praeterire
2089 4497 2402 4573 tanquam
2468 4491 2804 4576 incognita

871 4580 941 4636 et
1004 4591 1215 4654 neque
1279 4569 1423 4636 visa
1488 4592 1698 4655 neque
1764 4571 1989 4639 audita
2052 4574 2293 4652 sinant,
2358 4574 2511 4643 licet
2576 4590 2799 4643 tamen

871 4657 1155 4722 maxime
1225 4658 1631 4741 perceperint
1687 4657 1844 4724 dum
1916 4659 2109 4726 rebus
2167 4661 2472 4729 secundis
2536 4671 2799 4729 uteren-

871 4751 999 4823 tur,
1059 4762 1176 4826 pro
1230 4743 1466 4826 quibus
1512 4755 1730 4810 tamen
1775 4746 2178 4812 immortales
2220 4748 2464 4831 gratias
2506 4749 2576 4815 in
2620 4751 2806 4814 omni

871 4827 1245 4893 sinceritate
1300 4836 1365 4894 et
1419 4829 1796 4915 integritate
1850 4830 2122 4898 reddere
2180 4831 2517 4900 debebant.
2605 4835 2801 4903 Hanc

870 4913 1077 4996 igitur
1134 4915 1216 4980 ob
1275 4935 1540 4981 causam
1596 4915 1719 4982 hoc
1762 4916 1903 4983 loco
1948 4915 2216 4984 Samuel
2262 4920 2442 4985 iubet
2482 4921 2800 5005 populum

872 4998 1112 5065 intueri
1150 4999 1279 5067 Dei
1335 5002 1697 5086 magnifica,
1758 5010 1835 5069 ut
1874 5003 2181 5087 deinceps
2225 5005 2350 5088 ipsi
2391 5007 2689 5073 serviant
2729 5007 2796 5074 in

872 5086 1150 5159 veritate
1192 5097 1259 5153 et
1298 5087 1690 5159 sinceritate.

2515 268 2931 336 HOMILIA
2973 266 3233 334 XLIV.

2912 456 3488 524 comminationem
3548 456 3827 537 subiicit,
3881 456 3987 522 his
4032 454 4281 523 verbis:
4348 454 4515 536 Quod
4560 457 4611 521 si
4640 457 4755 559 ulti-9
4850 438 4851 441 ¹

2909 542 3073 608 male
3113 543 3408 626 feceritis,
3465 546 3596 609 tum
3636 563 3769 627 voe,
3826 547 3958 607 tum
3998 561 4118 607 rea:
4158 545 4353 607 vester
4390 560 4759 611 mmm

2912 627 3166 695 Idcirco
3223 649 3378 695 vero
3435 629 3938 696 comminatione
3999 625 4375 692 terrendum
4435 628 4650 693 censuit
4680 651 4758 713 po-

2909 712 3160 796 pulum,
3219 713 3393 798 quod
3452 714 3750 780 homines
3794 714 3921 779 Dei
4025 713 4319 779 romissis
4363 732 4660 795 nunquam
4689 735 4759 780 sa·

2912 799 2998 865 tis
3055 809 3132 864 ιιι
3188 820 3303 883 par
3355 810 3453 866 est
3495 801 3888 866 afficiantur.
4032 818 4157 863 ane
4200 797 4482 863 multum
4520 800 4761 880 promise-

2909 894 3015 950 rat
3071 885 3360 966 Samuel,
3428 907 3628 970 quum
3688 886 3903 952 Deum
3960 884 4218 951 dixerat
4274 903 4591 967 nunquam
4635 885 4762 968 ipsos

2911 969 3396 1052 derelicturum,
3454 972 3604 1039 licet
3645 970 3729 1038 ab
3766 971 3929 1054 ipsis
3981 970 4277 1056 graviter
4320 969 4648 1035 offensum:
4689 971 4765 1036 sod

2910 1057 3219 1140 quoniam
3262 1060 3439 1141 ipsos
3481 1059 3789 1143 elegisset
3828 1058 3896 1123 in
3943 1076 4137 1123 suum
4179 1054 4520 1139 peculium,
4572 1066 4629 1119 et
4660 1076 4763 1139 grs-

2911 1145 3075 1207 tuito
3142 1144 3207 1207 in
3274 1145 3443 1211 filios
3508 1144 3900 1228 adoptasset,
3981 1141 4224 1227 gloriae
4300 1160 4460 1207 suae
4521 1141 4766 1206 rationem

2908 1228 3287 1295 habiturum
3329 1231 3547 1313 potius
3590 1249 3788 1313 quam
3833 1228 4142 1313 ipsorum,
4187 1235 4255 1293 et
4294 1236 4555 1310 propter
4593 1246 4763 1291 nomeu

2909 1335 3106 1380 suum
3150 1336 3464 1401 magnum
3507 1316 3826 1400 promissa
3868 1313 4309 1398 impleturum,
4353 1331 4481 1394 quo
4520 1311 4768 1377 nimirum

2909 1398 3118 1466 fidelis
3198 1414 3641 1487 cognoscatur,
3727 1421 3984 1467 summe
4066 1400 4275 1466 bonus
4349 1407 4422 1462 et
4496 1397 4769 1481 perfectu.

2906 1486 3124 1568 Hanc,
3181 1488 3414 1571 inquit,
3468 1487 3551 1554 ob
3607 1507 3873 1554 causam
3915 1487 4121 1553 vestri
4162 1484 4348 1550 Deus
4400 1493 4501 1550 est
4540 1483 4770 1549 miserm-

2909 1592 3042 1649 rus,
3100 1581 3166 1639 et
3221 1574 3504 1640 offensas
3548 1572 4059 1651 condonaturus,
4120 1578 4317 1654 atque
4359 1589 4478 1634 suo
4520 1568 4769 1653 praesidio

2908 1657 3313 1725 defensurus.
3403 1658 3577 1727 Sane
3622 1679 3934 1744 magnum
3977 1655 4230 1742 pondus
4273 1654 4517 1720 habere
4556 1654 4670 1721 ista
4699 1654 4767 1718 do-

2910 1743 3149 1811 bebant
3204 1746 3286 1811 ad
3349 1765 3462 1812 eos
3538 1745 3620 1812 ad
3695 1744 4167 1830 poenitentiam
4239 1739 4639 1808 excitandos:
4703 1739 4771 1804 sod

2910 1831 3217 1914 quoniam
3262 1851 3338 1896 ea
3379 1830 3722 1897 hominum
3764 1838 4221 1913 corruptorum
4262 1836 4528 1904 natura,
4571 1836 4636 1890 ut
4668 1825 4769 1889 abu·

2908 1925 3139 1981 tantur
3190 1916 3319 1984 Dei
3393 1917 3705 1983 facilitate
3782 1926 3850 1981 et
3918 1915 4286 1996 clementia,
4351 1913 4539 1978 cuius
4590 1932 4651 1978 se
4691 1930 4776 1975 uu·

2909 2023 3070 2068 num
3128 2002 3437 2086 effugisse
3491 2003 3617 2070 sibi
3682 2001 4096 2087 persuadent,
4162 2019 4366 2083 quum
4430 2017 4607 2063 suam
4658 2015 4777 2095 sevo-

2908 2089 3172 2153 ritatem
3215 2108 3350 2153 non
3394 2091 3657 2168 exserit,
3700 2088 3943 2155 idcirco
3986 2087 4184 2152 etiam
4228 2084 4431 2150 minis
4462 2081 4546 2148 ad
4566 2082 4777 2180 officium

2905 2173 3275 2240 faciendum
3319 2185 3575 2258 oportet
3616 2173 3812 2259 adigi.
3902 2170 4172 2241 Samuel
4214 2169 4425 2255 igitur
4467 2168 4607 2235 ideo
4637 2186 4779 2232 mma·

2910 2270 3018 2325 tur
3072 2258 3212 2324 fore
3270 2274 3342 2325 ut
3401 2261 3458 2326 si
3515 2262 3683 2327 ultro
3741 2258 4204 2337 malefecerint,
4261 2266 4561 2339 pereant.
4637 2252 4777 2352 ξὀιιο

2908 2366 3110 2429 quum
3157 2345 3537 2413 malefacere
3581 2367 3693 2413 eos
3737 2345 4057 2429 prohibet,
4116 2363 4249 2408 non
4291 2343 4389 2407 sio
4436 2339 4609 2406 istud
4646 2339 4771 2433 mtelf

2907 2430 3247 2516 ligendum
3304 2445 3420 2509 est,
3481 2433 3664 2516 quasi
3723 2433 3972 2499 nesciat
4027 2427 4360 2514 populum,
4419 2425 4570 2493 licet
4609 2426 4669 2490 in
4698 2423 4769 2487 Du

2908 2519 3157 2583 cultum
3223 2519 3823 2602 propensissimum,
3887 2518 3956 2583 in
4023 2514 4248 2580 multis
4303 2522 4534 2578 tamen
4590 2512 4776 2576 abem-

2909 2612 3152 2682 turum,
3210 2603 3291 2669 ob
3349 2605 3642 2670 innatam
3698 2602 4068 2671 hominibus
4127 2598 4666 2665 imbecillitatem:
4708 2590 4778 2659 sed

2910 2688 3081 2754 male
3146 2691 3359 2756 facere
3420 2690 3630 2756 intelli
3683 2690 3735 2754 ’t
3799 2697 4031 2773 sponte
4097 2709 4137 2752 a
4192 2686 4336 2750 Deo
4401 2681 4700 2758 recedere,
4742 2690 4784 2743 st

2911 2776 3083 2840 malo
3129 2775 3490 2861 indulgere,
3534 2787 3601 2843 et
3636 2711 3829 2841 fixas
3874 2774 4164 2840 habenae
4200 2770 4379 2836 dare.
4474 2768 4642 2867 Sane
4675 2765 4783 2831 fide-

2908 2861 3006 2926 les
3075 2862 3372 2928 sentiunt
3442 2883 3514 2929 se
3580 2862 3708 2928 Dei
3778 2861 3994 2946 legem
4062 2868 4139 2924 ut
4191 2863 4532 2939 oporteret
4584 2852 4787 2937 implere

2908 2967 3040 3011 non
3086 2968 3306 3031 posse:
3364 2947 3536 3032 quod
3594 2947 3675 3013 de
3735 2969 3805 3014 se
3847 2949 3989 3030 ipso
4046 2944 4135 3009 D.
4177 2941 4437 3009 Paulus
4495 2941 4786 3024 profitetur,

2909 3054 3112 3116 quum
3148 3034 3256 3114 ait,
3317 3055 3389 3100 se
3441 3043 3705 3118 propter
3758 3032 4181 3117 fragilitatem
4239 3028 4449 3093 fuisse
4491 3029 4683 3123 instar
4715 3041 4786 3088 n·

2906 3119 2999 3186 sis
3054 3120 3344 3185 sordium
3400 3120 3599 3202 pleni,
3657 3127 3726 3185 et
3781 3117 3956 3203 quod
4014 3115 4221 3182 nollet
4276 3112 4535 3178 malum
4576 3114 4781 3203 fecisse:

2909 3205 3082 3288 quod
3139 3205 3453 3271 nimirum
3508 3204 3722 3271 adhuc
3778 3205 3989 3270 multa
4053 3201 4445 3268 infirmitate
4504 3208 4665 3263 esset
4707 3211 4785 3290 ut·

2907 3289 3271 3357 cumdatus.
3359 3291 3635 3358 Fatetur
3698 3291 3918 3375 itaque
3984 3295 4320 3373 peccatum
4389 3287 4466 3349 in
4536 3304 4623 3381 se·
4659 3279 4788 3345 habs·

2909 3387 3085 3443 tare:
3132 3390 3581 3445 verumtamen
3625 3376 3802 3443 idem
3846 3376 4232 3453 detestatur,
4289 3390 4499 3454 seque
4540 3382 4787 3470 rumam}

2909 3475 3305 3545 peccatorem
3364 3464 3627 3529 fatetur.
3718 3462 4161 3529 Nihilominus
4204 3470 4432 3522 tamen
4477 3468 4663 3520 etiam
4702 3451 4787 3514 De

2913 3550 3201 3616 favorem
3257 3558 3323 3615 et
3374 3551 3655 3633 gratiam
3718 3549 3939 3626 sentit,
4007 3565 4135 3631 qua
4199 3543 4589 3643 delectatur,
4619 3553 4786 3640 'eoque

2908 3635 2980 3699 in
3025 3635 3250 3701 eadem
3297 3638 3511 3720 gratia
3568 3634 3854 3700 solatur:
3910 3632 4084 3718 quod
4126 3631 4313 3698 Deus
4358 3648 4509 3694 eius
4551 3634 4789 3725 misertus

2906 3722 3121 3805 ipsum
3166 3720 3236 3785 in
3281 3722 3512 3787 salutis
3560 3721 3732 3786 viam
3778 3719 4111 3797 direxerit,
4155 3722 4579 3797 mentemque
4618 3710 4700 3775 1111
4730 3703 4785 3771 sd

2907 3807 3314 3890 propositum
3370 3826 3639 3890 scopum
3694 3804 4122 3889 perveniendi
4175 3799 4514 3866 indiderit.
4601 3793 4792 3862 Eadem

2908 3902 3009 3958 est
3052 3893 3455 3976 singulorum
3501 3891 3791 3957 fidelium
3835 3891 4021 3957 ratio.
4067 3889 4323 3954 Verum
4366 3883 4645 3969 improbi
4665 3899 4788 3981 ‚con-

2907 3988 3010 4043 tra
3068 3979 3405 4062 perfractis
3462 3978 3764 4044 omnibus
3829 3974 4132 4054 vinculis,
4198 3984 4264 4038 et
4322 3989 4606 4039 excusso
4664 3983 4789 4061 11:39,

2906 4065 3118 4131 instar
3173 4065 3459 4131 ferarum
3521 4064 3592 4130 in
3651 4084 3803 4129 suas
3859 4061 4161 4129 libidines
4217 4068 4446 4138 ruunt,
4512 4067 4581 4122 et
4639 4052 4786 4145 nullis

2905 4150 3236 4235 repagulis
3278 4160 3556 4235 possunt
3595 4149 3881 4231 retineri,
3926 4156 3999 4214 ut
4042 4151 4335 4213 monstra
4378 4145 4605 4228 potius
4633 4139 4787 4206 honn-

2905 4258 3063 4301 num
3128 4258 3321 4320 quam
3390 4235 3688 4302 homines
3751 4236 3899 4301 illos
3976 4235 4209 4301 merito
4276 4231 4550 4329 dix-eris.
4652 4225 4789 4306 Quat

2904 4323 3195 4388 omnium
3263 4322 3391 4388 Dei
3456 4331 3975 4406 contemptorum
4039 4331 4140 4386 est
4203 4316 4515 4385 conditio.
4621 4312 4785 4394 Quare

2903 4408 3267 4474 istiusmodi
3327 4409 3624 4474 homines
3680 4407 3880 4473 etiam
3928 4428 4069 4474 esse
4103 4405 4455 4501 perituros,
4516 4413 4583 4465 et
4624 4420 4685 4463 in
4716 4415 4785 4489 nq-

2905 4503 3164 4559 ternum
3210 4495 3489 4560 exitium
3533 4494 3821 4560 abituros
3862 4504 4115 4560 certum
4157 4500 4293 4556 est:
4336 4489 4499 4552 hcet
4535 4504 4657 4584 non
4689 4498 4789 4581 flm-

2903 4578 3049 4645 dem
3118 4581 3328 4662 primo
3394 4598 3652 4663 quoque
3717 4587 4029 4662 tempore,
4109 4576 4223 4644 sed
4305 4593 4521 4658 quum
4587 4570 4788 4636 divim

2903 4665 3228 4732 vindictae
3288 4666 3649 4748 praefixum
3694 4672 3952 4749 tempus
4008 4662 4368 4730 advenerit.
4462 4653 4789 4724 Notandum

2902 4751 3076 4815 enim
3159 4750 3329 4833 quod
3408 4752 3480 4816 in
3546 4750 3830 4817 Psalmis
3910 4749 4230 4837 propheta
4301 4748 4509 4827 canit,
4587 4758 4789 4842 nempe,

2902 4837 3116 4902 Deum
3160 4837 3400 4903 fossam
3446 4837 3578 4902 illis
3622 4858 3855 4921 parare
3899 4859 4057 4921 quos
4097 4837 4169 4902 in
4204 4834 4487 4901 exitium
4523 4842 4790 4925 missurus

2901 4930 3022 5000 est,
3089 4934 3436 5006 postquam
3498 4922 3901 5006 aliquamdiu
3959 4922 4288 5007 patienter
4329 4919 4487 4986 illos
4531 4916 4791 4983 tolerant,

2901 5009 3207 5092 quamdiu
3256 5010 3568 5075 nimirum
3623 5009 3754 5074 illis
3813 5009 3896 5075 ad
3952 5030 4219 5076 suorum
4277 5005 4661 5103 patientiam
4709 5019 4789 5099 ‹31-

2901 5095 3285 5178 plorandam
3329 5095 3783 5162 instrumentis
3828 5095 4058 5162 utitur.
4144 5095 4236 5160 Et
4277 5095 4333 5159 si
4380 5092 4493 5160 vel
4538 5111 4579 5158 a
4616 5090 4788 5155 hmine

4665 273 4851 361 ue}

1043 5169 1299 5253 Quibus
1340 5173 1892 5241 cohortationibus
1937 5174 2243 5262 deinceps
2287 5177 2482 5243 etiam
2525 5198 2795 5262 gravem
2898 5201 3119 5248 sacras
3183 5183 3540 5267 scripturas
3603 5182 4055 5263 salutavimus,
4120 5188 4349 5248 notum
4416 5191 4525 5247 est
4584 5178 4659 5244 iis
4710 5170 4787 5256 qui
4858 5168 4861 5225 ἱ
