5059 6059
901 323 1021 389 111
2577 323 2989 392 HOMILIA
3033 325 3215 394 LIV.
4702 335 4781 401 112

901 509 1054 614 beat
1095 523 1283 600 grata
1342 522 1408 579 et
1464 524 1745 597 accepta,
1813 532 2007 596 quam
2054 513 2110 579 si
2155 511 2237 579 ad
2283 512 2599 582 mandata
2642 514 2846 598 ipsius

904 612 1221 753 &mlxxi
1225 622 1439 765 1itero,
1487 685 1660 770 agite
1706 689 1813 750 etc.

1498 1028 1984 1114 HOMILIA
2040 1029 2250 1110 LIV.

1072 1201 1180 1268 20.
1227 1199 1316 1265 Et
1355 1199 1448 1265 ait
1493 1198 1656 1266 Saul
1697 1200 1785 1264 ad
1829 1198 2212 1264 Samuelem.-
2275 1199 2419 1265 Imo
2479 1200 2705 1268 audivi
2746 1222 2843 1268 vo-

899 1309 1030 1356 cem
1075 1285 1356 1368 Domini,
1414 1290 1470 1350 et
1513 1284 1830 1350 ambulavi
1871 1286 1943 1351 in
2000 1285 2109 1350 via
2142 1306 2260 1367 per
2302 1306 2491 1367 quam
2535 1287 2709 1354 misit
2748 1307 2844 1353 me

900 1374 1239 1451 Dominus,
1285 1376 1341 1436 et
1382 1371 1630 1436 adduxi
1667 1371 1852 1454 Ayaq
1893 1391 2120 1456 re9em,
2160 1376 2217 1436 et
2247 1370 2509 1438 Amalec
2542 1373 2839 1455 interfeci.

903 1462 1009 1528 21.
1075 1459 1251 1525 Tulit
1307 1461 1515 1523 autem
1570 1456 1646 1523 de
1704 1455 1951 1540 praeda
2001 1457 2285 1539 populus
2343 1477 2486 1523 oves
2541 1463 2599 1522 ei
2664 1458 2844 1525 boves

891 1545 1226 1630 primitias
1271 1562 1485 1608 eorum
1531 1562 1691 1623 quae
1730 1562 1915 1607 caesa
1955 1548 2121 1622 sunt,
2166 1546 2236 1607 ui
2278 1542 2547 1608 hamelet
2567 1544 2841 1611 Domino

899 1632 1040 1698 Deo
1080 1635 1185 1697 tuo
1229 1629 1300 1694 in
1348 1627 1660 1711 Galqazis.
1748 1628 1853 1693 22.
1901 1627 1992 1692 Et
2032 1629 2124 1692 aii
2171 1627 2462 1694 Samuel:
2509 1627 2842 1711 Numquid

898 1717 1032 1784 vult
1072 1715 1390 1783 Dominus
1443 1713 1799 1779 holocausta
1856 1718 1912 1778 et
1967 1714 2272 1794 victimae,
2332 1719 2390 1779 et
2446 1734 2574 1780 non
2620 1717 2841 1797 potius

900 1808 970 1869 ut
1012 1801 1333 1869 obediatur
1374 1798 1505 1865 voci
1533 1798 1844 1864 Domini?
1890 1797 2123 1865 Melior
2163 1803 2254 1865 est
2295 1799 2458 1865 enim
2500 1799 2839 1867 obedientia

898 1910 1093 1974 quam
1167 1886 1485 1966 victimae,
1561 1889 1617 1949 et
1680 1883 2035 1950 auscultare
2099 1885 2304 1969 mayis
2365 1906 2560 1968 quam
2618 1887 2842 1969 offerre

895 1975 1148 2059 adipem
1191 1973 1480 2038 arietum.
1567 1970 1673 2036 23.
1725 1970 2034 2052 Quoniam
2086 1970 2273 2052 quasi
2302 1975 2626 2053 peccatum
2668 1974 2840 2038 ario-

898 2061 1080 2128 landi
1124 2062 1231 2138 est,
1267 2076 1646 2140 repuynare:
1692 2061 1748 2121 et
1781 2056 1973 2137 quasi
2004 2055 2202 2122 scehcs
2238 2055 2657 2140 idololabriae,
2679 2057 2841 2125 nolle

898 2147 1308 2229 acquiescere.
1412 2140 1542 2207 Pro
1597 2162 1666 2208 eo
1718 2161 1866 2225 erqo
1928 2142 2090 2226 quod
2154 2139 2438 2209 abiecisti
2499 2162 2840 2210 sermonem

899 2230 1185 2308 Domini,
1228 2227 1451 2294 abiecit
1491 2231 1549 2292 ie
1590 2247 1667 2293 ne
1707 2228 1803 2294 sis
1844 2248 1977 2293 rex.

1069 2399 1403 2466 Hesterna
1459 2397 1768 2497 concione
1830 2397 2114 2465 vidimus
2174 2396 2397 2466 Saulis
2455 2399 2839 2499 hypocrisin

899 2494 1385 2639 ἷὲαὲἰὲἲῗὲἓῶ
1405 2482 1740 2636 mmm.
1766 2483 2840 2655 {rss‘ssi‘za‘fflssssh‘fflffllss

900 2657 1198 2726 severius
1242 2655 1724 2721 admoneretur.
1792 2654 1929 2720 Sed
1972 2655 2104 2721 iam
2148 2652 2325 2721 aliud
2372 2656 2453 2722 ad
2498 2658 2840 2743 superiora

899 2742 1147 2810 malum
1192 2741 1456 2818 accedit,
1503 2739 1669 2824 quod
1705 2762 1777 2806 se
1813 2740 2020 2808 divini
2058 2740 2343 2807 nominis
2378 2742 2613 2809 falsum
2649 2765 2838 2810 usur-

944 2840 1192 2896 atorem
1238 2826 1545 2906 ostendit,
1590 2828 1774 2909 quasi
1817 2826 2099 2893 abducta
2142 2825 2384 2911 praeda
2427 2839 2567 2894 tota
2600 2830 2835 2896 fuisset

896 2853 1186 2983 Domino
1231 2912 1547 2993 dedicata,
1606 2920 1675 2978 et
1730 2911 1799 2978 in
1846 2912 2145 2980 victimas
2189 2923 2541 2980 reservata.
2628 2916 2839 2999 Atqui

896 3002 960 3069 lo
1054 3023 1091 3067 e
1136 2999 1329 3066 aliter
1385 3018 1527 3065 sese
1588 3020 1694 3065 res
1736 2997 2036 3065 habebat.
2126 2998 2420 3082 Populus
2471 3000 2647 3066 enim
2690 3001 2835 3067 Deo

896 3088 1013 3173 qui
1059 3108 1163 3153 em
1207 3105 1366 3152 oves
1410 3091 1475 3150 et
1518 3084 1719 3152 boves
1762 3084 2016 3151 solenni
2058 3083 2339 3168 quodam
2389 3086 2707 3152 sacrificio
2754 3085 2838 3152 ad

895 3172 1186 3260 agendas
1230 3192 1351 3255 pro
1397 3169 1671 3236 victoria
1711 3170 1960 3255 gratias
2006 3169 2366 3247 obtulisset,
2410 3171 2526 3237 sed
2570 3171 2835 3238 interim

895 3258 1178 3345 praedae
1237 3263 1490 3341 partem
1547 3256 1825 3404 qssisque
1879 3254 2275 3322 abduxisset.
2364 3256 2472 3322 En
2517 3256 2836 3340 quomodo

897 3345 1151 3413 soleant
1217 3343 1517 3408 homines
1650 3362 1726 3407 eo
1791 3340 2081 3408 illudere.
2183 3341 2354 3408 Nam
2420 3343 2477 3409 si
2544 3342 2699 3427 quid
2763 3344 2835 3411 in

898 3431 1297 3499 oblationem
1375 3426 1735 3493 obtulerint
1758 3478 1774 3509 ,
1861 3427 2078 3492 Deum
2157 3425 2282 3493 sibi
2359 3427 2835 3512 quodammodo

898 3515 1277 3583 devinctum
1322 3514 1745 3595 arbitrentur,
1789 3522 1855 3579 et
1897 3512 2145 3580 socium
2187 3514 2499 3580 videntur
2541 3515 2834 3581 omnium

899 3600 1392 3678 maleficiorum,
1437 3598 1817 3683 rapinarum
1860 3599 2147 3682 inquam,
2195 3609 2257 3664 et
2301 3600 2610 3666 fraudum
2654 3600 2837 3666 habi·

900 3687 1056 3753 turi.
1144 3685 1550 3769 Exemplum
1605 3692 1743 3750 esto
1804 3686 1875 3749 in
1935 3683 2250 3750 hodierno
2293 3695 2565 3770 papatu:
2634 3706 2836 3771 quan-

899 3793 1097 3858 quam
1143 3770 1445 3837 omnibus
1485 3770 1765 3837 saeculis
1802 3770 2034 3836 vitium
2077 3769 2258 3836 istud
2291 3770 2594 3852 obtinuit,
2638 3773 2838 3839 etiam

899 3859 1072 3926 inter
1115 3857 1432 3936 ethnicos,
1475 3865 1552 3921 ιιι
1594 3856 1707 3940 qui
1740 3855 2096 3935 fraudibus,
2133 3858 2404 3941 rapinis,
2441 3858 2633 3942 furto,
2669 3858 2739 3925 vi
2774 3867 2842 3925 et

899 3942 1282 4012 crudelitate
1326 3952 1393 4007 et
1434 3942 1755 4009 similibus
1797 3942 1988 4009 factis
2032 3962 2306 4027 magnas
2349 3964 2505 4027 opes
2549 3943 2838 4011 cumula-

901 4037 1159 4107 verant,
1201 4027 1474 4093 solenne
1517 4026 1774 4110 aliquod
1819 4027 2055 4093 festum
2092 4028 2523 4108 instituerint,
2569 4039 2685 4095 aut
2720 4028 2840 4094 ali-

898 4114 1072 4201 quod
1131 4113 1337 4181 altare
1397 4113 1498 4179 vel
1560 4112 1901 4179 delubrum
1961 4116 2314 4194 erexerint,
2379 4127 2496 4181 aut
2562 4114 2842 4199 denique

898 4200 1146 4268 idolum
1191 4197 1453 4284 aliquod
1497 4199 1981 4266 consecrarint:
2026 4199 2197 4283 quod
2245 4199 2371 4267 hac
2398 4201 2655 4266 ratione
2698 4200 2841 4285 pul-

897 4288 1056 4357 chre
1120 4285 1267 4351 Deo
1331 4305 1450 4368 pro
1516 4283 1816 4351 omnibus
1882 4285 2144 4351 offensis
2209 4286 2619 4351 satisfactum
2700 4305 2843 4352 esse

895 4371 1258 4443 crederent.
1362 4368 1573 4452 Quasi
1635 4390 1793 4436 vero
1851 4368 2036 4436 Deus
2105 4371 2263 4436 velit
2327 4371 2397 4436 in
2465 4372 2840 4438 societatem

897 4459 1130 4526 venire
1173 4458 1508 4523 latronum
1555 4466 1621 4521 et
1662 4453 2084 4539 praedonum,
2129 4465 2195 4522 et
2239 4455 2446 4542 spolia
2489 4479 2639 4523 cum
2681 4457 2843 4541 ipsis

900 4543 1211 4611 dividere.
1301 4541 1524 4624 Quare
1583 4539 2006 4608 observemus
2051 4540 2322 4609 Saulem
2386 4565 2518 4609 non
2585 4552 2841 4609 tantum

898 4631 973 4696 in
1016 4652 1092 4697 eo
1152 4649 1472 4713 peccasse,
1528 4627 1700 4711 quod
1757 4627 1825 4692 in
1889 4628 2200 4711 populum
2257 4627 2514 4712 culpam
2574 4629 2844 4695 reiicere

898 4725 1178 4783 conatus
1223 4723 1342 4793 est,
1388 4724 1462 4779 ut
1504 4734 1646 4780 sese
1690 4712 2217 4779 condemnationi
2258 4713 2684 4782 subduceret:
2728 4714 2842 4781 sed

899 4802 971 4868 in
1017 4822 1093 4867 eo
1138 4801 1423 4869 maxime
1458 4797 1632 4883 quod
1652 4797 1800 4863 Deo
1837 4798 2114 4866 dicatam
2152 4821 2294 4867 esse
2337 4799 2618 4884 praedae
2661 4799 2838 4866 illius

899 4898 1152 4971 partem
1213 4887 1525 4969 optimam
1586 4884 2028 4950 existimavit:
2088 4907 2298 4985 neque
2357 4887 2537 4952 enim
2582 4908 2662 4951 ea
2705 4894 2845 4951 erat

901 4993 1090 5039 mens
1181 4971 1355 5055 epuli
1398 4969 1702 5038 detractis
1745 4969 1826 5036 ab
1869 4969 2252 5038 Amalecitis
2297 4971 2536 5055 spoliis.
2619 4970 2844 5054 Quare

902 5065 1086 5124 tanto
1177 5057 1510 5140 ‘ligentius
1565 5055 1931 5124 cavendum
1985 5077 2072 5122 ne
2116 5057 2244 5124 Dei
2304 5078 2544 5123 nomen
2604 5057 2845 5124 nostris

902 5142 1183 5226 peccatis
1246 5151 1747 5227 praetexamus:
1812 5163 2071 5210 summa
2126 5143 2297 5209 enim
2361 5151 2463 5209 est
2519 5144 2843 5226 impietas,

899 5235 1049 5311 post
1113 5227 1367 5312 aliquod
1433 5236 1771 5313 peccatum
1851 5239 2334 5297 sacrosanctum
2401 5227 2535 5295 Dei
2600 5250 2843 5296 nomen

2952 514 3317 599 profanare.
3435 512 3630 580 Absit
3685 515 3890 598 igitur
3947 515 4015 580 in
4078 535 4324 580 vanum
4384 514 4543 580 illud
4597 520 4783 602 accipi·-

2954 620 3137 665 mus:
3196 598 3308 664 sed
3368 601 3584 684 potius
3627 621 3778 666 cum
3823 601 4000 665 omni
4045 601 4329 684 puritate
4384 613 4452 665 et
4507 602 4788 688 integritate

2950 685 3113 752 illud
3158 707 3358 768 quum
3403 707 3568 769 opus
3611 686 3741 751 erit
3783 706 4212 766 assumamus,
4272 697 4347 751 ut
4405 689 4627 754 nostris
4670 691 4788 758 vidis

2951 780 3021 838 et
3063 771 3586 854 corruptionibus
3631 793 3764 836 non
3811 771 4178 838 misceatur.
4266 772 4674 841 Transeamus
4703 778 4790 842 iam

2952 856 3033 923 ad
3094 856 3289 924 verba
3337 855 3681 937 Samuelis,
3737 866 3806 923 et
3863 857 4193 942 egregiam
4250 857 4431 923 illam
4489 863 4792 928 sententiam

2950 962 3146 1026 quam
3183 942 3496 1010 adversus
3520 942 3785 1008 Saulem
3823 942 4093 1026 protulit
4126 943 4583 1027 expendamus.
4629 946 4791 1030 Itnqm

2950 1028 3173 1112 paucis
3236 1049 3439 1114 agens
3504 1027 3772 1094 Samuel
3838 1049 3989 1096 cum
4047 1027 4269 1105 Saule,
4335 1030 4793 1113 quemadmodum

2952 1115 3168 1180 Deum
3212 1136 3331 1198 par
3373 1128 3473 1180 est
3516 1137 3665 1182 cum
3710 1116 4058 1181 autoritate
4116 1115 4286 1199 apud
4343 1114 4626 1182 homines
4660 1117 4794 1201 loqui,

2948 1209 3024 1268 ut
3067 1201 3367 1267 omnibus
3411 1199 3674 1265 illorum
3723 1202 3973 1266 frivolis
4030 1199 4556 1267 excusationibus
4606 1203 4795 1269 obviam

2944 1297 3073 1437 ἵει,
3109 1286 3293 1436 illugn
3334 1286 3483 1351 licet
3529 1286 3736 1437 ωιιιιὶιέιι
3770 1299 3875 1438 eItV
3869 1287 4027 1353 satis
4055 1288 4799 1440 &effiaffmtemffl

3018 1397 3048 1438 s
3092 1393 3210 1438 ver
3256 1393 3314 1437 is
3357 1392 3582 1456 compe
3634 1393 3673 1436 a
3718 1395 3736 1437 ι
3864 1393 4055 1455 umqu
4410 1391 4646 1439 ominus

2942 1463 3162 1524 causta
3227 1458 3650 1536 etvictimas,
3715 1456 4801 1541 etnonpoiiusutobedioiurvoei

2946 1543 3264 1612 Domini?
3339 1542 3574 1610 Melior
3615 1549 3704 1608 est
3744 1545 3911 1609 enim
3952 1544 4293 1610 obedientia
4335 1564 4529 1627 quam
4567 1545 4801 1626 victum

2944 1633 3001 1694 et
3054 1629 3424 1713 auscultare,
3490 1630 3701 1712 moyis
3754 1649 3944 1712 quam
3995 1630 4212 1711 offerre
4270 1629 4523 1710 adipem
4582 1631 4800 1697 aricien

2950 1715 3259 1797 Quoniam
3301 1715 3488 1796 quasi
3520 1719 3845 1796 peccatum
3884 1714 4206 1781 ariolandi
4246 1720 4353 1795 esi,
4394 1734 4739 1801 repugnare:
4766 1722 4802 1781 d

2940 1803 3133 1883 quasi
3151 1799 3348 1867 scelus
3368 1800 3776 1881 idololatriae,
3799 1800 3963 1867 nolle
3987 1800 4390 1883 acquiescere.
4414 1800 4567 1867 Vox
4588 1801 4806 1868 hebrae·

2942 1887 3343 1969 Theraphim
3412 1907 3532 1970 pro
3598 1887 3829 1970 quavis
3908 1884 4275 1952 idololatria
4351 1886 4658 1966 sumitur,
4720 1889 4804 1952 etsi

2942 1993 3416 2056 nonnunquam
3436 1992 3555 2056 pro
3579 1982 3763 2056 parte
3786 1982 4041 2038 tantum
4059 1994 4075 2035 :
4101 1992 4473 2055 quanquam
4488 1972 4807 2056 plerumque

2942 2079 3063 2144 pro
3102 2057 3296 2123 idolis
3339 2057 3672 2141 accipitur,
3731 2078 3898 2141 quae
3942 2057 4064 2123 sibi
4109 2057 4409 2124 homines
4461 2059 4721 2142 fingunt,
4762 2069 4806 2123 ct

2944 2143 3185 2229 quibus
3241 2143 3521 2227 aliquem
3581 2143 3893 2209 honorem
3949 2143 4453 2226 impertiuntur:
4522 2154 4598 2209 ut
4652 2142 4810 2210 solent

2942 2228 3261 2296 increduli
3327 2229 3624 2295 homines
3686 2250 3945 2313 semper
4006 2248 4244 2294 novam
4310 2227 4599 2313 aliquam
4658 2229 4809 2294 divini

2943 2315 3162 2383 cultus
3205 2315 3523 2381 rationem
3559 2315 3953 2399 excogitare.

3112 2401 3243 2469 Hic
3318 2401 3518 2485 igitur
3596 2400 3976 2484 proponitur
4034 2400 4224 2466 nobis
4288 2422 4515 2467 eorum
4581 2401 4811 2465 omnium

2944 2485 3396 2555 condemnatio
3431 2485 3544 2571 qui
3580 2508 3619 2552 a
3655 2487 3853 2553 verbo
3877 2483 4007 2552 Dei
4040 2485 4413 2554 recedentes
4448 2507 4572 2553 sua
4604 2490 4813 2551 inventa

2941 2570 4815 2740 affingi·..¹¹‘n'5251220221‘13'33220fflfflefflffi

2942 2746 3087 2825 mis,
3131 2709 3203 2810 ιιί
3246 2744 3408 2810 haec
3451 2744 3777 2810 sententia
3821 2743 4050 2810 melius
4084 2743 4512 2828 intelligatur,
4557 2763 4679 2828 qua
4707 2743 4817 2808 dicit

2941 2830 3232 2912 Samuel,
3256 2830 3475 2896 Deum
3514 2850 3645 2895 non
3669 2829 3906 2895 habere
3944 2829 4342 2896 voluntatem
4379 2829 4452 2895 in
4477 2827 4816 2896 holocaustis

2941 2926 3011 2982 et
3053 2917 3355 2994 victimis,
3397 2915 3509 2981 sed
3566 2924 3644 2981 ut
3695 2916 3836 2981 voci
3891 2915 4032 2981 eius
4091 2916 4601 3000 obtemperetur,
4655 2915 4818 2981 obser·

2941 3001 3250 3082 vandum,
3296 3022 3431 3066 non
3477 2999 3856 3083 simpliciter
3897 3002 4110 3086 ipsum
4157 3000 4392 3078 dicere,
4426 3001 4609 3071 ,Deo
4650 2997 4818 3083 displi-

2941 3108 3087 3155 cere
3132 3087 3428 3154 victimas
3471 3093 3535 3153 et
3592 3087 3937 3152 sacrificia:
3996 3085 4112 3153 sed
4169 3089 4717 3170 comparationem
4748 3085 4817 3151 in·

2941 3172 3215 3239 stituere
3256 3172 3431 3238 inter
3474 3173 3790 3239 sacrificia
3832 3182 3900 3238 et
3941 3182 4365 3257 spontaneam
4400 3171 4817 3240 obedientiam:

2940 3260 3124 3343 quasi
3170 3259 3340 3325 dicat
3381 3278 3705 3324 summam
3742 3258 3949 3324 divini
3980 3258 4198 3325 cultus
4233 3259 4301 3323 in
4337 3258 4819 3326 obedientiam

2939 3347 3238 3431 positam,
3274 3365 3315 3410 a
3348 3364 3476 3428 qua
3510 3346 3596 3410 sit
3630 3341 3998 3410 faciendum
4036 3344 4333 3410 initium:
4377 3346 4694 3412 sacrificia
4712 3362 4821 3408 vem

2940 3452 3083 3498 esse
3120 3432 3324 3497 veluti
3361 3429 3747 3513 appendices
3770 3438 4047 3511 tantum,
4082 3449 4356 3513 quarum
4392 3452 4537 3497 non
4572 3442 4670 3497 est
4688 3439 4821 3494 tants

2941 3517 3044 3583 vis
3078 3537 3271 3601 quam
3310 3514 3713 3582 obedientiae
3750 3515 4121 3582 divinorum
4145 3528 4669 3600 praeceptorum.
4715 3513 4821 3580 Emi

2943 3603 3139 3668 etiam
3184 3600 3504 3684 scriptura
3546 3623 3813 3668 nonnun
3864 3622 4014 3667 uam
4077 3601 4303 3668 durius
4359 3601 4546 3686 loqui
4591 3603 4739 3667 solet
4770 3598 4821 3662 de
4898 3635 4899 3638 =

2943 3687 3295 3767 sacrificiis,
3362 3686 3475 3753 sed
3547 3688 3619 3751 in
3681 3707 3807 3752 eun
3856 3708 3958 3752 em
4026 3695 4246 3752 tamen
4302 3707 4615 3754 sensum:
4677 3683 4828 3754 veluti

2946 3793 3148 3857 quum
3208 3772 3380 3858 apud
3424 3771 3767 3838 Ieremiam
3817 3772 3875 3837 7.
3921 3774 4131 3858 capite
4174 3772 4357 3839 Deus
4418 3775 4518 3839 ita
4578 3794 4690 3856 per
4724 3789 4827 3855 pro-

2944 3858 3209 3942 phetam
3250 3859 3561 3943 populum
3606 3857 3987 3941 alloquitur:
4034 3858 4188 3924 Non
4227 3879 4369 3925 sum
4409 3859 4705 3943 loquum
4734 3875 4830 3923 an

3102 3944 3114 3957 “
3269 3944 3513 4024 vestris,
3556 3944 3993 4026 necproecepi
4033 3946 4127 4011 eis
4168 3943 4271 4010 die
4312 3965 4437 4028 quo
4483 3945 4829 4011 eduoeieose

2943 4035 3114 4096 terra
3158 4029 3428 4115 Aeyypti
3467 4030 3544 4097 de
3585 4029 3957 4097 holocaustis
3996 4035 4050 4096 et
4091 4030 4390 4098 victimis:
4448 4031 4567 4098 sed
4607 4029 4705 4096 hoc
4739 4044 4828 4092 ve·-

2946 4117 3091 4181 bum
3137 4117 3432 4198 praecepi
3488 4116 3612 4194 ei8,
3673 4116 3965 4182 dicendo:
4026 4114 4451 4199 obtemperate
4506 4118 4645 4183 voci
4694 4131 4827 4179 meuc-

2947 4200 3126 4269 Sane
3193 4210 3384 4268 extra
3449 4201 3718 4267 dubium
3784 4211 3886 4266 est
3927 4200 4146 4267 Deum
4211 4202 4278 4268 in
4347 4202 4501 4288 lege
4568 4200 4827 4268 rationem

2948 4288 3475 4354 holocaustorum
3521 4301 3586 4352 et
3627 4286 4045 4352 victimarum
4083 4289 4529 4372 praecepisse:
4576 4286 4683 4354 sed
4704 4286 4828 4351 Iere-

2947 4373 3112 4439 mias
3157 4371 3236 4438 de
3280 4372 3474 4438 nudis
3517 4373 3867 4451 sacrificiis,
3913 4385 3979 4438 et
4022 4384 4098 4439 ut
4139 4384 4295 4439 sunt
4339 4394 4466 4440 sua
4511 4383 4737 4439 natura
4768 4369 4827 4432 lo·

2947 4479 3176 4543 quens,
3236 4478 3403 4542 quae
3465 4457 3635 4523 nihil
3694 4459 3821 4524 nisi
3878 4459 4081 4525 inane
4139 4467 4207 4525 et
4264 4459 4601 4526 ludicrum
4645 4451 4828 4540 aliquid

2947 4554 3125 4624 sunt,
3170 4543 3299 4608 nisi
3344 4542 3426 4607 ad
3470 4543 3770 4610 altiorem
3815 4543 4095 4627 aliquem
4151 4544 4351 4611 finem
4412 4555 4722 4629 spectent,
4768 4539 4829 4604 ait

2950 4631 3164 4697 Deum
3211 4629 3425 4713 potius
3469 4634 3872 4713 praecepisse
3916 4639 3989 4695 ut
4032 4629 4175 4695 voci
4216 4631 4430 4716 ipsius
4488 4631 4831 4712 obtempero·

2951 4726 3057 4783 tur
3101 4735 3293 4799 quam
3339 4726 3416 4781 ut
3458 4715 3818 4781 offerantur
3860 4715 4189 4782 sacrificia.
4278 4714 4475 4797 Quae
4519 4727 4599 4783 ut
4638 4712 4829 4781 aelim

2950 4800 3162 4867 adhuc
3222 4799 3865 4883 comprehendamus,
3936 4799 4415 4868 observandum
4465 4801 4647 4887 loqui
4684 4797 4828 4878 scrip·

2950 4897 3163 4955 turam
3220 4886 3570 4970 aliquando
3613 4885 3695 4952 de
3752 4884 3950 4953 rebus
4008 4907 4170 4969 quas
4211 4886 4402 4953 Deus
4450 4885 4759 4972 approbat,
4788 4889 4830 4944 d

2948 4993 3112 5056 quae
3170 4981 3414 5038 natura
3470 4994 3591 5038 sua
3648 4972 3853 5038 bonae
3910 4981 4084 5052 sunt,
4140 4972 4502 5057 aliquando
4562 4973 4639 5039 de
4689 4968 4828 5037 rehu

2950 5079 3112 5146 quas
3154 5057 3564 5138 condemnat,
3608 5078 4054 5143 quarumquae
4095 5058 4247 5125 finis
4290 5067 4391 5125 cst
4430 5060 4697 5125 omnino
4726 5072 4827 5121 con·

2951 5143 3212 5212 trarius.
3300 5144 3606 5229 Exempli
3665 5145 3897 5229 gratia,
3953 5142 4137 5210 Deus
4193 5144 4372 5212 iubet
4419 5167 4546 5213 nos
4588 5140 4827 5211 fiducia

2949 5250 3210 5297 omnem
3256 5240 3545 5298 nostram
3590 5231 3663 5296 in
3705 5230 3849 5316 ipso
3892 5229 4239 5300 collocare:
4284 5231 4468 5315 quod
4512 5253 4631 5317 per
4667 5250 4727 5295 se
4760 5224 4829 5288 bo·
