5059 6059
841 294 968 363 691

2518 290 2932 359 HOMILIA
2975 290 3165 359 XLI.
4642 292 4730 359 692

844 503 1129 561 casuros.
1174 493 1288 549 aut
1330 482 1387 548 si
1429 480 1722 549 cadimus
1766 483 1991 547 statim
2036 480 2438 548 relevandos.
2499 480 2610 547 Ex
2650 500 2782 565 qno
2887 488 2991 547 est
3067 479 3273 547 veluti
3337 481 3622 547 secunda
3698 480 4017 565 quaedam
4081 481 4341 559 creatio,
4404 477 4536 545 Deo
4591 481 4735 547 talem

847 577 1121 652 apparet
1182 568 1325 634 fieri
1389 588 1520 634 non
1578 588 1767 651 posse
1830 578 1905 633 ut
1987 586 2270 651 unquam
2341 564 2472 633 Dei
2531 567 2784 632 iustitia

846 654 1146 721 definiat:
1204 664 1271 719 et
1311 654 1381 719 in
1424 674 1501 719 eo
1544 654 1842 720 consistit
1882 652 2112 720 salutis
2154 663 2418 719 nostrae
2462 652 2781 738 cognitio:

844 750 998 807 sunt
1040 741 1217 805 enim
1260 740 1386 806 ista
1427 739 1922 822 inseparabilia:
1967 750 2036 804 et
2066 738 2421 823 singularis
2455 737 2585 804 Dei
2628 758 2786 820 erga

844 846 963 892 nos
1006 846 1189 891 amor
1221 827 1298 891 fit
1333 846 1416 890 ex
1452 845 1527 890 eo
1561 825 1971 924 conspicuus,
2007 823 2180 908 qnod
2217 844 2440 892 curam
2478 822 2560 889 de
2595 824 2786 890 nobis

845 920 1187 994 paternam
1228 930 1378 976 cum
1423 931 1543 977 sua
1583 911 1834 976 iustitia
1866 910 2229 995 coniungit,
2272 931 2439 993 quae
2478 909 2550 974 in
2589 930 2784 975 omne

846 1007 1106 1080 tempus
1148 1006 1401 1062 manet:
1448 1006 1526 1061 ut
1566 996 1875 1063 certiores
1920 1017 2039 1062 nos
2080 995 2280 1063 faciat
2313 996 2493 1061 omni
2527 994 2782 1061 sublato

844 1082 1099 1161 timore,
1164 1102 1500 1165 nunquam
1557 1080 1929 1147 defuturam
1986 1082 2174 1148 nobis
2231 1080 2359 1147 Dei
2430 1081 2784 1148 bonitatem

844 1189 1040 1251 quam
1086 1167 1286 1234 semel
1329 1167 1758 1252 gustavimus,
1810 1177 1925 1233 aut
1967 1168 2232 1233 omnino
2276 1168 2403 1234 Dei
2443 1166 2781 1245 iustitiam,

845 1253 1020 1337 qnod
1063 1253 1206 1319 fieri
1250 1274 1383 1319 non
1426 1260 1660 1335 potest,
1707 1252 2100 1320 defuturam.
2188 1252 2538 1318 Caeterum
2582 1273 2781 1337 quum

846 1358 1034 1405 sacra
1087 1339 1411 1422 scriptura
1466 1338 1730 1405 divinae
1786 1339 2076 1407 institiae
2134 1339 2364 1404 tribuit
2406 1338 2629 1403 omnia
2669 1336 2780 1402 be-

846 1424 1105 1491 nefacta
1160 1444 1326 1509 quae
1379 1424 1585 1507 ipsius
1644 1443 1844 1490 manu
1900 1424 2270 1507 recipimus,
2323 1432 2781 1508 praeterquam

847 1509 1018 1594 quod
1081 1509 1356 1576 fiduciae
1419 1510 1492 1575 in
1551 1510 1695 1575 Deo
1759 1509 1947 1577 nobis
2013 1511 2415 1577 occasionem
2478 1509 2781 1593 praebet:

844 1606 912 1662 et
968 1595 1277 1662 audacter
1334 1616 1451 1662 nos
1495 1593 1578 1662 ad
1621 1596 1796 1661 hunc
1836 1596 2089 1680 gratiae
2129 1596 2596 1662 inexhaustum
2638 1593 2782 1660 fon-

847 1691 981 1749 tem
1036 1681 1315 1760 adducit,
1375 1702 1458 1747 ex
1501 1701 1630 1764 quo
1673 1701 1930 1764 semper
1973 1682 2338 1748 necessaria
2379 1682 2782 1757 hauriamus,

847 1770 1046 1835 etiam
1106 1766 1413 1833 admonet
1453 1765 1676 1833 Deum
1731 1767 1944 1833 solum
2002 1776 2077 1832 ut
2133 1767 2346 1833 omnis
2402 1768 2558 1833 boni
2601 1775 2782 1831 auto·

846 1875 986 1919 rem
1051 1854 1314 1937 agnosci
1381 1860 1447 1919 et
1507 1852 1859 1936 glorificari
1926 1852 2113 1935 velle,
2177 1873 2253 1919 ac
2310 1851 2585 1936 proinde
2646 1872 2781 1917 non

846 1960 991 2007 esse
1044 1948 1233 2004 extra
1285 1937 1470 2004 illum
1531 1938 2017 2005 benefactorum
2082 1948 2452 2005 nostrorum
2517 1958 2782 2005 causam

886 2023 1301 2091 naerendam.
1390 2023 1483 2088 Et
1523 2043 1681 2090 sane
1723 2025 1795 2089 in
1836 2023 2026 2090 nobis
2065 2024 2226 2108 ipsis
2266 2044 2404 2090 non
2438 2021 2779 2107 reperitur.

915 2110 1026 2176 uid
1082 2109 1306 2195 igitur,
1362 2108 1645 2188 obsecro,
1700 2108 1920 2174 Deum
1977 2117 2218 2187 movet,
2274 2109 2432 2191 quid
2483 2107 2781 2191 impellit,

849 2209 926 2263 ut
982 2216 1053 2261 se
1110 2193 1274 2261 velit
1332 2202 1468 2259 tam
1524 2214 1683 2279 erga
1737 2215 1856 2261 nos
1899 2193 2254 2278 proclivem
2309 2205 2377 2261 et
2418 2196 2782 2262 beneficum

848 2280 1134 2366 agnosci,
1193 2288 1270 2346 ut
1309 2289 1563 2364 patrem
1607 2280 1798 2361 dicat,
1853 2292 1922 2347 et
1963 2301 2034 2346 se
2079 2287 2214 2347 tam
2256 2279 2595 2347 liberalem
2637 2300 2782 2345 mu-

849 2369 1246 2449 nificumque
1289 2365 1614 2447 ostendat,
1673 2374 1747 2431 ut
1786 2386 1906 2432 nos
1948 2386 2033 2432 ex
2065 2368 2338 2433 summis
2381 2364 2781 2432 difficultati·

852 2454 974 2519 bus
1030 2451 1261 2517 liberet
1317 2461 1384 2516 et
1424 2450 1562 2517 suis
1602 2449 1789 2517 donis
1832 2450 2168 2518 cumulet?
2258 2450 2437 2519 Sane
2479 2453 2552 2517 in
2593 2449 2782 2517 nobis

850 2557 1046 2604 causa
1081 2558 1219 2602 non
1260 2545 1362 2602 est
1392 2536 1800 2614 inventurus,
1843 2557 2053 2621 neque
2086 2536 2228 2622 ipse
2264 2537 2347 2603 ad
2380 2538 2507 2603 boc
2545 2535 2782 2602 facien·

851 2624 1007 2689 dnm
1051 2630 1152 2689 est
1187 2622 1494 2706 cuiquam
1540 2622 1907 2689 devinctus:
1964 2643 2174 2707 neque
2217 2644 2337 2690 nos
2377 2625 2596 2708 ipsum
2638 2620 2781 2688 alli-

850 2710 1090 2778 cimus:
1153 2706 1434 2791 denique
1478 2728 1611 2773 non
1655 2706 1808 2773 alibi
1864 2728 2059 2792 quam
2104 2709 2177 2775 in
2218 2730 2289 2775 se
2330 2710 2472 2793 ipso
2514 2728 2781 2776 causam

851 2795 1096 2879 reperit
1137 2812 1266 2877 qua
1301 2792 1384 2858 ad
1420 2793 1606 2859 nobis
1643 2791 2175 2860 benefaciendum
2212 2793 2624 2879 impellatur:
2667 2791 2782 2860 sed

851 2881 1158 2965 quoniam
1201 2879 1415 2945 iustus
1459 2888 1575 2959 est,
1616 2877 1993 2945 hominibus
2035 2878 2374 2946 benefacit.

1021 2964 1230 3031 Porro
1283 2965 1458 3030 inter
1513 2964 1688 3031 iusta
1744 2963 2027 3031 Iehovae
2083 2966 2272 3043 facta,
2341 2966 2516 3031 istud
2569 2966 2783 3049 primo

850 3052 994 3121 loco
1051 3061 1443 3127 recensetur,
1500 3051 1664 3132 quod
1718 3048 1900 3117 Deus
1946 3050 2161 3133 fecerit
2201 3051 2422 3118 Mosen
2477 3055 2537 3117 et
2576 3050 2784 3117 Aaro-

850 3159 995 3206 nem
1065 3136 1335 3220 fratrem
1408 3136 1632 3218 wius.
1718 3134 1905 3202 Haeo
1978 3157 2105 3203 vox
2163 3136 2440 3219 faciendi
2503 3157 2636 3202 non
2703 3135 2783 3201 de

848 3223 1177 3293 creatione
1229 3219 1533 3287 omnibus
1587 3220 1962 3287 hominibus
2003 3222 2332 3289 communi
2372 3221 2786 3307 intelligitur,

850 3310 964 3379 sed
1008 3308 1091 3376 de
1133 3305 1322 3374 donis
1355 3306 1488 3371 illis
1523 3305 1994 3374 excellentibus
2027 3327 2195 3392 quae
2231 3309 2413 3374 Deus
2447 3309 2517 3373 in
2552 3308 2785 3374 Mosen

850 3394 1132 3465 contulit
1171 3401 1241 3460 et
1283 3393 1353 3457 in
1396 3391 1727 3458 Aaronem
1770 3392 2057 3475 fratrem,
2101 3403 2177 3458 ut
2217 3415 2438 3460 eorum
2486 3401 2783 3460 uteretur

845 3479 1213 3548 ministerio
1277 3478 1344 3543 in
1411 3477 1654 3562 populo
1718 3498 1803 3543 ex
1871 3480 2172 3564 Aegypto
2236 3478 2583 3546 educendo.
2684 3477 2786 3545 Ac

848 3588 1007 3635 sane
1048 3566 1120 3631 in
1164 3562 1440 3649 singulis
1484 3563 1861 3630 bominibus
1905 3565 2109 3630 veluti
2148 3563 2389 3648 duplex
2433 3585 2598 3649 opus
2633 3562 2786 3630 licet

850 3650 1390 3720 animadvertere.
1434 3647 1575 3715 Nos
1618 3650 1795 3716 enim
1831 3649 2018 3717 Deus
2059 3649 2215 3716 fecit
2256 3651 2539 3734 primum
2581 3670 2785 3734 quum

851 3737 1099 3806 creavit
1154 3743 1224 3801 et
1281 3736 1350 3799 in
1403 3734 1723 3801 mundum
1779 3733 2006 3811 edidit,
2066 3734 2371 3820 deditque
2414 3735 2785 3819 intelligen-

850 3825 1011 3891 tiam
1055 3841 1185 3905 qua
1240 3819 1671 3886 discernimur
1713 3841 1755 3886 a
1792 3819 2003 3887 brutis
2045 3819 2522 3888 animantibus:
2591 3829 2788 3905 atque

853 3910 961 3976 bic
994 3916 1330 3975 creaturae
1374 3905 1698 3972 humanae
1743 3904 1974 3972 titulus
2015 3907 2318 3974 omnibus
2362 3916 2464 3975 est
2495 3927 2788 3974 commu-

852 3995 988 4062 nis:
1055 4002 1122 4058 et
1185 3992 1281 4057 ita
1320 3988 1450 4056 Dei
1511 4012 1674 4076 opus
1735 4013 1968 4059 sumus
2025 3993 2196 4077 quod
2258 3993 2523 4077 abipso
2567 3994 2786 4059 creati.

854 4076 989 4151 Sed
1031 4077 1209 4144 aliud
1252 4084 1354 4144 est
1394 4097 1558 4160 opus
1594 4076 1884 4145 divinum
1921 4078 1993 4143 in
2032 4078 2315 4157 homine,
2360 4099 2563 4163 quum
2601 4076 2788 4145 Deus

854 4163 1234 4233 bominibus
1271 4162 1522 4248 ingenii
1565 4163 1744 4231 vires
1785 4165 2066 4231 maiores
2109 4165 2233 4244 bis,
2291 4166 2579 4231 minores
2622 4163 2784 4243 aliis,

853 4250 1208 4335 unicuique
1273 4246 1634 4315 secundum
1695 4268 1883 4316 snam
1950 4269 2350 4331 mensuram,
2416 4249 2787 4317 distribuit:

854 4348 933 4406 ut
988 4336 1097 4404 bie
1137 4334 1358 4418 aliqua
1411 4333 1485 4399 in
1530 4354 1621 4413 re,
1676 4333 1844 4401 alius
1900 4346 2122 4401 autem
2179 4335 2249 4401 in
2306 4336 2435 4402 alia
2492 4333 2787 4415 excellat,

855 4444 992 4490 non
1027 4430 1284 4488 tantum
1320 4419 1510 4485 donis
1545 4417 2010 4501 spiritualibus,
2054 4419 2172 4487 sed
2207 4419 2406 4487 etiam
2430 4422 2788 4505 corporeis:

857 4529 1022 4594 quae
1080 4508 1349 4590 inquam
1393 4524 1703 4589 corporea
1757 4503 1911 4570 licet
1967 4506 2278 4574 inferiora
2320 4506 2789 4591 spiritualibus,

858 4604 1080 4661 tamen
1135 4592 1361 4677 magni
1416 4601 1574 4656 sunt
1614 4587 1912 4659 facienda
1966 4604 2033 4657 et
2076 4613 2194 4677 pro
2238 4592 2558 4677 dignitate
2598 4593 2790 4658 aesti-

859 4677 1120 4747 manda.
1205 4678 1425 4744 'Panta
1478 4677 1700 4760 itaque
1752 4678 1826 4742 in
1870 4676 2242 4745 hominibus
2284 4690 2386 4745 est
2427 4677 2794 4757 diversitas,

859 4779 940 4834 ut
991 4765 1102 4833 alii
1143 4762 1290 4829 aliis
1331 4763 1529 4848 longe
1571 4760 1916 4842 excellant,
1975 4775 2043 4828 et
2083 4763 2218 4830 sint
2258 4765 2789 4848 praestantiores.

859 4846 1034 4927 Nam
1087 4848 1201 4917 alii
1257 4849 1493 4934 spiritu
1548 4847 1935 4933 prudentiae
1990 4847 2182 4917 clari:
2234 4849 2348 4916 alii
2392 4850 2540 4917 aliis
2582 4849 2791 4916 virtu-

865 4934 1039 5005 tibus
1091 4936 1388 5019 insignes
1444 4948 1622 5001 sunt.
1710 4933 1846 5001 Alii
1892 4954 2048 5003 vero
2091 4936 2206 5020 qui
2245 4935 2494 5017 ingenii
2541 4935 2794 5002 viribus

866 5043 997 5091 non
1042 5020 1201 5089 adeo
1244 5020 1423 5098 clari,
1482 5020 1811 5106 corporeis
1855 5020 2042 5087 donis
2085 5021 2505 5107 superabunt,
2551 5030 2625 5088 ut
2668 5022 2795 5089 for-

868 5106 1143 5179 titudine
1224 5115 1289 5174 et
1351 5106 1585 5174 robore
1647 5104 1954 5191 corporis,
2033 5127 2163 5208 qua
2224 5109 2396 5174 fiunt
2457 5108 2541 5175 ad
2605 5107 2792 5175 varia

866 5194 1088 5265 munia
1142 5193 1526 5261 sustinenda
1588 5190 1858 5278 reliquis
1923 5190 2303 5261 habiliores:
2351 5202 2566 5293 ‘atque
2629 5193 2791 5263 baec

2923 581 3585 719 ἓξὲἑωίυέὥῗιὶἷῖῗὶ
3638 566 3958 719 iffi?
3977 561 4735 735 θὲᾞῗωξᾝὲῗῖῗῖῑ

2886 735 3055 819 Quis
3110 747 3175 803 te
3216 736 3517 821 separat?
3578 739 3760 822 quasi
3820 738 4015 819 dieat,
4073 737 4518 804 distinctiones
4596 736 4735 803 uibus

2887 823 3183 890 homines
3238 823 3351 888 alii
3396 824 3478 890 ab
3523 822 3670 889 aliis
3724 844 3852 891 non
3898 834 4156 890 tantum
4199 844 4285 888 ex
4330 823 4539 888 vultus
4610 823 4623 837 ‘
4704 824 4713 837 ”

2885 908 3064 975 mine
3123 909 3600 990 discernuntur,
3659 908 3773 975 sed
3819 930 3902 975 ex
3959 908 4271 976 donorum
4318 908 4422 973 vel
4464 907 4637 973 animi
4665 908 4741 972 vel

2885 996 3178 1078 corporis
3220 997 3560 1083 varietate,
3607 1015 3749 1060 esse
3793 996 3996 1060 veluti
4031 995 4160 1060 Dei
4204 993 4519 1078 quandam
4549 991 4741 1058 ordina-

2886 1082 3149 1180 tionem,
3196 1100 3336 1181 ·qua
3384 1081 3561 1146 Deus
3616 1081 3850 1163 cuique
3908 1081 4126 1181 locum
4181 1101 4371 1179 suum
4430 1088 4495 1144 et
4530 1078 4741 1178 gradum

2886 1178 3275 1337 36503333:
3315 1164 4640 1337 3t532.?”31?53d533212¹33¹p533ffl
4627 1185 4744 1314 ..3¹21

2885 1348 2985 1405 est
3049 1337 3255 1419 nobis,
3318 1336 3432 1403 sed
3498 1337 3814 1421 quidquid
3880 1338 3950 1403 in
3994 1339 4180 1405 nobis
4223 1338 4532 1403 eximium
4579 1346 4675 1411 est,
4719 1356 4747 1401 a

2883 1443 3051 1506 pura
3090 1421 3220 1489 Dei
3281 1422 3667 1488 liberalitate
3712 1432 4071 1507 promanat.
4162 1423 4268 1488 Ad
4311 1422 4471 1487 duas
4507 1420 4636 1486 illas
4668 1440 4747 1485 au·

2884 1517 3015 1574 tem
3120 1508 3526 1576 onerationes
3582 1510 3777 1575 tertia
3835 1511 4153 1594 quaedam
4208 1508 4491 1574 maxime
4547 1508 4749 1591 propris

2885 1591 3014 1659 Dei
3115 1592 3358 1659 liorum
3403 1594 3671 1673 accedit,
3731 1616 3933 1680 quum
3983 1594 4193 1662 sancti
4258 1594 4526 1678 spiritus
4562 1592 4749 1658 virtute

2885 1688 3378 1764 regenerantur,
3459 1692 3526 1744 et
3597 1680 3669 1746 in
3738 1682 4004 1748 Domini
4082 1682 4284 1746 nostri
4350 1679 4501 1745 Iesu
4561 1675 4750 1744 christi

2885 1785 3120 1848 corpus
3184 1765 3586 1846 inseruntur,
3652 1774 3729 1832 ut
3792 1788 3907 1850 per
3972 1787 4193 1833 veram
4258 1764 4461 1832 fidem
4520 1763 4753 1828 membra

2883 1850 3092 1933 ipsius
3144 1851 3530 1918 efficiantur.
3615 1850 3870 1918 Idcirco
3927 1852 4177 1919 Paulus
4232 1851 4293 1917 2.
4354 1849 4439 1915 ad
4494 1847 4753 1933 Ephesios

2883 1955 3020 2021 cap.
3082 1936 3207 2000 ait:
3276 1934 3414 2003 Nos
3476 1957 3606 2005 esse
3668 1937 3799 2005 Dei
3864 1958 4039 2022 opus,
4103 1937 4376 2003 conditos
4435 1935 4505 2000 in
4565 1931 4753 2030 Christo

2884 2020 3036 2089 Iesu
3092 2022 3180 2088 ad
3235 2042 3422 2104 opera
3476 2022 3652 2107 bona,
3718 2044 3878 2106 quae
3917 2021 4332 2107 praeparavit
4390 2020 4564 2088 Deus
4612 2023 4669 2083 ut
4709 2038 4756 2081 a

2883 2108 2974 2173 eis
3015 2127 3431 2175 versaremur.
3470 2162 3475 2193 ἶ
3518 2108 3720 2192 Atqui
3764 2109 4014 2176 Paulus
4056 2130 4190 2174 non
4234 2107 4522 2191 loquitur
4560 2125 4627 2170 eo
4656 2103 4754 2200 loco

2885 2192 2966 2258 de
3021 2193 3236 2276 prima
3276 2195 3618 2270 creatione,
3675 2216 3806 2278 qua
3849 2195 4145 2261 homines
4199 2214 4431 2260 sumus
4473 2203 4538 2257 et
4577 2188 4759 2255 Adam:

2883 2279 3032 2345 filii:
3090 2278 3204 2344 sed
3260 2278 3430 2345 hanc
3489 2281 3852 2346 doctrinam
3917 2280 4001 2346 ad
4067 2302 4179 2346 eos
4244 2276 4582 2361 restringit
4635 2293 4757 2358 quos

2882 2363 3071 2430 Deus
3113 2366 3459 2431 renovavit
3504 2374 3571 2431 et
3606 2365 3998 2444 immutavit,
4041 2374 4109 2432 et
4148 2365 4219 2430 in
4262 2365 4499 2447 quibus
4531 2358 4756 2442 insculp-

2885 2457 3025 2515 tam
3067 2470 3254 2517 suam
3298 2451 3650 2537 imaginem
3694 2466 3972 2537 reparat.
4031 2454 4250 2536 Atque
4290 2450 4533 2517 idcirco
4574 2446 4759 2511 diserta

2886 2535 3043 2602 dicit
3124 2536 3192 2602 in
3258 2535 3525 2603 Christo
3588 2537 3759 2606 Iesu.
3870 2536 4308 2620 Quamobrem
4390 2549 4761 2619 agnoscamus

2928 2620 3197 2705 uidqnid
3240 2622 3310 2686 in
3354 2624 3541 2690 nobis
3584 2621 3736 2689 boni
3778 2633 3898 2704 est,
3940 2646 3980 2689 a
4024 2624 4167 2689 Deo
4208 2620 4551 2706 proficisci,
4590 2628 4648 2684 et
4672 2614 4759 2712 soli

2934 2706 2983 2771 li
3027 2718 3363 2790 acceptum
3407 2730 3550 2775 esse
3593 2707 3953 2788 ferendum,
3998 2732 4038 2775 a
4078 2728 4207 2792 quo
4255 2708 4353 2773 bis
4400 2719 4577 2771 terve
4612 2712 4760 2769 creon

2884 2811 3113 2859 sumus
3148 2801 3216 2858 et
3258 2813 3504 2860 novum
3542 2815 3705 2879 opus
3744 2795 3979 2862 effecti.
4065 2795 4257 2871 Nam,
4313 2793 4597 2868 obsecro,
4646 2807 4761 2871 qna-

2884 2878 2981 2945 les
3023 2876 3105 2943 ab
3148 2888 3338 2944 utero
3381 2880 3612 2946 matris
3652 2888 3799 2965 post
3840 2881 4035 2965 primi
4078 2879 4371 2964 parentis
4408 2874 4636 2944 Adami
4663 2874 4761 2968 lap·⁶

2884 2984 3033 3030 sum
3074 2963 3493 3048 egredimur?
3538 2965 3816 3033 Peccato
3859 2967 4173 3032 nimirum
4214 2961 4522 3050 originali
4561 2959 4764 3055 foedati,

2885 3069 3014 3134 quo
3069 3051 3148 3115 fit
3191 3058 3266 3116 ut
3308 3071 3426 3116 nos
3472 3049 3655 3118 Deus
3708 3052 4133 3131 abominetur,
4193 3058 4259 3115 et
4300 3050 4606 3134 indignos
4642 3041 4763 3110 indi·

2886 3143 2992 3201 cet
3066 3134 3183 3219 qni
3258 3136 3329 3202 in
3411 3138 3748 3236 brutorum
3828 3158 4099 3204 numero
4163 3155 4583 3234 censeamur..
4662 3128 4766 3196 Nae

2886 3232 3716 3391 ἱῖῗὲᾚι-ἓῗιᾚὲἕῗζῖι,
3738 3223 3980 3392 Ῐῗζέἲ
4020 3234 4552 3375 ,[ῗὲζέρίᾞῶ
4565 3234 4766 3402 ’ᾍέἑέ

2884 3394 3020 3458 irae
3062 3392 3182 3459 filii
3225 3404 3290 3459 et
3333 3394 3561 3459 umbra
3605 3394 3851 3461 mortis.
3940 3395 4171 3479 Itaque
4214 3392 4404 3460 Deus
4452 3402 4649 3459 nostri
4679 3406 4766 3450 ml·

2886 3488 3099 3580 sertus
3156 3479 3309 3545 facit
3351 3483 3421 3544 in
3464 3479 3668 3581 nobis,
3725 3480 3894 3565 qnod
3929 3481 4187 3582 ‘Paulus
4230 3478 4442 3559 docet,
4501 3487 4577 3542 ut
4613 3473 4767 3540 simus

2884 3584 3696 3719 ἑῗθῗῖἶιιοῗᾶιέἱιοὲἓοιῗῖῗ
3720 3563 4768 3735 ῃῗιοιῖῗιῗιὲοὲιῑῖἒαωῦῗὲἷῑηῖᾞῖ

2884 3738 3161 3821 piamur,
3217 3738 3329 3819 qui
3372 3747 3566 3804 antea
3630 3757 3890 3804 eramus
3932 3737 4192 3823 indigni
4234 3746 4302 3802 et
4342 3736 4431 3802 ad
4478 3754 4657 3801 omne
4691 3730 4769 3794 bo-

2886 3843 3045 3888 num
3103 3820 3390 3889 inutiles.
3480 3822 3621 3888 Iam
3682 3845 3837 3890 vero
3880 3845 4045 3907 quae
4089 3821 4169 3889 de
4212 3823 4404 3889 Mose
4450 3830 4519 3886 et
4560 3818 4768 3910 Asi-ont

2885 3908 2994 3974 hic
3036 3907 3341 3974 dicuntur
3382 3907 3846 3992 expendamus.
3932 3908 4198 3976 Fecisse
4240 3907 4395 3974 illos
4439 3906 4620 3973 Deus
4656 3901 4770 3997 dici-

2889 4004 3015 4060 tur.
3102 3993 3345 4060 Annon
3400 4015 3557 4060 vero
3600 4004 3665 4060 et
3708 3994 4115 4061 Pharaonem
4161 3995 4383 4079 populi
4424 3993 4559 4058 Dei
4600 3990 4769 4054 inim·

2887 4099 3038 4147 cum
3104 4077 3300 4146 fecit?
3390 4076 3566 4147 Sane
3629 4081 3723 4145 ita
3788 4080 3869 4147 de
3932 4082 4044 4147 illo
4107 4080 4295 4148 Deus
4361 4077 4536 4164 apud
4590 4076 4770 4143 nom

2887 4164 3209 4248 loquitur:
3271 4162 3705 4232 Verumtamen
3743 4173 4079 4249 propterea
4126 4166 4248 4249 feci
4290 4171 4361 4233 ut
4420 4169 4687 4259 restare-t,
4725 4158 4773 4220 ¹¹2

2885 4251 3201 4319 ostendam
3263 4250 3334 4315 in
3395 4255 3451 4317 te
3514 4252 3801 4318 virtutem
3867 4272 4103 4319 meam.-
4164 4258 4222 4318 et
4284 4256 4355 4318 ut
4420 4247 4772 4317 ‹10⁸an

2886 4356 3111 4403 nomen
3163 4355 3367 4402 meum
3423 4337 3494 4402 in
3549 4342 3677 4403 tota
3731 4343 3922 4423 terra,
3980 4360 4179 4423 quum
4239 4337 4554 4403 nimirum
4596 4340 4772 4398 tantu!

2888 4430 3152 4522 tamque
3208 4423 3533 4489 terrificus
3576 4424 3801 4508 populi
3846 4425 3975 4490 mei
4020 4424 4323 4490 inimicus
4366 4428 4695 4507 superatus
4724 4422 4770 4475 et

2888 4508 3176 4574 domitus
3218 4528 3260 4573 a
3299 4528 3407 4574 me
3451 4509 3800 4577 videbitur.
3864 4510 4045 4576 Deus
4087 4511 4288 4595 igitur
4332 4508 4537 4574 etiam
4576 4508 4770 4585 impro-

2892 4593 3007 4660 bos
3059 4604 3256 4671 creat,
3325 4605 3399 4659 ut
3457 4594 3528 4660 in
3582 4595 3718 4663 illis
3781 4595 4206 4680 glorificetur.
4292 4594 4549 4660 Verum
4610 4603 4770 4673 quum

2889 4679 3096 4746 Mosis
3137 4690 3204 4745 et
3247 4681 3528 4748 Aaronis
3569 4682 3871 4748 meminit
3901 4683 4243 4766 scriptura,
4286 4688 4356 4746 et
4396 4671 4775 4829 'elumiffdu'

2890 4785 3003 4832 ore
3061 4763 3192 4831 Dei
3249 4767 3691 4845 nominantur,
3756 4768 3851 4833 ita
3901 4768 4291 4851 exprimitur
4350 4763 4561 4850 qnidq
4609 4762 4622 4778 ‘
4694 4753 4771 4856 ‘⁸0¹³

2889 4850 3050 4935 ipsis
3101 4850 3349 4917 factum
3394 4865 3510 4933 est,
3568 4874 3698 4919 non
3738 4873 3823 4920 ex
3876 4854 4166 4936 ipsorum
4213 4850 4619 4918 naturalibus
4655 4863 4773 4943 νιπ·

2895 4935 3013 5002 bus
3055 4945 3125 5003 et
3164 4936 3446 5021 ingenio,
3490 4936 3604 5003 sed
3648 4961 3731 5004 ex
3771 4959 3953 5005 mera
3993 4937 4123 5007 Dei
4166 4938 4379 5023 gratia
4419 4955 4542 5004 suo
4581 4932 4773 5016 spiritu

2888 5022 3037 5088 illos
3094 5024 3387 5089 ornantis
3443 5043 3761 5091 manasse.
3850 5024 4073 5107 Quum
4124 5025 4328 5109 igitur
4371 5023 4580 5090 Musis
4616 5013 4774 5082 vehe-

2891 5129 3078 5175 mens
3112 5107 3400 5175 studium
3443 5115 3509 5174 et
3540 5109 3754 5176 zelum
3789 5109 4240 5195 conspicimus,
4285 5129 4477 5193 quem
4514 5108 4580 5173 in
4617 5105 4771 5169 inter·

2889 5194 3168 5261 ficiendo
3231 5192 3562 5281 Aegyptio
3617 5195 3734 5262 illo
3794 5196 3875 5263 ad
3934 5197 4038 5263 ins
4081 5195 4305 5280 populi
4348 5193 4655 5260 tuendum
4689 5184 4770 5249 de·
