<?xml version="1.0" encoding="UTF-8"?>
<!DOCTYPE html PUBLIC "-//W3C//DTD XHTML 1.0 Transitional//EN"
    "http://www.w3.org/TR/xhtml1/DTD/xhtml1-transitional.dtd">
<html xmlns="http://www.w3.org/1999/xhtml" xml:lang="en" lang="en">
 <head>
  <title>
</title>
<meta http-equiv="Content-Type" content="text/html;charset=utf-8" />
  <meta name='ocr-system' content='tesseract 3.04.00' />
  <meta name='ocr-capabilities' content='ocr_page ocr_carea ocr_par ocr_line ocrx_word'/>
</head>
<body>
  <div class='ocr_page' id='page_1' title='image "./ioanniscalvinio07unkngoog_0804.png"; bbox 0 0 5059 6059; ppageno 0'>
   <div class='ocr_carea' id='block_1_1' title="bbox 840 278 970 347">
    <p class='ocr_par' dir='ltr' id='par_1_1' title="bbox 840 278 970 347">
     <span class='ocr_line' id='line_1_1' title="bbox 840 278 970 347; baseline -0.015 1"><span class='ocrx_word' id='word_1_1' title='bbox 840 278 970 347; x_wconf 82' lang='lat'>639</span> 
     </span>
    </p>
   </div>
   <div class='ocr_carea' id='block_1_2' title="bbox 768 463 2792 5274">
    <p class='ocr_par' dir='ltr' id='par_1_2' title="bbox 768 463 2792 4399">
     <span class='ocr_line' id='line_1_2' title="bbox 848 463 2785 556; baseline -0.003 -19"><span class='ocrx_word' id='word_1_2' title='bbox 848 472 1108 556; x_wconf 78' lang='lat' dir='ltr'>egisset,</span> <span class='ocrx_word' id='word_1_3' title='bbox 1154 488 1230 532; x_wconf 91' lang='lat' dir='ltr'>ac</span> <span class='ocrx_word' id='word_1_4' title='bbox 1271 463 1684 531; x_wconf 88' lang='lat' dir='ltr'>sacerdotnm</span> <span class='ocrx_word' id='word_1_5' title='bbox 1733 464 2124 531; x_wconf 89' lang='lat' dir='ltr'>horrendam</span> <span class='ocrx_word' id='word_1_6' title='bbox 2186 465 2367 531; x_wconf 88' lang='lat' dir='ltr'>illam</span> <span class='ocrx_word' id='word_1_7' title='bbox 2413 473 2696 550; x_wconf 88' lang='lat' dir='ltr'>stragem</span> <span class='ocrx_word' id='word_1_8' title='bbox 2746 487 2785 531; x_wconf 91' lang='lat' dir='ltr'>a</span> 
     </span>
     <span class='ocr_line' id='line_1_3' title="bbox 847 551 2783 635; baseline -0.003 -12"><span class='ocrx_word' id='word_1_9' title='bbox 847 579 917 623; x_wconf 87' lang='lat' dir='ltr'>se</span> <span class='ocrx_word' id='word_1_10' title='bbox 962 558 1201 622; x_wconf 83' lang='lat' dir='ltr'>factam</span> <span class='ocrx_word' id='word_1_11' title='bbox 1244 551 1604 616; x_wconf 90' lang='lat' dir='ltr'>horruisset</span> <span class='ocrx_word' id='word_1_12' title='bbox 1661 560 1726 615; x_wconf 88' lang='grc'>01</span> <span class='ocrx_word' id='word_1_13' title='bbox 1770 551 2062 635; x_wconf 88' lang='lat' dir='ltr'>graviter</span> <span class='ocrx_word' id='word_1_14' title='bbox 2119 552 2288 635; x_wconf 90' lang='lat' dir='ltr'>apud</span> <span class='ocrx_word' id='word_1_15' title='bbox 2336 551 2553 618; x_wconf 87' lang='lat' dir='ltr'>Deum</span> <span class='ocrx_word' id='word_1_16' title='bbox 2600 552 2783 635; x_wconf 87' lang='lat' dir='ltr'>inge-</span> 
     </span>
     <span class='ocr_line' id='line_1_4' title="bbox 851 636 2785 719; baseline -0.004 -11"><span class='ocrx_word' id='word_1_17' title='bbox 851 643 1146 719; x_wconf 90' lang='lat' dir='ltr'>muisset,</span> <span class='ocrx_word' id='word_1_18' title='bbox 1193 637 1379 705; x_wconf 89' lang='lat' dir='ltr'>cuius</span> <span class='ocrx_word' id='word_1_19' title='bbox 1416 636 1700 716; x_wconf 88' lang='lat' dir='ltr'>veritati,</span> <span class='ocrx_word' id='word_1_20' title='bbox 1738 637 2152 719; x_wconf 78' lang='lat' dir='ltr'>promissioni</span> <span class='ocrx_word' id='word_1_21' title='bbox 2190 639 2498 703; x_wconf 87' lang='lat' dir='ltr'>nimirum</span> <span class='ocrx_word' id='word_1_22' title='bbox 2536 636 2785 703; x_wconf 88' lang='lat' dir='ltr'>Davidi</span> 
     </span>
     <span class='ocr_line' id='line_1_5' title="bbox 844 722 2787 802; baseline -0.004 -8"><span class='ocrx_word' id='word_1_23' title='bbox 844 729 1053 794; x_wconf 81' lang='lat' dir='ltr'>factae</span> <span class='ocrx_word' id='word_1_24' title='bbox 1112 723 1479 802; x_wconf 79' lang='lat' dir='ltr'>restiterat,</span> <span class='ocrx_word' id='word_1_25' title='bbox 1549 731 1613 787; x_wconf 92' lang='lat' dir='ltr'>et</span> <span class='ocrx_word' id='word_1_26' title='bbox 1685 742 1903 788; x_wconf 87' lang='lat' dir='ltr'>eoram</span> <span class='ocrx_word' id='word_1_27' title='bbox 1963 722 2108 789; x_wconf 93' lang='lat' dir='ltr'>Deo</span> <span class='ocrx_word' id='word_1_28' title='bbox 2174 724 2399 788; x_wconf 89' lang='lat' dir='ltr'>audita</span> <span class='ocrx_word' id='word_1_29' title='bbox 2456 725 2787 790; x_wconf 88' lang='lat' dir='ltr'>sententia</span> 
     </span>
     <span class='ocr_line' id='line_1_6' title="bbox 768 807 2784 892; baseline -0.003 -13"><span class='ocrx_word' id='word_1_30' title='bbox 768 830 777 839; x_wconf 83' lang='lat'><strong>·</strong></span> <span class='ocrx_word' id='word_1_31' title='bbox 845 813 1162 880; x_wconf 88' lang='lat' dir='ltr'>adversus</span> <span class='ocrx_word' id='word_1_32' title='bbox 1219 831 1289 875; x_wconf 92' lang='lat' dir='ltr'>se</span> <span class='ocrx_word' id='word_1_33' title='bbox 1343 829 1463 892; x_wconf 89' lang='lat' dir='ltr'>per</span> <span class='ocrx_word' id='word_1_34' title='bbox 1521 807 1899 873; x_wconf 78' lang='lat' dir='ltr'>Samuelem</span> <span class='ocrx_word' id='word_1_35' title='bbox 1959 819 2137 874; x_wconf 88' lang='lat' dir='ltr'>certa</span> <span class='ocrx_word' id='word_1_36' title='bbox 2210 831 2279 875; x_wconf 89' lang='lat' dir='ltr'>se</span> <span class='ocrx_word' id='word_1_37' title='bbox 2355 810 2784 889; x_wconf 75' lang='lat' dir='ltr'>humiliasset,</span> 
     </span>
     <span class='ocr_line' id='line_1_7' title="bbox 846 894 2783 985; baseline -0.003 -21"><span class='ocrx_word' id='word_1_38' title='bbox 846 898 1019 985; x_wconf 89' lang='lat' dir='ltr'>quod</span> <span class='ocrx_word' id='word_1_39' title='bbox 1074 895 1201 961; x_wconf 91' lang='lat' dir='ltr'>Dei</span> <span class='ocrx_word' id='word_1_40' title='bbox 1260 894 1584 959; x_wconf 85' lang='lat' dir='ltr'>voluntati</span> <span class='ocrx_word' id='word_1_41' title='bbox 1645 914 1893 958; x_wconf 90' lang='lat' dir='ltr'>morem</span> <span class='ocrx_word' id='word_1_42' title='bbox 1954 916 2084 959; x_wconf 88' lang='lat' dir='ltr'>non</span> <span class='ocrx_word' id='word_1_43' title='bbox 2144 897 2474 981; x_wconf 85' lang='lat' dir='ltr'>gessisset,</span> <span class='ocrx_word' id='word_1_44' title='bbox 2535 902 2783 960; x_wconf 91' lang='lat' dir='ltr'>certum</span> 
     </span>
     <span class='ocr_line' id='line_1_8' title="bbox 846 980 2786 1064; baseline -0.003 -14"><span class='ocrx_word' id='word_1_45' title='bbox 846 994 949 1051; x_wconf 89' lang='lat' dir='ltr'>est</span> <span class='ocrx_word' id='word_1_46' title='bbox 968 985 1187 1048; x_wconf 89' lang='lat' dir='ltr'>Deum</span> <span class='ocrx_word' id='word_1_47' title='bbox 1233 981 1357 1064; x_wconf 89' lang='lat' dir='ltr'>ipsi</span> <span class='ocrx_word' id='word_1_48' title='bbox 1405 1000 1866 1062; x_wconf 88' lang='lat' dir='ltr'>responsurum</span> <span class='ocrx_word' id='word_1_49' title='bbox 1915 980 2114 1046; x_wconf 86' lang='lat' dir='ltr'>fuisse</span> <span class='ocrx_word' id='word_1_50' title='bbox 2162 992 2226 1045; x_wconf 90' lang='lat' dir='ltr'>et</span> <span class='ocrx_word' id='word_1_51' title='bbox 2269 1003 2401 1046; x_wconf 91' lang='lat' dir='ltr'>non</span> <span class='ocrx_word' id='word_1_52' title='bbox 2429 992 2786 1046; x_wconf 86' lang='lat' dir='ltr'>venturum</span> 
     </span>
     <span class='ocr_line' id='line_1_9' title="bbox 846 1064 2786 1156; baseline -0.004 -19"><span class='ocrx_word' id='word_1_53' title='bbox 846 1073 1060 1156; x_wconf 90' lang='lat' dir='ltr'>ipsum</span> <span class='ocrx_word' id='word_1_54' title='bbox 1134 1069 1204 1132; x_wconf 93' lang='lat' dir='ltr'>in</span> <span class='ocrx_word' id='word_1_55' title='bbox 1291 1075 1545 1131; x_wconf 84' lang='lat' dir='ltr'>tantam</span> <span class='ocrx_word' id='word_1_56' title='bbox 1627 1064 2159 1151; x_wconf 83' lang='lat' dir='ltr'>desperationem.</span> <span class='ocrx_word' id='word_1_57' title='bbox 2278 1066 2786 1133; x_wconf 80' lang='lat' dir='ltr'>Observandum</span> 
     </span>
     <span class='ocr_line' id='line_1_10' title="bbox 846 1149 2787 1236; baseline -0.004 -13"><span class='ocrx_word' id='word_1_58' title='bbox 846 1158 1036 1223; x_wconf 91' lang='lat' dir='ltr'>nobis</span> <span class='ocrx_word' id='word_1_59' title='bbox 1075 1153 1237 1219; x_wconf 91' lang='lat' dir='ltr'>utile</span> <span class='ocrx_word' id='word_1_60' title='bbox 1273 1149 1665 1234; x_wconf 90' lang='lat' dir='ltr'>exemplum,</span> <span class='ocrx_word' id='word_1_61' title='bbox 1712 1162 1778 1216; x_wconf 90' lang='lat' dir='ltr'>et</span> <span class='ocrx_word' id='word_1_62' title='bbox 1817 1172 1899 1217; x_wconf 93' lang='lat' dir='ltr'>ex</span> <span class='ocrx_word' id='word_1_63' title='bbox 1934 1172 2011 1216; x_wconf 87' lang='lat' dir='ltr'>eo</span> <span class='ocrx_word' id='word_1_64' title='bbox 2046 1152 2441 1234; x_wconf 89' lang='lat' dir='ltr'>discendum,</span> <span class='ocrx_word' id='word_1_65' title='bbox 2486 1162 2787 1236; x_wconf 86' lang='lat' dir='ltr'>oportere</span> 
     </span>
     <span class='ocr_line' id='line_1_11' title="bbox 848 1237 2788 1323; baseline -0.003 -14"><span class='ocrx_word' id='word_1_66' title='bbox 848 1243 931 1308; x_wconf 88' lang='lat' dir='ltr'>ad</span> <span class='ocrx_word' id='word_1_67' title='bbox 956 1243 1175 1308; x_wconf 87' lang='lat' dir='ltr'>Deum</span> <span class='ocrx_word' id='word_1_68' title='bbox 1221 1241 1289 1304; x_wconf 89' lang='lat' dir='ltr'>in</span> <span class='ocrx_word' id='word_1_69' title='bbox 1335 1237 1527 1303; x_wconf 91' lang='lat' dir='ltr'>rebus</span> <span class='ocrx_word' id='word_1_70' title='bbox 1572 1239 1870 1321; x_wconf 87' lang='lat' dir='ltr'>angustis</span> <span class='ocrx_word' id='word_1_71' title='bbox 1913 1239 2368 1323; x_wconf 83' lang='lat' dir='ltr'>confugientes</span> <span class='ocrx_word' id='word_1_72' title='bbox 2404 1240 2473 1304; x_wconf 89' lang='lat' dir='ltr'>in</span> <span class='ocrx_word' id='word_1_73' title='bbox 2498 1262 2568 1305; x_wconf 90' lang='lat' dir='ltr'>se</span> <span class='ocrx_word' id='word_1_74' title='bbox 2614 1239 2788 1322; x_wconf 90' lang='lat' dir='ltr'>ipsos</span> 
     </span>
     <span class='ocr_line' id='line_1_12' title="bbox 850 1323 2785 1412; baseline -0.002 -17"><span class='ocrx_word' id='word_1_75' title='bbox 850 1329 1200 1412; x_wconf 85' lang='lat' dir='ltr'>inquirere,</span> <span class='ocrx_word' id='word_1_76' title='bbox 1257 1333 1324 1389; x_wconf 89' lang='lat' dir='ltr'>et</span> <span class='ocrx_word' id='word_1_77' title='bbox 1382 1332 1678 1388; x_wconf 89' lang='lat' dir='ltr'>accurate</span> <span class='ocrx_word' id='word_1_78' title='bbox 1738 1323 2000 1408; x_wconf 89' lang='lat' dir='ltr'>singula</span> <span class='ocrx_word' id='word_1_79' title='bbox 2072 1335 2336 1408; x_wconf 89' lang='lat' dir='ltr'>peccata</span> <span class='ocrx_word' id='word_1_80' title='bbox 2404 1326 2785 1391; x_wconf 81' lang='lat' dir='ltr'>examinare</span> 
     </span>
     <span class='ocr_line' id='line_1_13' title="bbox 848 1409 2787 1494; baseline -0.004 -12"><span class='ocrx_word' id='word_1_81' title='bbox 848 1417 971 1482; x_wconf 90' lang='lat' dir='ltr'>etsi</span> <span class='ocrx_word' id='word_1_82' title='bbox 1016 1433 1207 1477; x_wconf 90' lang='lat' dir='ltr'>nemo</span> <span class='ocrx_word' id='word_1_83' title='bbox 1265 1409 1379 1475; x_wconf 90' lang='lat' dir='ltr'>illa</span> <span class='ocrx_word' id='word_1_84' title='bbox 1423 1410 1580 1474; x_wconf 88' lang='lat' dir='ltr'>satis</span> <span class='ocrx_word' id='word_1_85' title='bbox 1625 1419 1839 1492; x_wconf 89' lang='lat' dir='ltr'>potest</span> <span class='ocrx_word' id='word_1_86' title='bbox 1881 1411 2448 1494; x_wconf 80' lang='lat' dir='ltr'>comprehendere,</span> <span class='ocrx_word' id='word_1_87' title='bbox 2507 1430 2787 1493; x_wconf 89' lang='lat' dir='ltr'>quorum</span> 
     </span>
     <span class='ocr_line' id='line_1_14' title="bbox 848 1494 2788 1580; baseline -0.005 -13"><span class='ocrx_word' id='word_1_88' title='bbox 848 1501 1146 1567; x_wconf 83' lang='lat' dir='ltr'>infinitus</span> <span class='ocrx_word' id='word_1_89' title='bbox 1191 1504 1291 1562; x_wconf 92' lang='lat' dir='ltr'>est</span> <span class='ocrx_word' id='word_1_90' title='bbox 1332 1515 1661 1571; x_wconf 88' lang='lat' dir='ltr'>numerus,</span> <span class='ocrx_word' id='word_1_91' title='bbox 1709 1494 1822 1559; x_wconf 90' lang='lat' dir='ltr'>sed</span> <span class='ocrx_word' id='word_1_92' title='bbox 1868 1495 1961 1560; x_wconf 90' lang='lat' dir='ltr'>ita</span> <span class='ocrx_word' id='word_1_93' title='bbox 1998 1505 2219 1561; x_wconf 86' lang='lat' dir='ltr'>tamen</span> <span class='ocrx_word' id='word_1_94' title='bbox 2265 1496 2667 1580; x_wconf 88' lang='lat' dir='ltr'>inspicienda</span> <span class='ocrx_word' id='word_1_95' title='bbox 2713 1502 2788 1559; x_wconf 89' lang='lat' dir='ltr'>ut</span> 
     </span>
     <span class='ocr_line' id='line_1_15' title="bbox 850 1579 2787 1661; baseline -0.003 -10"><span class='ocrx_word' id='word_1_96' title='bbox 850 1607 1009 1653; x_wconf 87' lang='lat' dir='ltr'>vera</span> <span class='ocrx_word' id='word_1_97' title='bbox 1054 1581 1425 1650; x_wconf 88' lang='lat' dir='ltr'>humilitate</span> <span class='ocrx_word' id='word_1_98' title='bbox 1470 1579 1870 1661; x_wconf 89' lang='lat' dir='ltr'>deiiciamur,</span> <span class='ocrx_word' id='word_1_99' title='bbox 1930 1592 1996 1644; x_wconf 89' lang='lat' dir='ltr'>et</span> <span class='ocrx_word' id='word_1_100' title='bbox 2053 1602 2131 1647; x_wconf 92' lang='lat' dir='ltr'>ea</span> <span class='ocrx_word' id='word_1_101' title='bbox 2174 1583 2441 1649; x_wconf 84' lang='lat' dir='ltr'>tristitia</span> <span class='ocrx_word' id='word_1_102' title='bbox 2483 1583 2554 1646; x_wconf 91' lang='lat' dir='ltr'>in</span> <span class='ocrx_word' id='word_1_103' title='bbox 2602 1581 2787 1646; x_wconf 91' lang='lat' dir='ltr'>nobis</span> 
     </span>
     <span class='ocr_line' id='line_1_16' title="bbox 840 1665 2787 1758; baseline -0.004 -21"><span class='ocrx_word' id='word_1_104' title='bbox 840 1683 1202 1758; x_wconf 75' lang='lat' dir='ltr'>generetur</span> <span class='ocrx_word' id='word_1_105' title='bbox 1246 1676 1315 1733; x_wconf 92' lang='lat' dir='ltr'>et</span> <span class='ocrx_word' id='word_1_106' title='bbox 1357 1666 1569 1733; x_wconf 91' lang='lat' dir='ltr'>cordis</span> <span class='ocrx_word' id='word_1_107' title='bbox 1615 1665 1974 1747; x_wconf 87' lang='lat' dir='ltr'>aegritudo,</span> <span class='ocrx_word' id='word_1_108' title='bbox 2032 1689 2197 1751; x_wconf 89' lang='lat' dir='ltr'>quae</span> <span class='ocrx_word' id='word_1_109' title='bbox 2258 1669 2340 1734; x_wconf 90' lang='lat' dir='ltr'>ad</span> <span class='ocrx_word' id='word_1_110' title='bbox 2386 1666 2787 1734; x_wconf 87' lang='lat' dir='ltr'>reddendam</span> 
     </span>
     <span class='ocr_line' id='line_1_17' title="bbox 848 1751 2787 1841; baseline -0.004 -17"><span class='ocrx_word' id='word_1_111' title='bbox 848 1759 992 1824; x_wconf 90' lang='lat' dir='ltr'>Deo</span> <span class='ocrx_word' id='word_1_112' title='bbox 1051 1756 1323 1841; x_wconf 88' lang='lat' dir='ltr'>gloriam</span> <span class='ocrx_word' id='word_1_113' title='bbox 1385 1751 1709 1836; x_wconf 88' lang='lat' dir='ltr'>impellat,</span> <span class='ocrx_word' id='word_1_114' title='bbox 1788 1762 1853 1816; x_wconf 92' lang='lat' dir='ltr'>et</span> <span class='ocrx_word' id='word_1_115' title='bbox 1908 1753 1987 1817; x_wconf 89' lang='lat' dir='ltr'>ad</span> <span class='ocrx_word' id='word_1_116' title='bbox 2048 1755 2446 1838; x_wconf 87' lang='lat' dir='ltr'>agnitionem</span> <span class='ocrx_word' id='word_1_117' title='bbox 2508 1754 2787 1820; x_wconf 89' lang='lat' dir='ltr'>adducat</span> 
     </span>
     <span class='ocr_line' id='line_1_18' title="bbox 848 1839 2785 1924; baseline -0.004 -14"><span class='ocrx_word' id='word_1_118' title='bbox 848 1844 1030 1911; x_wconf 89' lang='lat' dir='ltr'>illius</span> <span class='ocrx_word' id='word_1_119' title='bbox 1089 1839 1321 1906; x_wconf 84' lang='lat' dir='ltr'>mortis</span> <span class='ocrx_word' id='word_1_120' title='bbox 1380 1847 1684 1904; x_wconf 83' lang='lat' dir='ltr'>aeternae</span> <span class='ocrx_word' id='word_1_121' title='bbox 1743 1857 1936 1920; x_wconf 89' lang='lat' dir='ltr'>quam</span> <span class='ocrx_word' id='word_1_122' title='bbox 1998 1842 2235 1906; x_wconf 89' lang='lat' dir='ltr'>nostris</span> <span class='ocrx_word' id='word_1_123' title='bbox 2292 1841 2575 1924; x_wconf 88' lang='lat' dir='ltr'>peccatis</span> <span class='ocrx_word' id='word_1_124' title='bbox 2635 1860 2785 1923; x_wconf 86' lang='lat' dir='ltr'>pro·</span> 
     </span>
     <span class='ocr_line' id='line_1_19' title="bbox 844 1923 2789 2009; baseline -0.004 -12"><span class='ocrx_word' id='word_1_125' title='bbox 844 1929 1062 1997; x_wconf 87' lang='lat' dir='ltr'>meriti</span> <span class='ocrx_word' id='word_1_126' title='bbox 1109 1947 1355 2007; x_wconf 89' lang='lat' dir='ltr'>sumus,</span> <span class='ocrx_word' id='word_1_127' title='bbox 1415 1925 1507 1990; x_wconf 92' lang='lat' dir='ltr'>sic</span> <span class='ocrx_word' id='word_1_128' title='bbox 1552 1932 1770 1988; x_wconf 87' lang='lat' dir='ltr'>tamen</span> <span class='ocrx_word' id='word_1_129' title='bbox 1815 1934 1891 1988; x_wconf 90' lang='lat' dir='ltr'>ut</span> <span class='ocrx_word' id='word_1_130' title='bbox 1950 1923 2030 1990; x_wconf 91' lang='lat' dir='ltr'>de</span> <span class='ocrx_word' id='word_1_131' title='bbox 2075 1927 2281 2009; x_wconf 89' lang='lat' dir='ltr'>ipsius</span> <span class='ocrx_word' id='word_1_132' title='bbox 2343 1924 2789 1992; x_wconf 74' lang='lat' dir='ltr'>misericordia</span> 
     </span>
     <span class='ocr_line' id='line_1_20' title="bbox 846 2007 2789 2096; baseline -0.005 -13"><span class='ocrx_word' id='word_1_133' title='bbox 846 2039 981 2083; x_wconf 91' lang='lat' dir='ltr'>non</span> <span class='ocrx_word' id='word_1_134' title='bbox 1029 2016 1464 2096; x_wconf 87' lang='lat' dir='ltr'>desperemus.</span> <span class='ocrx_word' id='word_1_135' title='bbox 1554 2007 1749 2090; x_wconf 77' lang='lat' dir='ltr'>Quod</span> <span class='ocrx_word' id='word_1_136' title='bbox 1793 2010 1846 2075; x_wconf 89' lang='lat' dir='ltr'>si</span> <span class='ocrx_word' id='word_1_137' title='bbox 1894 2032 1933 2074; x_wconf 89' lang='lat' dir='ltr'>a</span> <span class='ocrx_word' id='word_1_138' title='bbox 1980 2012 2165 2077; x_wconf 90' lang='lat' dir='ltr'>nobis</span> <span class='ocrx_word' id='word_1_139' title='bbox 2210 2015 2341 2090; x_wconf 89' lang='lat' dir='ltr'>fiat,</span> <span class='ocrx_word' id='word_1_140' title='bbox 2388 2021 2640 2077; x_wconf 90' lang='lat' dir='ltr'>certum</span> <span class='ocrx_word' id='word_1_141' title='bbox 2689 2020 2789 2075; x_wconf 88' lang='lat' dir='ltr'>est</span> 
     </span>
     <span class='ocr_line' id='line_1_21' title="bbox 848 2094 2789 2183; baseline -0.004 -16"><span class='ocrx_word' id='word_1_142' title='bbox 848 2104 1068 2167; x_wconf 87' lang='lat' dir='ltr'>Deum</span> <span class='ocrx_word' id='word_1_143' title='bbox 1115 2101 1326 2183; x_wconf 91' lang='lat' dir='ltr'>ipsum</span> <span class='ocrx_word' id='word_1_144' title='bbox 1390 2094 1575 2160; x_wconf 91' lang='lat' dir='ltr'>nobis</span> <span class='ocrx_word' id='word_1_145' title='bbox 1635 2094 1892 2159; x_wconf 88' lang='lat' dir='ltr'>obviam</span> <span class='ocrx_word' id='word_1_146' title='bbox 1956 2110 2326 2177; x_wconf 88' lang='lat' dir='ltr'>venturum,</span> <span class='ocrx_word' id='word_1_147' title='bbox 2390 2111 2456 2164; x_wconf 90' lang='lat' dir='ltr'>et</span> <span class='ocrx_word' id='word_1_148' title='bbox 2517 2121 2587 2163; x_wconf 86' lang='lat' dir='ltr'>re</span> <span class='ocrx_word' id='word_1_149' title='bbox 2647 2096 2789 2180; x_wconf 87' lang='lat' dir='ltr'>ipsa</span> 
     </span>
     <span class='ocr_line' id='line_1_22' title="bbox 846 2180 2787 2273; baseline -0.003 -20"><span class='ocrx_word' id='word_1_150' title='bbox 846 2189 1291 2273; x_wconf 82' lang='lat' dir='ltr'>perfecturum</span> <span class='ocrx_word' id='word_1_151' title='bbox 1359 2180 1527 2265; x_wconf 88' lang='lat' dir='ltr'>quod</span> <span class='ocrx_word' id='word_1_152' title='bbox 1597 2201 1713 2262; x_wconf 90' lang='lat' dir='ltr'>per</span> <span class='ocrx_word' id='word_1_153' title='bbox 1775 2180 2036 2246; x_wconf 83' lang='lat' dir='ltr'>Esaiam</span> <span class='ocrx_word' id='word_1_154' title='bbox 2112 2184 2500 2268; x_wconf 86' lang='lat' dir='ltr'>prophetam</span> <span class='ocrx_word' id='word_1_155' title='bbox 2588 2181 2787 2247; x_wconf 83' lang='lat' dir='ltr'>dixit:</span> 
     </span>
     <span class='ocr_line' id='line_1_23' title="bbox 850 2266 2786 2358; baseline -0.005 -18"><span class='ocrx_word' id='word_1_156' title='bbox 850 2295 1084 2358; x_wconf 84' lang='lat' dir='ltr'>nempe</span> <span class='ocrx_word' id='word_1_157' title='bbox 1127 2290 1248 2335; x_wconf 88' lang='lat' dir='ltr'>nos</span> <span class='ocrx_word' id='word_1_158' title='bbox 1291 2279 1641 2350; x_wconf 86' lang='lat' dir='ltr'>antequam</span> <span class='ocrx_word' id='word_1_159' title='bbox 1701 2266 1784 2330; x_wconf 87' lang='lat' dir='ltr'>ad</span> <span class='ocrx_word' id='word_1_160' title='bbox 1830 2268 2041 2350; x_wconf 91' lang='lat' dir='ltr'>ipsum</span> <span class='ocrx_word' id='word_1_161' title='bbox 2107 2268 2539 2335; x_wconf 84' lang='lat' dir='ltr'>invocandum</span> <span class='ocrx_word' id='word_1_162' title='bbox 2600 2288 2786 2351; x_wconf 89' lang='lat' dir='ltr'>aper·</span> 
     </span>
     <span class='ocr_line' id='line_1_24' title="bbox 849 2354 2788 2432; baseline -0.004 -8"><span class='ocrx_word' id='word_1_163' title='bbox 849 2371 989 2426; x_wconf 88' lang='lat' dir='ltr'>tum</span> <span class='ocrx_word' id='word_1_164' title='bbox 1048 2379 1123 2421; x_wconf 88' lang='lat' dir='ltr'>os</span> <span class='ocrx_word' id='word_1_165' title='bbox 1180 2354 1570 2432; x_wconf 88' lang='lat' dir='ltr'>habeamus,</span> <span class='ocrx_word' id='word_1_166' title='bbox 1629 2372 1899 2416; x_wconf 90' lang='lat' dir='ltr'>manum</span> <span class='ocrx_word' id='word_1_167' title='bbox 1960 2354 2041 2418; x_wconf 89' lang='lat' dir='ltr'>ad</span> <span class='ocrx_word' id='word_1_168' title='bbox 2115 2366 2406 2422; x_wconf 88' lang='lat' dir='ltr'>nostrum</span> <span class='ocrx_word' id='word_1_169' title='bbox 2466 2355 2788 2420; x_wconf 89' lang='lat' dir='ltr'>auxilium</span> 
     </span>
     <span class='ocr_line' id='line_1_25' title="bbox 848 2439 2787 2513; baseline -0.005 -1"><span class='ocrx_word' id='word_1_170' title='bbox 848 2442 1241 2513; x_wconf 84' lang='lat' dir='ltr'>extendisse.</span> <span class='ocrx_word' id='word_1_171' title='bbox 1332 2439 1456 2505; x_wconf 76' lang='lat' dir='ltr'>Sin</span> <span class='ocrx_word' id='word_1_172' title='bbox 1517 2458 1674 2503; x_wconf 89' lang='lat' dir='ltr'>vero</span> <span class='ocrx_word' id='word_1_173' title='bbox 1729 2449 1955 2504; x_wconf 89' lang='lat' dir='ltr'>contra</span> <span class='ocrx_word' id='word_1_174' title='bbox 2014 2440 2285 2507; x_wconf 87' lang='lat' dir='ltr'>miseros</span> <span class='ocrx_word' id='word_1_175' title='bbox 2346 2443 2496 2506; x_wconf 90' lang='lat' dir='ltr'>illos</span> <span class='ocrx_word' id='word_1_176' title='bbox 2556 2452 2623 2505; x_wconf 93' lang='lat' dir='ltr'>et</span> <span class='ocrx_word' id='word_1_177' title='bbox 2682 2440 2787 2503; x_wconf 89' lang='lat' dir='ltr'>de·</span> 
     </span>
     <span class='ocr_line' id='line_1_26' title="bbox 850 2523 2779 2611; baseline -0.005 -13"><span class='ocrx_word' id='word_1_178' title='bbox 850 2529 1182 2598; x_wconf 90' lang='lat' dir='ltr'>testabiles</span> <span class='ocrx_word' id='word_1_179' title='bbox 1225 2527 1521 2591; x_wconf 90' lang='lat' dir='ltr'>homines</span> <span class='ocrx_word' id='word_1_180' title='bbox 1566 2523 1804 2588; x_wconf 89' lang='lat' dir='ltr'>imitati</span> <span class='ocrx_word' id='word_1_181' title='bbox 1848 2525 2163 2592; x_wconf 82' lang='lat' dir='ltr'>fuerimus</span> <span class='ocrx_word' id='word_1_182' title='bbox 2219 2528 2328 2611; x_wconf 90' lang='lat' dir='ltr'>qui</span> <span class='ocrx_word' id='word_1_183' title='bbox 2386 2538 2517 2593; x_wconf 90' lang='lat' dir='ltr'>tam</span> <span class='ocrx_word' id='word_1_184' title='bbox 2568 2525 2779 2591; x_wconf 89' lang='lat' dir='ltr'>diabo·</span> 
     </span>
     <span class='ocr_line' id='line_1_27' title="bbox 852 2608 2789 2699; baseline -0.005 -16"><span class='ocrx_word' id='word_1_185' title='bbox 852 2620 991 2684; x_wconf 89' lang='grc'><strong>10111</strong></span> <span class='ocrx_word' id='word_1_186' title='bbox 1034 2634 1234 2699; x_wconf 87' lang='lat' dir='ltr'>quam</span> <span class='ocrx_word' id='word_1_187' title='bbox 1293 2612 1508 2677; x_wconf 89' lang='lat' dir='ltr'>Deum</span> <span class='ocrx_word' id='word_1_188' title='bbox 1575 2608 1915 2687; x_wconf 83' lang='lat' dir='ltr'>advocant,</span> <span class='ocrx_word' id='word_1_189' title='bbox 1985 2622 2052 2675; x_wconf 90' lang='lat' dir='ltr'>et</span> <span class='ocrx_word' id='word_1_190' title='bbox 2115 2635 2185 2679; x_wconf 93' lang='lat' dir='ltr'>se</span> <span class='ocrx_word' id='word_1_191' title='bbox 2250 2611 2495 2694; x_wconf 87' lang='lat' dir='ltr'>dicunt,</span> <span class='ocrx_word' id='word_1_192' title='bbox 2561 2612 2684 2678; x_wconf 89' lang='lat' dir='ltr'>nisi</span> <span class='ocrx_word' id='word_1_193' title='bbox 2751 2630 2789 2674; x_wconf 92' lang='lat' dir='ltr'>a</span> 
     </span>
     <span class='ocr_line' id='line_1_28' title="bbox 851 2694 2789 2783; baseline -0.004 -14"><span class='ocrx_word' id='word_1_194' title='bbox 851 2706 998 2770; x_wconf 90' lang='lat' dir='ltr'>Deo</span> <span class='ocrx_word' id='word_1_195' title='bbox 1044 2701 1425 2777; x_wconf 85' lang='lat' dir='ltr'>habeantur,</span> <span class='ocrx_word' id='word_1_196' title='bbox 1471 2717 1510 2760; x_wconf 91' lang='lat' dir='ltr'>a</span> <span class='ocrx_word' id='word_1_197' title='bbox 1555 2694 1814 2760; x_wconf 89' lang='lat' dir='ltr'>diabolo</span> <span class='ocrx_word' id='word_1_198' title='bbox 1859 2707 2197 2782; x_wconf 87' lang='lat' dir='ltr'>receptum</span> <span class='ocrx_word' id='word_1_199' title='bbox 2240 2699 2343 2778; x_wconf 90' lang='lat' dir='ltr'>iri,</span> <span class='ocrx_word' id='word_1_200' title='bbox 2389 2699 2624 2783; x_wconf 90' lang='lat' dir='ltr'>quibus</span> <span class='ocrx_word' id='word_1_201' title='bbox 2660 2697 2789 2762; x_wconf 89' lang='lat' dir='ltr'>nisi</span> 
     </span>
     <span class='ocr_line' id='line_1_29' title="bbox 853 2782 2789 2869; baseline -0.003 -14"><span class='ocrx_word' id='word_1_202' title='bbox 853 2791 1035 2856; x_wconf 89' lang='lat' dir='ltr'>Deus</span> <span class='ocrx_word' id='word_1_203' title='bbox 1103 2786 1311 2869; x_wconf 90' lang='lat' dir='ltr'>primo</span> <span class='ocrx_word' id='word_1_204' title='bbox 1375 2782 1596 2848; x_wconf 89' lang='lat' dir='ltr'>statim</span> <span class='ocrx_word' id='word_1_205' title='bbox 1663 2788 1950 2866; x_wconf 86' lang='lat' dir='ltr'>tempore</span> <span class='ocrx_word' id='word_1_206' title='bbox 2017 2806 2100 2850; x_wconf 91' lang='lat' dir='ltr'>ex</span> <span class='ocrx_word' id='word_1_207' title='bbox 2182 2785 2385 2851; x_wconf 91' lang='lat' dir='ltr'>animi</span> <span class='ocrx_word' id='word_1_208' title='bbox 2464 2784 2789 2851; x_wconf 87' lang='lat' dir='ltr'>sententia</span> 
     </span>
     <span class='ocr_line' id='line_1_30' title="bbox 852 2867 2788 2958; baseline -0.004 -16"><span class='ocrx_word' id='word_1_209' title='bbox 852 2872 1241 2958; x_wconf 88' lang='lat' dir='ltr'>respondeat</span> <span class='ocrx_word' id='word_1_210' title='bbox 1293 2870 1514 2935; x_wconf 89' lang='lat' dir='ltr'>statim</span> <span class='ocrx_word' id='word_1_211' title='bbox 1578 2867 1942 2950; x_wconf 86' lang='lat' dir='ltr'>desperant,</span> <span class='ocrx_word' id='word_1_212' title='bbox 2010 2881 2075 2935; x_wconf 91' lang='lat' dir='ltr'>et</span> <span class='ocrx_word' id='word_1_213' title='bbox 2134 2871 2449 2938; x_wconf 88' lang='lat' dir='ltr'>auxilium</span> <span class='ocrx_word' id='word_1_214' title='bbox 2510 2871 2592 2936; x_wconf 87' lang='lat' dir='ltr'>ab</span> <span class='ocrx_word' id='word_1_215' title='bbox 2648 2871 2788 2954; x_wconf 91' lang='lat' dir='ltr'>ipso</span> 
     </span>
     <span class='ocr_line' id='line_1_31' title="bbox 853 2956 2789 3042; baseline -0.004 -14"><span class='ocrx_word' id='word_1_216' title='bbox 853 2984 980 3028; x_wconf 90' lang='lat' dir='ltr'>non</span> <span class='ocrx_word' id='word_1_217' title='bbox 1029 2958 1307 3040; x_wconf 90' lang='lat' dir='ltr'>amplius</span> <span class='ocrx_word' id='word_1_218' title='bbox 1351 2960 1751 3037; x_wconf 87' lang='lat' dir='ltr'>exspectant,</span> <span class='ocrx_word' id='word_1_219' title='bbox 1812 2956 2135 3037; x_wconf 89' lang='lat' dir='ltr'>siquidem</span> <span class='ocrx_word' id='word_1_220' title='bbox 2197 2956 2332 3023; x_wconf 88' lang='lat' dir='ltr'>sola</span> <span class='ocrx_word' id='word_1_221' title='bbox 2388 2956 2789 3042; x_wconf 81' lang='lat' dir='ltr'>exspectatio</span> 
     </span>
     <span class='ocr_line' id='line_1_32' title="bbox 847 3039 2788 3132; baseline -0.004 -18"><span class='ocrx_word' id='word_1_222' title='bbox 847 3050 1024 3132; x_wconf 89' lang='lat' dir='ltr'>ipsos</span> <span class='ocrx_word' id='word_1_223' title='bbox 1067 3044 1147 3110; x_wconf 89' lang='lat' dir='ltr'>ad</span> <span class='ocrx_word' id='word_1_224' title='bbox 1193 3043 1412 3106; x_wconf 89' lang='lat' dir='ltr'>Deum</span> <span class='ocrx_word' id='word_1_225' title='bbox 1457 3039 1610 3107; x_wconf 82' lang='lat' dir='ltr'>fecit</span> <span class='ocrx_word' id='word_1_226' title='bbox 1655 3059 2013 3123; x_wconf 83' lang='lat' dir='ltr'>assurgere,</span> <span class='ocrx_word' id='word_1_227' title='bbox 2068 3046 2317 3126; x_wconf 88' lang='lat' dir='ltr'>peiores</span> <span class='ocrx_word' id='word_1_228' title='bbox 2373 3065 2534 3109; x_wconf 87' lang='lat' dir='ltr'>sane</span> <span class='ocrx_word' id='word_1_229' title='bbox 2580 3043 2788 3107; x_wconf 88' lang='lat' dir='ltr'>detes-</span> 
     </span>
     <span class='ocr_line' id='line_1_33' title="bbox 853 3125 2789 3212; baseline -0.005 -13"><span class='ocrx_word' id='word_1_230' title='bbox 853 3133 1039 3199; x_wconf 88' lang='lat' dir='ltr'>tabili</span> <span class='ocrx_word' id='word_1_231' title='bbox 1082 3132 1210 3196; x_wconf 90' lang='lat' dir='ltr'>isto</span> <span class='ocrx_word' id='word_1_232' title='bbox 1233 3127 1436 3193; x_wconf 75' lang='lat' dir='ltr'>Saule</span> <span class='ocrx_word' id='word_1_233' title='bbox 1482 3125 1903 3208; x_wconf 86' lang='lat' dir='ltr'>reperiemus.</span> <span class='ocrx_word' id='word_1_234' title='bbox 1971 3129 2204 3212; x_wconf 90' lang='lat' dir='ltr'>Itaque</span> <span class='ocrx_word' id='word_1_235' title='bbox 2244 3129 2568 3195; x_wconf 89' lang='lat' dir='ltr'>discamus</span> <span class='ocrx_word' id='word_1_236' title='bbox 2612 3128 2789 3192; x_wconf 88' lang='lat' dir='ltr'>illius</span> 
     </span>
     <span class='ocr_line' id='line_1_34' title="bbox 851 3210 2790 3303; baseline -0.004 -18"><span class='ocrx_word' id='word_1_237' title='bbox 851 3217 1150 3300; x_wconf 85' lang='lat' dir='ltr'>exemplo</span> <span class='ocrx_word' id='word_1_238' title='bbox 1194 3235 1440 3297; x_wconf 87' lang='lat' dir='ltr'>sapere,</span> <span class='ocrx_word' id='word_1_239' title='bbox 1479 3223 1554 3277; x_wconf 92' lang='lat' dir='ltr'>ut</span> <span class='ocrx_word' id='word_1_240' title='bbox 1600 3210 1655 3303; x_wconf 74' lang='lat' dir='ltr'>si</span> <span class='ocrx_word' id='word_1_241' title='bbox 1681 3212 1860 3279; x_wconf 91' lang='lat' dir='ltr'>Deus</span> <span class='ocrx_word' id='word_1_242' title='bbox 1903 3214 2089 3281; x_wconf 91' lang='lat' dir='ltr'>nobis</span> <span class='ocrx_word' id='word_1_243' title='bbox 2133 3216 2481 3298; x_wconf 85' lang='lat' dir='ltr'>aliquando</span> <span class='ocrx_word' id='word_1_244' title='bbox 2523 3226 2790 3298; x_wconf 87' lang='lat' dir='ltr'>propter</span> 
     </span>
     <span class='ocr_line' id='line_1_35' title="bbox 852 3298 2788 3390; baseline -0.003 -21"><span class='ocrx_word' id='word_1_245' title='bbox 852 3314 1116 3390; x_wconf 84' lang='lat' dir='ltr'>peccata</span> <span class='ocrx_word' id='word_1_246' title='bbox 1164 3298 1627 3374; x_wconf 88' lang='lat' dir='ltr'>succensuerit,</span> <span class='ocrx_word' id='word_1_247' title='bbox 1673 3317 1749 3361; x_wconf 92' lang='lat' dir='ltr'>eo</span> <span class='ocrx_word' id='word_1_248' title='bbox 1798 3301 2004 3382; x_wconf 84' lang='lat' dir='ltr'>magis</span> <span class='ocrx_word' id='word_1_249' title='bbox 2050 3301 2131 3366; x_wconf 86' lang='lat' dir='ltr'>ad</span> <span class='ocrx_word' id='word_1_250' title='bbox 2179 3323 2294 3367; x_wconf 89' lang='lat' dir='ltr'>nos</span> <span class='ocrx_word' id='word_1_251' title='bbox 2339 3302 2515 3384; x_wconf 91' lang='lat' dir='ltr'>ipsos</span> <span class='ocrx_word' id='word_1_252' title='bbox 2561 3300 2788 3384; x_wconf 86' lang='lat' dir='ltr'>explo-</span> 
     </span>
     <span class='ocr_line' id='line_1_36' title="bbox 851 3382 2788 3471; baseline -0.003 -14"><span class='ocrx_word' id='word_1_253' title='bbox 851 3389 1092 3457; x_wconf 90' lang='lat' dir='ltr'>randos</span> <span class='ocrx_word' id='word_1_254' title='bbox 1137 3395 1201 3452; x_wconf 91' lang='lat' dir='ltr'>et</span> <span class='ocrx_word' id='word_1_255' title='bbox 1222 3382 1691 3451; x_wconf 87' lang='lat' dir='ltr'>examinandos</span> <span class='ocrx_word' id='word_1_256' title='bbox 1735 3385 2100 3465; x_wconf 85' lang='lat' dir='ltr'>incitemur,</span> <span class='ocrx_word' id='word_1_257' title='bbox 2151 3398 2222 3452; x_wconf 88' lang='lat' dir='ltr'>ut</span> <span class='ocrx_word' id='word_1_258' title='bbox 2265 3388 2541 3471; x_wconf 87' lang='lat' dir='ltr'>cognitis</span> <span class='ocrx_word' id='word_1_259' title='bbox 2565 3405 2788 3470; x_wconf 88' lang='lat' dir='ltr'>peeca-</span> 
     </span>
     <span class='ocr_line' id='line_1_37' title="bbox 851 3469 2791 3557; baseline -0.004 -15"><span class='ocrx_word' id='word_1_260' title='bbox 851 3479 937 3542; x_wconf 88' lang='lat' dir='ltr'>tis</span> <span class='ocrx_word' id='word_1_261' title='bbox 1001 3493 1220 3542; x_wconf 86' lang='lat' dir='ltr'>coram</span> <span class='ocrx_word' id='word_1_262' title='bbox 1290 3469 1432 3535; x_wconf 92' lang='lat' dir='ltr'>Deo</span> <span class='ocrx_word' id='word_1_263' title='bbox 1495 3473 1589 3538; x_wconf 91' lang='lat' dir='ltr'>sic</span> <span class='ocrx_word' id='word_1_264' title='bbox 1653 3469 2158 3552; x_wconf 87' lang='lat' dir='ltr'>ingemiscamus</span> <span class='ocrx_word' id='word_1_265' title='bbox 2227 3486 2298 3538; x_wconf 90' lang='lat' dir='ltr'>ut</span> <span class='ocrx_word' id='word_1_266' title='bbox 2374 3473 2655 3557; x_wconf 84' lang='lat' dir='ltr'>gratiam</span> <span class='ocrx_word' id='word_1_267' title='bbox 2724 3480 2791 3537; x_wconf 91' lang='lat' dir='ltr'>et</span> 
     </span>
     <span class='ocr_line' id='line_1_38' title="bbox 852 3556 2789 3640; baseline -0.003 -13"><span class='ocrx_word' id='word_1_268' title='bbox 852 3558 1362 3627; x_wconf 86' lang='lat' dir='ltr'>misericordiam</span> <span class='ocrx_word' id='word_1_269' title='bbox 1423 3558 1501 3623; x_wconf 88' lang='lat' dir='ltr'>ab</span> <span class='ocrx_word' id='word_1_270' title='bbox 1572 3556 1714 3637; x_wconf 80' lang='lat' dir='ltr'>ipso</span> <span class='ocrx_word' id='word_1_271' title='bbox 1767 3576 2272 3640; x_wconf 86' lang='lat' dir='ltr'>consequamur:</span> <span class='ocrx_word' id='word_1_272' title='bbox 2335 3580 2484 3624; x_wconf 91' lang='lat' dir='ltr'>nam</span> <span class='ocrx_word' id='word_1_273' title='bbox 2548 3558 2789 3623; x_wconf 90' lang='lat' dir='ltr'>scimus</span> 
     </span>
     <span class='ocr_line' id='line_1_39' title="bbox 855 3640 2787 3734; baseline -0.002 -21"><span class='ocrx_word' id='word_1_274' title='bbox 855 3646 1010 3734; x_wconf 91' lang='lat' dir='ltr'>quid</span> <span class='ocrx_word' id='word_1_275' title='bbox 1056 3646 1281 3710; x_wconf 88' lang='lat' dir='ltr'>doceat</span> <span class='ocrx_word' id='word_1_276' title='bbox 1319 3664 1435 3708; x_wconf 88' lang='lat' dir='ltr'>nos</span> <span class='ocrx_word' id='word_1_277' title='bbox 1473 3640 1810 3727; x_wconf 86' lang='lat' dir='ltr'>propheta,</span> <span class='ocrx_word' id='word_1_278' title='bbox 1857 3663 2060 3726; x_wconf 90' lang='lat' dir='ltr'>quum</span> <span class='ocrx_word' id='word_1_279' title='bbox 2097 3645 2222 3712; x_wconf 88' lang='lat' dir='ltr'>ait:</span> <span class='ocrx_word' id='word_1_280' title='bbox 2269 3644 2629 3710; x_wconf 89' lang='lat' dir='ltr'>Dominum</span> <span class='ocrx_word' id='word_1_281' title='bbox 2676 3666 2787 3709; x_wconf 86' lang='lat' dir='ltr'>ex-</span> 
     </span>
     <span class='ocr_line' id='line_1_40' title="bbox 858 3729 2791 3817; baseline -0.003 -18"><span class='ocrx_word' id='word_1_282' title='bbox 858 3732 1195 3817; x_wconf 87' lang='lat' dir='ltr'>spectabo,</span> <span class='ocrx_word' id='word_1_283' title='bbox 1255 3729 1379 3794; x_wconf 84' lang='grc'><strong>0101</strong></span> <span class='ocrx_word' id='word_1_284' title='bbox 1438 3729 1664 3794; x_wconf 83' lang='lat' dir='ltr'>faciem</span> <span class='ocrx_word' id='word_1_285' title='bbox 1728 3748 1910 3793; x_wconf 89' lang='lat' dir='ltr'>suam</span> <span class='ocrx_word' id='word_1_286' title='bbox 1980 3750 2018 3792; x_wconf 90' lang='lat' dir='ltr'>a</span> <span class='ocrx_word' id='word_1_287' title='bbox 2077 3752 2182 3796; x_wconf 89' lang='lat' dir='ltr'>me</span> <span class='ocrx_word' id='word_1_288' title='bbox 2240 3731 2668 3797; x_wconf 82' lang='lat' dir='ltr'>occultaverit</span> <span class='ocrx_word' id='word_1_289' title='bbox 2725 3739 2791 3794; x_wconf 91' lang='lat' dir='ltr'>et</span> 
     </span>
     <span class='ocr_line' id='line_1_41' title="bbox 857 3814 2791 3901; baseline -0.003 -17"><span class='ocrx_word' id='word_1_290' title='bbox 857 3819 989 3884; x_wconf 91' lang='lat' dir='ltr'>mei</span> <span class='ocrx_word' id='word_1_291' title='bbox 1048 3816 1284 3881; x_wconf 86' lang='lat' dir='ltr'>oblitus</span> <span class='ocrx_word' id='word_1_292' title='bbox 1344 3836 1483 3880; x_wconf 90' lang='lat' dir='ltr'>esse</span> <span class='ocrx_word' id='word_1_293' title='bbox 1543 3814 1857 3880; x_wconf 88' lang='lat' dir='ltr'>videatur.</span> <span class='ocrx_word' id='word_1_294' title='bbox 1964 3814 2106 3881; x_wconf 90' lang='lat' dir='ltr'>Deo</span> <span class='ocrx_word' id='word_1_295' title='bbox 2181 3818 2381 3901; x_wconf 89' lang='lat' dir='ltr'>igitur</span> <span class='ocrx_word' id='word_1_296' title='bbox 2434 3819 2572 3881; x_wconf 89' lang='lat' dir='ltr'>irae</span> <span class='ocrx_word' id='word_1_297' title='bbox 2632 3836 2791 3880; x_wconf 86' lang='lat' dir='ltr'>suae</span> 
     </span>
     <span class='ocr_line' id='line_1_42' title="bbox 856 3899 2791 3988; baseline -0.004 -16"><span class='ocrx_word' id='word_1_298' title='bbox 856 3908 1046 3988; x_wconf 88' lang='lat' dir='ltr'>signa</span> <span class='ocrx_word' id='word_1_299' title='bbox 1088 3902 1284 3966; x_wconf 86' lang='lat' dir='ltr'>dante</span> <span class='ocrx_word' id='word_1_300' title='bbox 1329 3911 1396 3964; x_wconf 91' lang='lat' dir='ltr'>et</span> <span class='ocrx_word' id='word_1_301' title='bbox 1453 3922 1491 3964; x_wconf 89' lang='lat' dir='ltr'>a</span> <span class='ocrx_word' id='word_1_302' title='bbox 1524 3899 1719 3968; x_wconf 80' lang='lat' dir='ltr'>‚nobis</span> <span class='ocrx_word' id='word_1_303' title='bbox 1775 3920 2006 3967; x_wconf 87' lang='lat' dir='ltr'>averso</span> <span class='ocrx_word' id='word_1_304' title='bbox 2063 3907 2394 3986; x_wconf 89' lang='lat' dir='ltr'>nostrique</span> <span class='ocrx_word' id='word_1_305' title='bbox 2450 3902 2791 3966; x_wconf 90' lang='lat' dir='ltr'>hominum</span> 
     </span>
     <span class='ocr_line' id='line_1_43' title="bbox 855 3986 2791 4076; baseline -0.003 -18"><span class='ocrx_word' id='word_1_306' title='bbox 855 3990 1160 4076; x_wconf 89' lang='lat' dir='ltr'>opinione</span> <span class='ocrx_word' id='word_1_307' title='bbox 1203 3986 1419 4065; x_wconf 92' lang='lat' dir='ltr'>oblito,</span> <span class='ocrx_word' id='word_1_308' title='bbox 1465 3989 1750 4070; x_wconf 89' lang='lat' dir='ltr'>ingenue</span> <span class='ocrx_word' id='word_1_309' title='bbox 1793 4004 2219 4070; x_wconf 88' lang='lat' dir='ltr'>agnoscamus</span> <span class='ocrx_word' id='word_1_310' title='bbox 2265 4010 2382 4053; x_wconf 90' lang='lat' dir='ltr'>nos</span> <span class='ocrx_word' id='word_1_311' title='bbox 2426 3987 2489 4051; x_wconf 90' lang='lat' dir='ltr'>id</span> <span class='ocrx_word' id='word_1_312' title='bbox 2529 3986 2791 4071; x_wconf 89' lang='lat' dir='ltr'>quidem</span> 
     </span>
     <span class='ocr_line' id='line_1_44' title="bbox 855 4071 2792 4162; baseline -0.001 -21"><span class='ocrx_word' id='word_1_313' title='bbox 855 4078 1259 4162; x_wconf 81' lang='lat' dir='ltr'>promeritos,</span> <span class='ocrx_word' id='word_1_314' title='bbox 1326 4071 1437 4137; x_wconf 87' lang='lat' dir='ltr'>scd</span> <span class='ocrx_word' id='word_1_315' title='bbox 1501 4071 1926 4137; x_wconf 89' lang='lat' dir='ltr'>nihilominus</span> <span class='ocrx_word' id='word_1_316' title='bbox 1986 4081 2204 4140; x_wconf 88' lang='lat' dir='ltr'>tamen</span> <span class='ocrx_word' id='word_1_317' title='bbox 2265 4076 2591 4157; x_wconf 87' lang='lat' dir='ltr'>patienter</span> <span class='ocrx_word' id='word_1_318' title='bbox 2650 4075 2792 4139; x_wconf 88' lang='lat' dir='ltr'>eius</span> 
     </span>
     <span class='ocr_line' id='line_1_45' title="bbox 859 4156 2791 4248; baseline 0 -23"><span class='ocrx_word' id='word_1_319' title='bbox 859 4163 1134 4248; x_wconf 86' lang='lat' dir='ltr'>gratiam</span> <span class='ocrx_word' id='word_1_320' title='bbox 1184 4156 1658 4243; x_wconf 88' lang='lat' dir='ltr'>praestolemur</span> <span class='ocrx_word' id='word_1_321' title='bbox 1701 4170 1765 4220; x_wconf 89' lang='lat' dir='ltr'>et</span> <span class='ocrx_word' id='word_1_322' title='bbox 1812 4157 2330 4225; x_wconf 86' lang='lat' dir='ltr'>indesinentibus</span> <span class='ocrx_word' id='word_1_323' title='bbox 2376 4162 2547 4225; x_wconf 86' lang='lat' dir='ltr'>votis</span> <span class='ocrx_word' id='word_1_324' title='bbox 2590 4160 2791 4243; x_wconf 86' lang='lat' dir='ltr'>ipsius</span> 
     </span>
     <span class='ocr_line' id='line_1_46' title="bbox 859 4242 2789 4332; baseline -0.001 -21"><span class='ocrx_word' id='word_1_325' title='bbox 859 4248 1140 4332; x_wconf 84' lang='lat' dir='ltr'>gratiam</span> <span class='ocrx_word' id='word_1_326' title='bbox 1186 4244 1607 4329; x_wconf 90' lang='lat' dir='ltr'>imploremus</span> <span class='ocrx_word' id='word_1_327' title='bbox 1652 4254 1718 4307; x_wconf 91' lang='lat' dir='ltr'>et</span> <span class='ocrx_word' id='word_1_328' title='bbox 1765 4242 2017 4311; x_wconf 81' lang='lat' dir='ltr'>fortiter</span> <span class='ocrx_word' id='word_1_329' title='bbox 2061 4247 2364 4312; x_wconf 89' lang='lat' dir='ltr'>omnibus</span> <span class='ocrx_word' id='word_1_330' title='bbox 2410 4246 2789 4312; x_wconf 83' lang='lat' dir='ltr'>tentationi-</span> 
     </span>
     <span class='ocr_line' id='line_1_47' title="bbox 859 4333 1425 4399; baseline -0.005 0"><span class='ocrx_word' id='word_1_331' title='bbox 859 4335 983 4399; x_wconf 90' lang='lat' dir='ltr'>bus</span> <span class='ocrx_word' id='word_1_332' title='bbox 1025 4333 1425 4398; x_wconf 88' lang='lat' dir='ltr'>resistamus.</span> 
     </span>
    </p>

    <p class='ocr_par' dir='ltr' id='par_1_3' title="bbox 858 4413 2791 5274">
     <span class='ocr_line' id='line_1_48' title="bbox 1030 4413 2789 4502; baseline 0.001 -19"><span class='ocrx_word' id='word_1_333' title='bbox 1030 4419 1380 4483; x_wconf 89' lang='lat' dir='ltr'>Praeterea</span> <span class='ocrx_word' id='word_1_334' title='bbox 1423 4413 1761 4481; x_wconf 89' lang='lat' dir='ltr'>docuimus</span> <span class='ocrx_word' id='word_1_335' title='bbox 1804 4415 2014 4501; x_wconf 86' lang='lat' dir='ltr'>legem</span> <span class='ocrx_word' id='word_1_336' title='bbox 2071 4416 2149 4482; x_wconf 92' lang='lat' dir='ltr'>de</span> <span class='ocrx_word' id='word_1_337' title='bbox 2195 4416 2500 4483; x_wconf 91' lang='lat' dir='ltr'>tollendis</span> <span class='ocrx_word' id='word_1_338' title='bbox 2563 4420 2789 4502; x_wconf 87' lang='lat' dir='ltr'>magis,</span> 
     </span>
     <span class='ocr_line' id='line_1_49' title="bbox 860 4500 2789 4571; baseline -0.002 0"><span class='ocrx_word' id='word_1_339' title='bbox 860 4506 1166 4571; x_wconf 88' lang='lat' dir='ltr'>veneficis</span> <span class='ocrx_word' id='word_1_340' title='bbox 1245 4512 1311 4566; x_wconf 91' lang='lat' dir='ltr'>et</span> <span class='ocrx_word' id='word_1_341' title='bbox 1390 4500 1868 4566; x_wconf 87' lang='lat' dir='ltr'>divinatoribus</span> <span class='ocrx_word' id='word_1_342' title='bbox 1947 4523 2080 4567; x_wconf 92' lang='lat' dir='ltr'>non</span> <span class='ocrx_word' id='word_1_343' title='bbox 2160 4503 2360 4568; x_wconf 84' lang='lat' dir='ltr'>fuisse</span> <span class='ocrx_word' id='word_1_344' title='bbox 2452 4524 2491 4568; x_wconf 90' lang='lat' dir='ltr'>a</span> <span class='ocrx_word' id='word_1_345' title='bbox 2574 4503 2789 4569; x_wconf 83' lang='lat' dir='ltr'>Saulis</span> 
     </span>
     <span class='ocr_line' id='line_1_50' title="bbox 862 4586 2790 4675; baseline -0.002 -19"><span class='ocrx_word' id='word_1_346' title='bbox 862 4589 1181 4656; x_wconf 86' lang='lat' dir='ltr'>ministris</span> <span class='ocrx_word' id='word_1_347' title='bbox 1239 4587 1679 4666; x_wconf 87' lang='lat' dir='ltr'>observatam,</span> <span class='ocrx_word' id='word_1_348' title='bbox 1737 4586 2053 4670; x_wconf 86' lang='lat' dir='ltr'>siquidem</span> <span class='ocrx_word' id='word_1_349' title='bbox 2117 4588 2496 4675; x_wconf 83' lang='lat' dir='ltr'>pythonissa</span> <span class='ocrx_word' id='word_1_350' title='bbox 2556 4591 2790 4654; x_wconf 87' lang='lat' dir='ltr'>mulier</span> 
     </span>
     <span class='ocr_line' id='line_1_51' title="bbox 858 4673 2788 4758; baseline -0.001 -17"><span class='ocrx_word' id='word_1_351' title='bbox 858 4678 926 4743; x_wconf 91' lang='lat' dir='ltr'>in</span> <span class='ocrx_word' id='word_1_352' title='bbox 997 4675 1114 4740; x_wconf 89' lang='lat' dir='ltr'>illa</span> <span class='ocrx_word' id='word_1_353' title='bbox 1178 4674 1444 4755; x_wconf 86' lang='lat' dir='ltr'>regione</span> <span class='ocrx_word' id='word_1_354' title='bbox 1501 4674 1776 4738; x_wconf 89' lang='lat' dir='ltr'>inventa</span> <span class='ocrx_word' id='word_1_355' title='bbox 1846 4682 1946 4737; x_wconf 92' lang='lat' dir='ltr'>est</span> <span class='ocrx_word' id='word_1_356' title='bbox 2016 4673 2096 4738; x_wconf 87' lang='lat' dir='ltr'>ad</span> <span class='ocrx_word' id='word_1_357' title='bbox 2166 4695 2360 4758; x_wconf 88' lang='lat' dir='ltr'>quam</span> <span class='ocrx_word' id='word_1_358' title='bbox 2430 4676 2569 4758; x_wconf 90' lang='lat' dir='ltr'>ipse</span> <span class='ocrx_word' id='word_1_359' title='bbox 2628 4676 2788 4740; x_wconf 85' lang='lat' dir='ltr'>Saul</span> 
     </span>
     <span class='ocr_line' id='line_1_52' title="bbox 860 4758 2790 4843; baseline -0.002 -16"><span class='ocrx_word' id='word_1_360' title='bbox 860 4764 1311 4827; x_wconf 88' lang='lat' dir='ltr'>ministrorum</span> <span class='ocrx_word' id='word_1_361' title='bbox 1358 4780 1621 4823; x_wconf 89' lang='lat' dir='ltr'>suorum</span> <span class='ocrx_word' id='word_1_362' title='bbox 1666 4758 1934 4824; x_wconf 88' lang='lat' dir='ltr'>consilio</span> <span class='ocrx_word' id='word_1_363' title='bbox 1979 4760 2281 4836; x_wconf 84' lang='lat' dir='ltr'>mittitur,</span> <span class='ocrx_word' id='word_1_364' title='bbox 2344 4762 2452 4843; x_wconf 89' lang='lat' dir='ltr'>qui</span> <span class='ocrx_word' id='word_1_365' title='bbox 2501 4762 2790 4827; x_wconf 87' lang='lat' dir='ltr'>sciebant</span> 
     </span>
     <span class='ocr_line' id='line_1_53' title="bbox 861 4845 2787 4929; baseline -0.001 -16"><span class='ocrx_word' id='word_1_366' title='bbox 861 4869 1007 4913; x_wconf 89' lang='lat' dir='ltr'>eam</span> <span class='ocrx_word' id='word_1_367' title='bbox 1052 4868 1127 4912; x_wconf 92' lang='lat' dir='ltr'>eo</span> <span class='ocrx_word' id='word_1_368' title='bbox 1171 4846 1308 4909; x_wconf 93' lang='lat' dir='ltr'>loco</span> <span class='ocrx_word' id='word_1_369' title='bbox 1353 4866 1492 4910; x_wconf 91' lang='lat' dir='ltr'>esse</span> <span class='ocrx_word' id='word_1_370' title='bbox 1538 4854 1602 4909; x_wconf 91' lang='lat' dir='ltr'>et</span> <span class='ocrx_word' id='word_1_371' title='bbox 1639 4866 1753 4929; x_wconf 91' lang='lat' dir='ltr'>per</span> <span class='ocrx_word' id='word_1_372' title='bbox 1789 4845 2055 4929; x_wconf 87' lang='lat' dir='ltr'>spiritus</span> <span class='ocrx_word' id='word_1_373' title='bbox 2094 4847 2443 4911; x_wconf 84' lang='lat' dir='ltr'>familiares</span> <span class='ocrx_word' id='word_1_374' title='bbox 2481 4846 2787 4913; x_wconf 89' lang='lat' dir='ltr'>aeceden-</span> 
     </span>
     <span class='ocr_line' id='line_1_54' title="bbox 863 4929 2791 5018; baseline -0.001 -20"><span class='ocrx_word' id='word_1_375' title='bbox 863 4934 1037 4998; x_wconf 89' lang='lat' dir='ltr'>tibus</span> <span class='ocrx_word' id='word_1_376' title='bbox 1082 4951 1391 5014; x_wconf 84' lang='lat' dir='ltr'>responsa</span> <span class='ocrx_word' id='word_1_377' title='bbox 1448 4929 1632 4997; x_wconf 90' lang='lat' dir='ltr'>dare:</span> <span class='ocrx_word' id='word_1_378' title='bbox 1689 4942 1754 4998; x_wconf 89' lang='lat' dir='ltr'>et</span> <span class='ocrx_word' id='word_1_379' title='bbox 1811 4953 1884 4996; x_wconf 93' lang='lat' dir='ltr'>eo</span> <span class='ocrx_word' id='word_1_380' title='bbox 1944 4931 2081 4997; x_wconf 92' lang='lat' dir='ltr'>loco</span> <span class='ocrx_word' id='word_1_381' title='bbox 2145 4932 2432 4998; x_wconf 81' lang='lat' dir='ltr'>diximus</span> <span class='ocrx_word' id='word_1_382' title='bbox 2492 4943 2791 5018; x_wconf 87' lang='lat' dir='ltr'>oportere</span> 
     </span>
     <span class='ocr_line' id='line_1_55' title="bbox 860 5017 2791 5104; baseline 0 -21"><span class='ocrx_word' id='word_1_383' title='bbox 860 5020 1105 5104; x_wconf 88' lang='lat' dir='ltr'>legum·</span> <span class='ocrx_word' id='word_1_384' title='bbox 1140 5017 1511 5082; x_wconf 87' lang='lat' dir='ltr'>divinarum</span> <span class='ocrx_word' id='word_1_385' title='bbox 1571 5039 1710 5082; x_wconf 88' lang='lat' dir='ltr'>eam</span> <span class='ocrx_word' id='word_1_386' title='bbox 1772 5039 1913 5083; x_wconf 88' lang='lat' dir='ltr'>esse</span> <span class='ocrx_word' id='word_1_387' title='bbox 1971 5019 2122 5095; x_wconf 88' lang='lat' dir='ltr'>vim,</span> <span class='ocrx_word' id='word_1_388' title='bbox 2180 5032 2251 5083; x_wconf 90' lang='lat' dir='ltr'>ut</span> <span class='ocrx_word' id='word_1_389' title='bbox 2302 5019 2463 5083; x_wconf 90' lang='lat' dir='ltr'>nulli</span> <span class='ocrx_word' id='word_1_390' title='bbox 2525 5022 2791 5103; x_wconf 90' lang='lat' dir='ltr'>impune</span> 
     </span>
     <span class='ocr_line' id='line_1_56' title="bbox 861 5104 2788 5189; baseline -0.001 -20"><span class='ocrx_word' id='word_1_391' title='bbox 861 5105 1057 5170; x_wconf 89' lang='lat' dir='ltr'>liceat</span> <span class='ocrx_word' id='word_1_392' title='bbox 1099 5124 1378 5187; x_wconf 88' lang='lat' dir='ltr'>peceare,</span> <span class='ocrx_word' id='word_1_393' title='bbox 1427 5126 1509 5168; x_wconf 92' lang='lat' dir='ltr'>ne</span> <span class='ocrx_word' id='word_1_394' title='bbox 1556 5105 1662 5170; x_wconf 91' lang='lat' dir='ltr'>hic</span> <span class='ocrx_word' id='word_1_395' title='bbox 1707 5104 2048 5187; x_wconf 88' lang='lat' dir='ltr'>puniatur,</span> <span class='ocrx_word' id='word_1_396' title='bbox 2096 5104 2261 5168; x_wconf 88' lang='lat' dir='ltr'>alter</span> <span class='ocrx_word' id='word_1_397' title='bbox 2305 5125 2461 5169; x_wconf 89' lang='lat' dir='ltr'>vero</span> <span class='ocrx_word' id='word_1_398' title='bbox 2505 5106 2788 5189; x_wconf 89' lang='lat' dir='ltr'>impuni-</span> 
     </span>
     <span class='ocr_line' id='line_1_57' title="bbox 859 5190 2789 5274; baseline 0.001 -18"><span class='ocrx_word' id='word_1_399' title='bbox 859 5203 969 5257; x_wconf 87' lang='lat' dir='ltr'>tus</span> <span class='ocrx_word' id='word_1_400' title='bbox 1028 5199 1323 5268; x_wconf 89' lang='lat' dir='ltr'>maneat,</span> <span class='ocrx_word' id='word_1_401' title='bbox 1385 5213 1549 5274; x_wconf 90' lang='lat' dir='ltr'>quae</span> <span class='ocrx_word' id='word_1_402' title='bbox 1604 5211 1859 5257; x_wconf 91' lang='lat' dir='ltr'>summa</span> <span class='ocrx_word' id='word_1_403' title='bbox 1916 5209 2135 5255; x_wconf 90' lang='lat' dir='ltr'>coram</span> <span class='ocrx_word' id='word_1_404' title='bbox 2194 5190 2336 5256; x_wconf 91' lang='lat' dir='ltr'>Deo</span> <span class='ocrx_word' id='word_1_405' title='bbox 2393 5192 2789 5257; x_wconf 89' lang='lat' dir='ltr'>abominatio</span> 
     </span>
    </p>
   </div>
   <div class='ocr_carea' id='block_1_3' title="bbox 2474 206 4700 355">
    <p class='ocr_par' dir='ltr' id='par_1_4' title="bbox 2474 206 4700 355">
     <span class='ocr_line' id='line_1_58' title="bbox 2474 206 4700 355; baseline -0.002 -14"><span class='ocrx_word' id='word_1_406' title='bbox 2474 275 2883 343; x_wconf 80' lang='lat' dir='ltr'><strong>HOMILIA</strong></span> <span class='ocrx_word' id='word_1_407' title='bbox 2926 206 3183 343; x_wconf 62' lang='lat' dir='ltr'>{mlx</span> <span class='ocrx_word' id='word_1_408' title='bbox 4621 283 4700 355; x_wconf 75' lang='lat'>640</span> 
     </span>
    </p>
   </div>
   <div class='ocr_carea' id='block_1_4' title="bbox 2888 464 4757 5277">
    <p class='ocr_par' dir='ltr' id='par_1_5' title="bbox 2888 464 4757 5277">
     <span class='ocr_line' id='line_1_59' title="bbox 2890 464 4705 549; baseline 0.004 -19"><span class='ocrx_word' id='word_1_409' title='bbox 2890 475 3021 530; x_wconf 90' lang='lat' dir='ltr'>est:</span> <span class='ocrx_word' id='word_1_410' title='bbox 3084 464 3505 549; x_wconf 86' lang='lat' dir='ltr'>conspicuum</span> <span class='ocrx_word' id='word_1_411' title='bbox 3570 466 3693 531; x_wconf 89' lang='lat' dir='ltr'>hoc</span> <span class='ocrx_word' id='word_1_412' title='bbox 3751 466 3820 530; x_wconf 89' lang='lat' dir='ltr'>in</span> <span class='ocrx_word' id='word_1_413' title='bbox 3866 464 4066 533; x_wconf 87' lang='lat' dir='ltr'>Saule</span> <span class='ocrx_word' id='word_1_414' title='bbox 4127 469 4239 532; x_wconf 87' lang='lat' dir='ltr'>fiet</span> <span class='ocrx_word' id='word_1_415' title='bbox 4299 467 4354 534; x_wconf 91' lang='lat' dir='ltr'>si</span> <span class='ocrx_word' id='word_1_416' title='bbox 4410 471 4705 545; x_wconf 77' lang='lat' dir='ltr'>accedentem</span> 
     </span>
     <span class='ocr_line' id='line_1_60' title="bbox 2889 551 4702 641; baseline 0.001 -26"><span class='ocrx_word' id='word_1_417' title='bbox 2889 553 3103 633; x_wconf 88' lang='lat' dir='ltr'>ipsum</span> <span class='ocrx_word' id='word_1_418' title='bbox 3163 551 3242 616; x_wconf 89' lang='lat' dir='ltr'>ad</span> <span class='ocrx_word' id='word_1_419' title='bbox 3304 553 3655 618; x_wconf 84' lang='lat' dir='ltr'>veneficam</span> <span class='ocrx_word' id='word_1_420' title='bbox 3717 553 3910 616; x_wconf 87' lang='lat' dir='ltr'>istam</span> <span class='ocrx_word' id='word_1_421' title='bbox 3958 553 4351 621; x_wconf 90' lang='lat' dir='ltr'>intueamur.</span> <span class='ocrx_word' id='word_1_422' title='bbox 4431 554 4606 641; x_wconf 83' lang='lat' dir='ltr'>Itaque</span> <span class='ocrx_word' id='word_1_423' title='bbox 4641 585 4702 627; x_wconf 62' lang='grc' dir='ltr'>ω.</span> 
     </span>
     <span class='ocr_line' id='line_1_61' title="bbox 2888 636 4709 724; baseline 0.004 -24"><span class='ocrx_word' id='word_1_424' title='bbox 2888 636 3111 719; x_wconf 86' lang='lat' dir='ltr'>quitur</span> <span class='ocrx_word' id='word_1_425' title='bbox 3174 636 3388 719; x_wconf 88' lang='lat' dir='ltr'>ipsum</span> <span class='ocrx_word' id='word_1_426' title='bbox 3468 645 3718 703; x_wconf 88' lang='lat' dir='ltr'>mutato</span> <span class='ocrx_word' id='word_1_427' title='bbox 3801 638 4024 704; x_wconf 89' lang='lat' dir='ltr'>habitu</span> <span class='ocrx_word' id='word_1_428' title='bbox 4105 646 4172 704; x_wconf 93' lang='lat' dir='ltr'>et</span> <span class='ocrx_word' id='word_1_429' title='bbox 4249 642 4563 724; x_wconf 82' lang='lat' dir='ltr'>assumptis</span> <span class='ocrx_word' id='word_1_430' title='bbox 4616 647 4709 715; x_wconf 71' lang='lat' dir='ltr'>aliis</span> 
     </span>
     <span class='ocr_line' id='line_1_62' title="bbox 2891 723 4710 805; baseline 0.004 -18"><span class='ocrx_word' id='word_1_431' title='bbox 2891 723 3302 788; x_wconf 86' lang='lat' dir='ltr'>vestimentis</span> <span class='ocrx_word' id='word_1_432' title='bbox 3345 723 3579 789; x_wconf 89' lang='lat' dir='ltr'>abiisse</span> <span class='ocrx_word' id='word_1_433' title='bbox 3625 734 3814 789; x_wconf 89' lang='lat' dir='ltr'>nocte</span> <span class='ocrx_word' id='word_1_434' title='bbox 3867 725 3947 789; x_wconf 91' lang='lat' dir='ltr'>ad</span> <span class='ocrx_word' id='word_1_435' title='bbox 4010 725 4352 789; x_wconf 88' lang='lat' dir='ltr'>mulierem</span> <span class='ocrx_word' id='word_1_436' title='bbox 4412 725 4573 805; x_wconf 82' lang='lat' dir='ltr'>illam,</span> <span class='ocrx_word' id='word_1_437' title='bbox 4616 744 4710 797; x_wconf 72' lang='lat' dir='ltr'>tau·</span> 
     </span>
     <span class='ocr_line' id='line_1_63' title="bbox 2890 809 4716 895; baseline 0.007 -23"><span class='ocrx_word' id='word_1_438' title='bbox 2890 829 3087 891; x_wconf 90' lang='lat' dir='ltr'>quam</span> <span class='ocrx_word' id='word_1_439' title='bbox 3149 809 3432 892; x_wconf 88' lang='lat' dir='ltr'>aliquem</span> <span class='ocrx_word' id='word_1_440' title='bbox 3493 831 3579 874; x_wconf 89' lang='lat' dir='ltr'>ex</span> <span class='ocrx_word' id='word_1_441' title='bbox 3635 811 3854 891; x_wconf 86' lang='lat' dir='ltr'>vulg0,</span> <span class='ocrx_word' id='word_1_442' title='bbox 3917 822 3984 875; x_wconf 92' lang='lat' dir='ltr'>et</span> <span class='ocrx_word' id='word_1_443' title='bbox 4043 831 4309 895; x_wconf 88' lang='lat' dir='ltr'>rogasse</span> <span class='ocrx_word' id='word_1_444' title='bbox 4367 822 4433 874; x_wconf 88' lang='lat' dir='ltr'>ut</span> <span class='ocrx_word' id='word_1_445' title='bbox 4482 813 4716 885; x_wconf 78' lang='lat' dir='ltr'>divinaret</span> 
     </span>
     <span class='ocr_line' id='line_1_64' title="bbox 2889 894 4714 980; baseline 0.006 -21"><span class='ocrx_word' id='word_1_446' title='bbox 2889 894 3010 959; x_wconf 90' lang='lat' dir='ltr'>sibi</span> <span class='ocrx_word' id='word_1_447' title='bbox 3070 895 3142 959; x_wconf 91' lang='lat' dir='ltr'>in</span> <span class='ocrx_word' id='word_1_448' title='bbox 3200 895 3487 979; x_wconf 73' lang='lat' dir='ltr'>pythone</span> <span class='ocrx_word' id='word_1_449' title='bbox 3545 907 3610 961; x_wconf 86' lang='lat' dir='ltr'>et</span> <span class='ocrx_word' id='word_1_450' title='bbox 3674 897 4020 962; x_wconf 88' lang='lat' dir='ltr'>suscitaret</span> <span class='ocrx_word' id='word_1_451' title='bbox 4076 918 4267 980; x_wconf 88' lang='lat' dir='ltr'>quem</span> <span class='ocrx_word' id='word_1_452' title='bbox 4323 897 4550 966; x_wconf 76' lang='lat' dir='ltr'>diceret.</span> <span class='ocrx_word' id='word_1_453' title='bbox 4626 903 4714 971; x_wconf 73' lang='lat' dir='ltr'>Nae</span> 
     </span>
     <span class='ocr_line' id='line_1_65' title="bbox 2891 978 4719 1056; baseline 0.007 -14"><span class='ocrx_word' id='word_1_454' title='bbox 2891 980 3018 1043; x_wconf 90' lang='lat' dir='ltr'>duo</span> <span class='ocrx_word' id='word_1_455' title='bbox 3088 980 3195 1045; x_wconf 91' lang='lat' dir='ltr'>hic</span> <span class='ocrx_word' id='word_1_456' title='bbox 3263 978 3452 1045; x_wconf 89' lang='lat' dir='ltr'>valde</span> <span class='ocrx_word' id='word_1_457' title='bbox 3517 982 3690 1047; x_wconf 88' lang='lat' dir='ltr'>inter</span> <span class='ocrx_word' id='word_1_458' title='bbox 3755 1004 3824 1048; x_wconf 91' lang='lat' dir='ltr'>se</span> <span class='ocrx_word' id='word_1_459' title='bbox 3882 984 4214 1048; x_wconf 87' lang='lat' dir='ltr'>contraria</span> <span class='ocrx_word' id='word_1_460' title='bbox 4271 983 4570 1050; x_wconf 86' lang='lat' dir='ltr'>videmus:</span> <span class='ocrx_word' id='word_1_461' title='bbox 4615 1011 4719 1056; x_wconf 82' lang='lat' dir='ltr'>nam</span> 
     </span>
     <span class='ocr_line' id='line_1_66' title="bbox 2892 1065 4719 1157; baseline 0.006 -28"><span class='ocrx_word' id='word_1_462' title='bbox 2892 1074 3084 1130; x_wconf 90' lang='lat' dir='ltr'>antea</span> <span class='ocrx_word' id='word_1_463' title='bbox 3127 1065 3289 1131; x_wconf 86' lang='lat' dir='ltr'>Saul</span> <span class='ocrx_word' id='word_1_464' title='bbox 3339 1068 3751 1133; x_wconf 85' lang='lat' dir='ltr'>interfecerat</span> <span class='ocrx_word' id='word_1_465' title='bbox 3811 1087 4038 1133; x_wconf 89' lang='lat' dir='ltr'>omnes</span> <span class='ocrx_word' id='word_1_466' title='bbox 4095 1070 4416 1134; x_wconf 87' lang='lat' dir='ltr'>veneficas</span> <span class='ocrx_word' id='word_1_467' title='bbox 4466 1080 4522 1135; x_wconf 88' lang='lat' dir='ltr'>et</span> <span class='ocrx_word' id='word_1_468' title='bbox 4566 1094 4719 1157; x_wconf 85' lang='lat' dir='ltr'>repur-</span> 
     </span>
     <span class='ocr_line' id='line_1_67' title="bbox 2890 1152 4720 1238; baseline 0.006 -22"><span class='ocrx_word' id='word_1_469' title='bbox 2890 1161 3044 1234; x_wconf 87' lang='lat' dir='ltr'>gata</span> <span class='ocrx_word' id='word_1_470' title='bbox 3087 1152 3302 1216; x_wconf 84' lang='lat' dir='ltr'>fuerat</span> <span class='ocrx_word' id='word_1_471' title='bbox 3345 1153 3526 1234; x_wconf 86' lang='lat' dir='ltr'>regio</span> <span class='ocrx_word' id='word_1_472' title='bbox 3572 1154 3718 1219; x_wconf 88' lang='lat' dir='ltr'>istis</span> <span class='ocrx_word' id='word_1_473' title='bbox 3762 1153 4151 1238; x_wconf 85' lang='lat' dir='ltr'>corruptelis</span> <span class='ocrx_word' id='word_1_474' title='bbox 4194 1165 4263 1218; x_wconf 91' lang='lat' dir='ltr'>et</span> <span class='ocrx_word' id='word_1_475' title='bbox 4306 1157 4500 1221; x_wconf 86' lang='lat' dir='ltr'>officio</span> <span class='ocrx_word' id='word_1_476' title='bbox 4534 1158 4720 1227; x_wconf 69' lang='lat' dir='ltr'>functus</span> 
     </span>
     <span class='ocr_line' id='line_1_68' title="bbox 2889 1236 4721 1327; baseline 0.005 -28"><span class='ocrx_word' id='word_1_477' title='bbox 2889 1236 3107 1302; x_wconf 86' lang='lat' dir='ltr'>fuerat</span> <span class='ocrx_word' id='word_1_478' title='bbox 3150 1238 3218 1301; x_wconf 91' lang='lat' dir='ltr'>in</span> <span class='ocrx_word' id='word_1_479' title='bbox 3265 1239 3408 1323; x_wconf 90' lang='lat' dir='ltr'>lege</span> <span class='ocrx_word' id='word_1_480' title='bbox 3468 1238 3692 1305; x_wconf 89' lang='lat' dir='ltr'>divina</span> <span class='ocrx_word' id='word_1_481' title='bbox 3750 1239 4199 1323; x_wconf 84' lang='lat' dir='ltr'>exsequenda:</span> <span class='ocrx_word' id='word_1_482' title='bbox 4256 1241 4384 1305; x_wconf 87' lang='lat' dir='ltr'>iam</span> <span class='ocrx_word' id='word_1_483' title='bbox 4440 1263 4567 1306; x_wconf 88' lang='lat' dir='ltr'>vero</span> <span class='ocrx_word' id='word_1_484' title='bbox 4611 1247 4721 1327; x_wconf 78' lang='lat' dir='ltr'>ipse·</span> 
     </span>
     <span class='ocr_line' id='line_1_69' title="bbox 2892 1325 4721 1409; baseline 0.005 -23"><span class='ocrx_word' id='word_1_485' title='bbox 2892 1333 3029 1388; x_wconf 90' lang='lat' dir='ltr'>met</span> <span class='ocrx_word' id='word_1_486' title='bbox 3071 1331 3299 1388; x_wconf 90' lang='lat' dir='ltr'>contra</span> <span class='ocrx_word' id='word_1_487' title='bbox 3345 1325 3506 1409; x_wconf 87' lang='lat' dir='ltr'>legis</span> <span class='ocrx_word' id='word_1_488' title='bbox 3551 1325 3813 1391; x_wconf 89' lang='lat' dir='ltr'>divinae</span> <span class='ocrx_word' id='word_1_489' title='bbox 3836 1325 4218 1391; x_wconf 88' lang='lat' dir='ltr'>mandatum</span> <span class='ocrx_word' id='word_1_490' title='bbox 4244 1328 4420 1391; x_wconf 85' lang='lat' dir='ltr'>venit</span> <span class='ocrx_word' id='word_1_491' title='bbox 4459 1327 4528 1390; x_wconf 89' lang='lat' dir='ltr'>ad</span> <span class='ocrx_word' id='word_1_492' title='bbox 4565 1331 4721 1396; x_wconf 81' lang='lat' dir='ltr'>mulie-</span> 
     </span>
     <span class='ocr_line' id='line_1_70' title="bbox 2891 1411 4724 1496; baseline 0.004 -23"><span class='ocrx_word' id='word_1_493' title='bbox 2891 1430 3048 1485; x_wconf 89' lang='lat' dir='ltr'>rem,</span> <span class='ocrx_word' id='word_1_494' title='bbox 3110 1411 3432 1493; x_wconf 88' lang='lat' dir='ltr'>petiturus</span> <span class='ocrx_word' id='word_1_495' title='bbox 3476 1411 3557 1476; x_wconf 91' lang='lat' dir='ltr'>ab</span> <span class='ocrx_word' id='word_1_496' title='bbox 3599 1412 3741 1495; x_wconf 91' lang='lat' dir='ltr'>ipsa</span> <span class='ocrx_word' id='word_1_497' title='bbox 3798 1414 3942 1496; x_wconf 87' lang='lat' dir='ltr'>quis</span> <span class='ocrx_word' id='word_1_498' title='bbox 4001 1411 4264 1477; x_wconf 86' lang='lat' dir='ltr'>futurus</span> <span class='ocrx_word' id='word_1_499' title='bbox 4323 1423 4482 1478; x_wconf 86' lang='lat' dir='ltr'>esset</span> <span class='ocrx_word' id='word_1_500' title='bbox 4532 1428 4724 1483; x_wconf 75' lang='grc'><strong>0110111110</strong></span> 
     </span>
     <span class='ocr_line' id='line_1_71' title="bbox 2894 1494 4720 1581; baseline 0.005 -23"><span class='ocrx_word' id='word_1_501' title='bbox 2894 1516 3119 1559; x_wconf 89' lang='lat' dir='ltr'>earum</span> <span class='ocrx_word' id='word_1_502' title='bbox 3168 1494 3618 1563; x_wconf 84' lang='lat' dir='ltr'>difficultatum</span> <span class='ocrx_word' id='word_1_503' title='bbox 3666 1498 3736 1561; x_wconf 91' lang='lat' dir='ltr'>in</span> <span class='ocrx_word' id='word_1_504' title='bbox 3796 1518 3955 1581; x_wconf 89' lang='lat' dir='ltr'>quas</span> <span class='ocrx_word' id='word_1_505' title='bbox 4012 1496 4366 1563; x_wconf 90' lang='lat' dir='ltr'>inciderat:</span> <span class='ocrx_word' id='word_1_506' title='bbox 4423 1499 4720 1568; x_wconf 85' lang='lat' dir='ltr'>horrendum</span> 
     </span>
     <span class='ocr_line' id='line_1_72' title="bbox 2890 1581 4724 1666; baseline 0.003 -20"><span class='ocrx_word' id='word_1_507' title='bbox 2890 1581 3181 1663; x_wconf 85' lang='lat' dir='ltr'>profecto</span> <span class='ocrx_word' id='word_1_508' title='bbox 3223 1583 3545 1666; x_wconf 87' lang='lat' dir='ltr'>flagitium</span> <span class='ocrx_word' id='word_1_509' title='bbox 3569 1584 3951 1666; x_wconf 88' lang='lat' dir='ltr'>praesertim</span> <span class='ocrx_word' id='word_1_510' title='bbox 4000 1605 4202 1666; x_wconf 89' lang='lat' dir='ltr'>quum</span> <span class='ocrx_word' id='word_1_511' title='bbox 4231 1585 4409 1648; x_wconf 90' lang='lat' dir='ltr'>Deus</span> <span class='ocrx_word' id='word_1_512' title='bbox 4437 1585 4724 1652; x_wconf 72' lang='lat' dir='ltr'>nominatim</span> 
     </span>
     <span class='ocr_line' id='line_1_73' title="bbox 2894 1667 4723 1753; baseline 0.004 -23"><span class='ocrx_word' id='word_1_513' title='bbox 2894 1667 3193 1746; x_wconf 88' lang='lat' dir='ltr'>vetuerit,</span> <span class='ocrx_word' id='word_1_514' title='bbox 3240 1689 3323 1732; x_wconf 92' lang='lat' dir='ltr'>ne</span> <span class='ocrx_word' id='word_1_515' title='bbox 3366 1670 3512 1751; x_wconf 91' lang='lat' dir='ltr'>quis</span> <span class='ocrx_word' id='word_1_516' title='bbox 3556 1690 3642 1733; x_wconf 84' lang='lat' dir='ltr'>ex</span> <span class='ocrx_word' id='word_1_517' title='bbox 3687 1668 3926 1753; x_wconf 89' lang='lat' dir='ltr'>populo</span> <span class='ocrx_word' id='word_1_518' title='bbox 3970 1690 4088 1734; x_wconf 90' lang='lat' dir='ltr'>suo</span> <span class='ocrx_word' id='word_1_519' title='bbox 4131 1690 4284 1735; x_wconf 91' lang='lat' dir='ltr'>eum</span> <span class='ocrx_word' id='word_1_520' title='bbox 4331 1670 4593 1753; x_wconf 85' lang='lat' dir='ltr'>diabolis,</span> <span class='ocrx_word' id='word_1_521' title='bbox 4632 1694 4723 1737; x_wconf 77' lang='lat' dir='ltr'>cum</span> 
     </span>
     <span class='ocr_line' id='line_1_74' title="bbox 2893 1750 4723 1837; baseline 0.003 -22"><span class='ocrx_word' id='word_1_522' title='bbox 2893 1750 3155 1837; x_wconf 89' lang='lat' dir='ltr'>divinis,</span> <span class='ocrx_word' id='word_1_523' title='bbox 3212 1764 3278 1817; x_wconf 90' lang='lat' dir='ltr'>et</span> <span class='ocrx_word' id='word_1_524' title='bbox 3338 1757 3643 1820; x_wconf 86' lang='lat' dir='ltr'>veneficis</span> <span class='ocrx_word' id='word_1_525' title='bbox 3698 1764 4217 1831; x_wconf 82' lang='lat' dir='ltr'>conversaretur,</span> <span class='ocrx_word' id='word_1_526' title='bbox 4278 1768 4347 1821; x_wconf 89' lang='lat' dir='ltr'>et</span> <span class='ocrx_word' id='word_1_527' title='bbox 4403 1756 4478 1821; x_wconf 92' lang='lat' dir='ltr'>ab</span> <span class='ocrx_word' id='word_1_528' title='bbox 4527 1757 4628 1821; x_wconf 83' lang='lat' dir='ltr'>illis</span> <span class='ocrx_word' id='word_1_529' title='bbox 4659 1759 4723 1821; x_wconf 88' lang='lat' dir='ltr'>iu·</span> 
     </span>
     <span class='ocr_line' id='line_1_75' title="bbox 2894 1839 4728 1926; baseline 0.003 -25"><span class='ocrx_word' id='word_1_530' title='bbox 2894 1840 3180 1920; x_wconf 88' lang='lat' dir='ltr'>quireret</span> <span class='ocrx_word' id='word_1_531' title='bbox 3223 1859 3388 1922; x_wconf 89' lang='lat' dir='ltr'>quae</span> <span class='ocrx_word' id='word_1_532' title='bbox 3434 1842 3598 1907; x_wconf 90' lang='lat' dir='ltr'>seire</span> <span class='ocrx_word' id='word_1_533' title='bbox 3632 1839 4014 1926; x_wconf 35' lang='lat' dir='ltr'>illos-Deus</span> <span class='ocrx_word' id='word_1_534' title='bbox 4058 1841 4278 1907; x_wconf 90' lang='lat' dir='ltr'>nollet.</span> <span class='ocrx_word' id='word_1_535' title='bbox 4371 1841 4579 1925; x_wconf 87' lang='lat' dir='ltr'>Itaque</span> <span class='ocrx_word' id='word_1_536' title='bbox 4610 1844 4728 1907; x_wconf 78' lang='lat' dir='ltr'>Deus</span> 
     </span>
     <span class='ocr_line' id='line_1_76' title="bbox 2892 1923 4732 2010; baseline 0.003 -22"><span class='ocrx_word' id='word_1_537' title='bbox 2892 1923 3039 2009; x_wconf 86' lang='lat' dir='ltr'>lege</span> <span class='ocrx_word' id='word_1_538' title='bbox 3121 1947 3240 1989; x_wconf 88' lang='lat' dir='ltr'>sua</span> <span class='ocrx_word' id='word_1_539' title='bbox 3307 1948 3437 1990; x_wconf 89' lang='grc'><strong>11011</strong></span> <span class='ocrx_word' id='word_1_540' title='bbox 3504 1927 3888 2010; x_wconf 88' lang='lat' dir='ltr'>simpliciter</span> <span class='ocrx_word' id='word_1_541' title='bbox 3955 1927 4153 1991; x_wconf 89' lang='lat' dir='ltr'>morti</span> <span class='ocrx_word' id='word_1_542' title='bbox 4220 1926 4593 1993; x_wconf 84' lang='lat' dir='ltr'>adiudicavit</span> <span class='ocrx_word' id='word_1_543' title='bbox 4637 1928 4732 1994; x_wconf 73' lang='grc'><strong>11101</strong></span> 
     </span>
     <span class='ocr_line' id='line_1_77' title="bbox 2895 2009 4732 2096; baseline 0.004 -24"><span class='ocrx_word' id='word_1_544' title='bbox 2895 2009 3211 2089; x_wconf 85' lang='grc'><strong>1101111000,</strong></span> <span class='ocrx_word' id='word_1_545' title='bbox 3258 2011 3370 2075; x_wconf 88' lang='grc'><strong>0011</strong></span> <span class='ocrx_word' id='word_1_546' title='bbox 3417 2033 3565 2077; x_wconf 89' lang='lat' dir='ltr'>eum</span> <span class='ocrx_word' id='word_1_547' title='bbox 3612 2014 3771 2096; x_wconf 85' lang='lat' dir='ltr'>ipsis</span> <span class='ocrx_word' id='word_1_548' title='bbox 3832 2013 4344 2078; x_wconf 82' lang='lat' dir='ltr'>familiaritatem</span> <span class='ocrx_word' id='word_1_549' title='bbox 4404 2013 4600 2078; x_wconf 85' lang='lat' dir='ltr'>haberi</span> <span class='ocrx_word' id='word_1_550' title='bbox 4639 2035 4732 2096; x_wconf 82' lang='lat' dir='ltr'>pro·</span> 
     </span>
     <span class='ocr_line' id='line_1_78' title="bbox 2894 2094 4731 2182; baseline 0.003 -24"><span class='ocrx_word' id='word_1_551' title='bbox 2894 2094 3128 2174; x_wconf 90' lang='lat' dir='ltr'>hibuit,</span> <span class='ocrx_word' id='word_1_552' title='bbox 3175 2106 3241 2161; x_wconf 91' lang='lat' dir='ltr'>et</span> <span class='ocrx_word' id='word_1_553' title='bbox 3283 2097 3545 2162; x_wconf 89' lang='lat' dir='ltr'>illorum</span> <span class='ocrx_word' id='word_1_554' title='bbox 3596 2099 4062 2182; x_wconf 90' lang='lat' dir='ltr'>pollutionibus</span> <span class='ocrx_word' id='word_1_555' title='bbox 4107 2109 4174 2162; x_wconf 91' lang='lat' dir='ltr'>et</span> <span class='ocrx_word' id='word_1_556' title='bbox 4230 2098 4591 2164; x_wconf 81' lang='lat' dir='ltr'>idololatriis</span> <span class='ocrx_word' id='word_1_557' title='bbox 4622 2120 4731 2163; x_wconf 83' lang='lat' dir='ltr'>com·</span> 
     </span>
     <span class='ocr_line' id='line_1_79' title="bbox 2895 2182 4733 2268; baseline 0.003 -24"><span class='ocrx_word' id='word_1_558' title='bbox 2895 2182 3251 2248; x_wconf 87' lang='lat' dir='ltr'>municare.</span> <span class='ocrx_word' id='word_1_559' title='bbox 3338 2182 3483 2248; x_wconf 90' lang='lat' dir='ltr'>Iam</span> <span class='ocrx_word' id='word_1_560' title='bbox 3541 2206 3698 2249; x_wconf 90' lang='lat' dir='ltr'>vero</span> <span class='ocrx_word' id='word_1_561' title='bbox 3758 2185 3941 2262; x_wconf 82' lang='lat' dir='ltr'>Saul,</span> <span class='ocrx_word' id='word_1_562' title='bbox 4003 2186 4187 2250; x_wconf 90' lang='lat' dir='ltr'>cuius</span> <span class='ocrx_word' id='word_1_563' title='bbox 4247 2198 4445 2249; x_wconf 88' lang='lat' dir='ltr'>antea</span> <span class='ocrx_word' id='word_1_564' title='bbox 4498 2186 4733 2268; x_wconf 78' lang='lat' dir='ltr'>singulare</span> 
     </span>
     <span class='ocr_line' id='line_1_80' title="bbox 2894 2267 4726 2355; baseline 0.002 -24"><span class='ocrx_word' id='word_1_565' title='bbox 2894 2267 3186 2332; x_wconf 88' lang='lat' dir='ltr'>studium</span> <span class='ocrx_word' id='word_1_566' title='bbox 3255 2270 3451 2335; x_wconf 86' lang='lat' dir='ltr'>fuisse</span> <span class='ocrx_word' id='word_1_567' title='bbox 3518 2269 3865 2336; x_wconf 87' lang='lat' dir='ltr'>videbatur</span> <span class='ocrx_word' id='word_1_568' title='bbox 3937 2270 4005 2334; x_wconf 92' lang='lat' dir='ltr'>in</span> <span class='ocrx_word' id='word_1_569' title='bbox 4072 2268 4219 2355; x_wconf 84' lang='lat' dir='ltr'>lege</span> <span class='ocrx_word' id='word_1_570' title='bbox 4284 2270 4418 2335; x_wconf 89' lang='lat' dir='ltr'>Dei</span> <span class='ocrx_word' id='word_1_571' title='bbox 4478 2269 4726 2354; x_wconf 59' lang='lat' dir='ltr'>implenda</span> 
     </span>
     <span class='ocr_line' id='line_1_81' title="bbox 2895 2352 4729 2421; baseline 0.002 -5"><span class='ocrx_word' id='word_1_572' title='bbox 2895 2352 3148 2420; x_wconf 89' lang='lat' dir='ltr'>diabolo</span> <span class='ocrx_word' id='word_1_573' title='bbox 3206 2374 3275 2418; x_wconf 91' lang='lat' dir='ltr'>se</span> <span class='ocrx_word' id='word_1_574' title='bbox 3331 2354 3591 2421; x_wconf 87' lang='lat' dir='ltr'>subiicit</span> <span class='ocrx_word' id='word_1_575' title='bbox 3655 2364 3722 2421; x_wconf 91' lang='lat' dir='ltr'>et</span> <span class='ocrx_word' id='word_1_576' title='bbox 3787 2355 4100 2421; x_wconf 88' lang='lat' dir='ltr'>honorem</span> <span class='ocrx_word' id='word_1_577' title='bbox 4167 2356 4444 2421; x_wconf 88' lang='lat' dir='ltr'>exhibet</span> <span class='ocrx_word' id='word_1_578' title='bbox 4505 2358 4565 2421; x_wconf 89' lang='lat' dir='ltr'>in</span> <span class='ocrx_word' id='word_1_579' title='bbox 4613 2356 4729 2421; x_wconf 82' lang='lat' dir='ltr'>istius</span> 
     </span>
     <span class='ocr_line' id='line_1_82' title="bbox 2894 2440 4730 2527; baseline 0.002 -25"><span class='ocrx_word' id='word_1_580' title='bbox 2894 2440 3316 2521; x_wconf 79' lang='lat' dir='ltr'>pythonissae</span> <span class='ocrx_word' id='word_1_581' title='bbox 3358 2462 3656 2525; x_wconf 87' lang='lat' dir='ltr'>persona.</span> <span class='ocrx_word' id='word_1_582' title='bbox 3748 2440 4043 2527; x_wconf 90' lang='lat' dir='ltr'>Dignum</span> <span class='ocrx_word' id='word_1_583' title='bbox 4099 2461 4258 2507; x_wconf 90' lang='lat' dir='ltr'>sane</span> <span class='ocrx_word' id='word_1_584' title='bbox 4319 2442 4730 2507; x_wconf 73' lang='lat' dir='ltr'>consideratione</span> 
     </span>
     <span class='ocr_line' id='line_1_83' title="bbox 2894 2526 4739 2613; baseline 0.001 -24"><span class='ocrx_word' id='word_1_585' title='bbox 2894 2526 3292 2610; x_wconf 86' lang='lat' dir='ltr'>exemplum,</span> <span class='ocrx_word' id='word_1_586' title='bbox 3346 2548 3432 2591; x_wconf 84' lang='lat' dir='ltr'>ex</span> <span class='ocrx_word' id='word_1_587' title='bbox 3491 2549 3617 2611; x_wconf 90' lang='lat' dir='ltr'>quo</span> <span class='ocrx_word' id='word_1_588' title='bbox 3663 2527 3986 2593; x_wconf 88' lang='lat' dir='ltr'>discamus</span> <span class='ocrx_word' id='word_1_589' title='bbox 4045 2538 4290 2594; x_wconf 89' lang='lat' dir='ltr'>rectam</span> <span class='ocrx_word' id='word_1_590' title='bbox 4345 2548 4584 2613; x_wconf 85' lang='lat' dir='ltr'>semper</span> <span class='ocrx_word' id='word_1_591' title='bbox 4626 2529 4739 2592; x_wconf 80' lang='grc'><strong>1111111</strong></span> 
     </span>
     <span class='ocr_line' id='line_1_84' title="bbox 2892 2611 4741 2698; baseline 0 -23"><span class='ocrx_word' id='word_1_592' title='bbox 2892 2611 3210 2689; x_wconf 89' lang='lat' dir='ltr'>insistere,</span> <span class='ocrx_word' id='word_1_593' title='bbox 3252 2633 3418 2695; x_wconf 91' lang='lat' dir='ltr'>quae</span> <span class='ocrx_word' id='word_1_594' title='bbox 3457 2612 3640 2679; x_wconf 89' lang='lat' dir='ltr'>nobis</span> <span class='ocrx_word' id='word_1_595' title='bbox 3668 2614 3863 2679; x_wconf 86' lang='lat' dir='ltr'>verbo</span> <span class='ocrx_word' id='word_1_596' title='bbox 3885 2613 4011 2680; x_wconf 91' lang='lat' dir='ltr'>Dei</span> <span class='ocrx_word' id='word_1_597' title='bbox 4047 2616 4530 2698; x_wconf 85' lang='lat' dir='ltr'>praescribitur,</span> <span class='ocrx_word' id='word_1_598' title='bbox 4560 2624 4741 2678; x_wconf 84' lang='grc'><strong>01111111-</strong></span> 
     </span>
     <span class='ocr_line' id='line_1_85' title="bbox 2893 2697 4742 2783; baseline -0.001 -20"><span class='ocrx_word' id='word_1_599' title='bbox 2893 2717 3088 2779; x_wconf 90' lang='lat' dir='ltr'>quam</span> <span class='ocrx_word' id='word_1_600' title='bbox 3134 2698 3213 2763; x_wconf 91' lang='lat' dir='ltr'>ab</span> <span class='ocrx_word' id='word_1_601' title='bbox 3257 2699 3399 2783; x_wconf 90' lang='lat' dir='ltr'>ipsa</span> <span class='ocrx_word' id='word_1_602' title='bbox 3446 2699 3547 2765; x_wconf 87' lang='lat' dir='ltr'>vel</span> <span class='ocrx_word' id='word_1_603' title='bbox 3592 2701 3671 2765; x_wconf 91' lang='lat' dir='ltr'>ad</span> <span class='ocrx_word' id='word_1_604' title='bbox 3719 2700 4041 2778; x_wconf 75' lang='lat' dir='ltr'>dextram,</span> <span class='ocrx_word' id='word_1_605' title='bbox 4104 2700 4208 2765; x_wconf 88' lang='lat' dir='ltr'>vel</span> <span class='ocrx_word' id='word_1_606' title='bbox 4265 2700 4351 2766; x_wconf 89' lang='lat' dir='ltr'>ad</span> <span class='ocrx_word' id='word_1_607' title='bbox 4409 2701 4634 2765; x_wconf 85' lang='lat' dir='ltr'>laevam</span> <span class='ocrx_word' id='word_1_608' title='bbox 4674 2697 4742 2761; x_wconf 78' lang='lat' dir='ltr'>de·</span> 
     </span>
     <span class='ocr_line' id='line_1_86' title="bbox 2891 2782 4746 2869; baseline -0.003 -20"><span class='ocrx_word' id='word_1_609' title='bbox 2891 2786 3171 2851; x_wconf 90' lang='lat' dir='ltr'>flectere.</span> <span class='ocrx_word' id='word_1_610' title='bbox 3262 2785 3433 2850; x_wconf 90' lang='lat' dir='ltr'>Nam</span> <span class='ocrx_word' id='word_1_611' title='bbox 3480 2786 3535 2851; x_wconf 89' lang='lat' dir='ltr'>si</span> <span class='ocrx_word' id='word_1_612' title='bbox 3581 2787 3780 2851; x_wconf 91' lang='lat' dir='ltr'>semel</span> <span class='ocrx_word' id='word_1_613' title='bbox 3830 2798 4026 2869; x_wconf 88' lang='lat' dir='ltr'>atque</span> <span class='ocrx_word' id='word_1_614' title='bbox 4069 2787 4316 2851; x_wconf 87' lang='lat' dir='ltr'>iterum</span> <span class='ocrx_word' id='word_1_615' title='bbox 4363 2787 4641 2852; x_wconf 87' lang='lat' dir='ltr'>eximium</span> <span class='ocrx_word' id='word_1_616' title='bbox 4674 2782 4746 2846; x_wconf 81' lang='lat' dir='ltr'>ali·</span> 
     </span>
     <span class='ocr_line' id='line_1_87' title="bbox 2892 2870 4745 2955; baseline -0.001 -20"><span class='ocrx_word' id='word_1_617' title='bbox 2892 2870 3065 2954; x_wconf 89' lang='grc'><strong>011011</strong></span> <span class='ocrx_word' id='word_1_618' title='bbox 3107 2893 3269 2955; x_wconf 91' lang='lat' dir='ltr'>opus</span> <span class='ocrx_word' id='word_1_619' title='bbox 3292 2873 3655 2948; x_wconf 83' lang='lat' dir='ltr'>fecerimus,</span> <span class='ocrx_word' id='word_1_620' title='bbox 3702 2870 3935 2937; x_wconf 89' lang='lat' dir='ltr'>deinde</span> <span class='ocrx_word' id='word_1_621' title='bbox 3979 2874 4047 2937; x_wconf 90' lang='lat' dir='ltr'>in</span> <span class='ocrx_word' id='word_1_622' title='bbox 4085 2873 4485 2937; x_wconf 88' lang='lat' dir='ltr'>eontrarium</span> <span class='ocrx_word' id='word_1_623' title='bbox 4520 2873 4745 2946; x_wconf 82' lang='lat' dir='ltr'>feramur,</span> 
     </span>
     <span class='ocr_line' id='line_1_88' title="bbox 2893 2954 4747 3041; baseline -0.002 -21"><span class='ocrx_word' id='word_1_624' title='bbox 2893 2966 3151 3022; x_wconf 89' lang='lat' dir='ltr'>tantum</span> <span class='ocrx_word' id='word_1_625' title='bbox 3214 2960 3396 3024; x_wconf 89' lang='lat' dir='ltr'>abest</span> <span class='ocrx_word' id='word_1_626' title='bbox 3455 2967 3530 3021; x_wconf 86' lang='lat' dir='ltr'>ut</span> <span class='ocrx_word' id='word_1_627' title='bbox 3574 2959 3790 3041; x_wconf 90' lang='lat' dir='ltr'>priora</span> <span class='ocrx_word' id='word_1_628' title='bbox 3812 2957 4146 3025; x_wconf 85' lang='lat' dir='ltr'>benefacta</span> <span class='ocrx_word' id='word_1_629' title='bbox 4194 2980 4316 3024; x_wconf 91' lang='lat' dir='ltr'>nos</span> <span class='ocrx_word' id='word_1_630' title='bbox 4360 2959 4440 3022; x_wconf 89' lang='lat' dir='ltr'>ad</span> <span class='ocrx_word' id='word_1_631' title='bbox 4467 2959 4647 3023; x_wconf 88' lang='lat' dir='ltr'>Deum</span> <span class='ocrx_word' id='word_1_632' title='bbox 4678 2954 4747 3017; x_wconf 73' lang='lat' dir='ltr'>ds·</span> 
     </span>
     <span class='ocr_line' id='line_1_89' title="bbox 2896 3042 4748 3129; baseline -0.002 -23"><span class='ocrx_word' id='word_1_633' title='bbox 2896 3042 3153 3117; x_wconf 78' lang='lat' dir='ltr'>ducant,</span> <span class='ocrx_word' id='word_1_634' title='bbox 3200 3058 3554 3129; x_wconf 78' lang='lat' dir='ltr'>gratosque</span> <span class='ocrx_word' id='word_1_635' title='bbox 3598 3056 3664 3108; x_wconf 90' lang='lat' dir='ltr'>et</span> <span class='ocrx_word' id='word_1_636' title='bbox 3686 3056 3982 3126; x_wconf 88' lang='lat' dir='ltr'>acceptos</span> <span class='ocrx_word' id='word_1_637' title='bbox 4032 3044 4153 3128; x_wconf 89' lang='lat' dir='ltr'>ipsi</span> <span class='ocrx_word' id='word_1_638' title='bbox 4179 3045 4446 3121; x_wconf 71' lang='lat' dir='ltr'>seviant,</span> <span class='ocrx_word' id='word_1_639' title='bbox 4492 3054 4558 3107; x_wconf 90' lang='lat' dir='ltr'>ut</span> <span class='ocrx_word' id='word_1_640' title='bbox 4594 3054 4748 3107; x_wconf 73' lang='lat' dir='ltr'>contu</span> 
     </span>
     <span class='ocr_line' id='line_1_90' title="bbox 2893 3124 4746 3208; baseline -0.002 -16"><span class='ocrx_word' id='word_1_641' title='bbox 2893 3129 3206 3194; x_wconf 89' lang='lat' dir='ltr'>maiorem</span> <span class='ocrx_word' id='word_1_642' title='bbox 3230 3132 3299 3194; x_wconf 90' lang='lat' dir='ltr'>in</span> <span class='ocrx_word' id='word_1_643' title='bbox 3325 3151 3443 3195; x_wconf 87' lang='lat' dir='ltr'>uos</span> <span class='ocrx_word' id='word_1_644' title='bbox 3463 3128 4064 3195; x_wconf 86' lang='lat' dir='ltr'>condemnationem</span> <span class='ocrx_word' id='word_1_645' title='bbox 4092 3143 4453 3195; x_wconf 58' lang='lat' dir='ltr'>accersant-</span> <span class='ocrx_word' id='word_1_646' title='bbox 4509 3124 4746 3208; x_wconf 84' lang='lat' dir='ltr'>Exemplo</span> 
     </span>
     <span class='ocr_line' id='line_1_91' title="bbox 2894 3214 4748 3300; baseline -0.002 -23"><span class='ocrx_word' id='word_1_647' title='bbox 2894 3227 3032 3279; x_wconf 83' lang='lat' dir='ltr'>esto</span> <span class='ocrx_word' id='word_1_648' title='bbox 3098 3215 3265 3280; x_wconf 92' lang='lat' dir='ltr'>Iehu</span> <span class='ocrx_word' id='word_1_649' title='bbox 3337 3216 3485 3300; x_wconf 90' lang='lat' dir='ltr'>ille,</span> <span class='ocrx_word' id='word_1_650' title='bbox 3551 3216 3662 3299; x_wconf 91' lang='lat' dir='ltr'>qui</span> <span class='ocrx_word' id='word_1_651' title='bbox 3726 3214 3863 3280; x_wconf 79' lang='lat' dir='ltr'>zelo</span> <span class='ocrx_word' id='word_1_652' title='bbox 3930 3215 4209 3300; x_wconf 90' lang='lat' dir='ltr'>quodam</span> <span class='ocrx_word' id='word_1_653' title='bbox 4283 3235 4510 3280; x_wconf 86' lang='lat' dir='ltr'>omnes</span> <span class='ocrx_word' id='word_1_654' title='bbox 4568 3215 4655 3296; x_wconf 87' lang='lat' dir='ltr'>qui</span> <span class='ocrx_word' id='word_1_655' title='bbox 4697 3232 4748 3273; x_wconf 75' lang='lat' dir='ltr'>ex</span> 
     </span>
     <span class='ocr_line' id='line_1_92' title="bbox 2894 3296 4751 3385; baseline -0.002 -21"><span class='ocrx_word' id='word_1_656' title='bbox 2894 3300 3142 3364; x_wconf 82' lang='lat' dir='ltr'>familia</span> <span class='ocrx_word' id='word_1_657' title='bbox 3205 3300 3454 3367; x_wconf 85' lang='lat' dir='ltr'>Achabi</span> <span class='ocrx_word' id='word_1_658' title='bbox 3511 3312 3900 3385; x_wconf 88' lang='lat' dir='ltr'>supererant</span> <span class='ocrx_word' id='word_1_659' title='bbox 3970 3304 4160 3367; x_wconf 91' lang='lat' dir='ltr'>morti</span> <span class='ocrx_word' id='word_1_660' title='bbox 4236 3300 4509 3367; x_wconf 89' lang='lat' dir='ltr'>dederat</span> <span class='ocrx_word' id='word_1_661' title='bbox 4555 3296 4751 3366; x_wconf 87' lang='lat' dir='ltr'>Domini</span> 
     </span>
     <span class='ocr_line' id='line_1_93' title="bbox 2894 3386 4750 3471; baseline -0.003 -21"><span class='ocrx_word' id='word_1_662' title='bbox 2894 3388 3108 3465; x_wconf 87' lang='lat' dir='ltr'>iussu,</span> <span class='ocrx_word' id='word_1_663' title='bbox 3176 3386 3699 3471; x_wconf 85' lang='lat' dir='ltr'>quandoquidem</span> <span class='ocrx_word' id='word_1_664' title='bbox 3769 3408 3886 3470; x_wconf 90' lang='lat' dir='ltr'>per</span> <span class='ocrx_word' id='word_1_665' title='bbox 3955 3387 4347 3470; x_wconf 88' lang='lat' dir='ltr'>prophetam</span> <span class='ocrx_word' id='word_1_666' title='bbox 4417 3387 4613 3451; x_wconf 86' lang='lat' dir='ltr'>iussus</span> <span class='ocrx_word' id='word_1_667' title='bbox 4660 3396 4750 3445; x_wconf 77' lang='lat' dir='ltr'>ent</span> 
     </span>
     <span class='ocr_line' id='line_1_94' title="bbox 2896 3469 4753 3538; baseline -0.001 -3"><span class='ocrx_word' id='word_1_668' title='bbox 2896 3472 3183 3537; x_wconf 87' lang='lat' dir='ltr'>divinam</span> <span class='ocrx_word' id='word_1_669' title='bbox 3227 3474 3418 3538; x_wconf 87' lang='lat' dir='ltr'>istam</span> <span class='ocrx_word' id='word_1_670' title='bbox 3466 3472 3823 3538; x_wconf 84' lang='lat' dir='ltr'>vindictam</span> <span class='ocrx_word' id='word_1_671' title='bbox 3874 3472 3954 3538; x_wconf 91' lang='lat' dir='ltr'>de</span> <span class='ocrx_word' id='word_1_672' title='bbox 3998 3473 4191 3538; x_wconf 92' lang='lat' dir='ltr'>domo</span> <span class='ocrx_word' id='word_1_673' title='bbox 4235 3469 4498 3538; x_wconf 88' lang='lat' dir='ltr'>Achabi</span> <span class='ocrx_word' id='word_1_674' title='bbox 4538 3487 4753 3536; x_wconf 75' lang='lat' dir='ltr'>sumere:</span> 
     </span>
     <span class='ocr_line' id='line_1_95' title="bbox 2896 3554 4752 3641; baseline -0.004 -20"><span class='ocrx_word' id='word_1_675' title='bbox 2896 3558 3200 3641; x_wconf 90' lang='lat' dir='ltr'>quoniam</span> <span class='ocrx_word' id='word_1_676' title='bbox 3246 3560 3420 3623; x_wconf 91' lang='lat' dir='ltr'>enim</span> <span class='ocrx_word' id='word_1_677' title='bbox 3467 3559 3699 3625; x_wconf 90' lang='lat' dir='ltr'>domus</span> <span class='ocrx_word' id='word_1_678' title='bbox 3747 3558 3996 3625; x_wconf 88' lang='lat' dir='ltr'>Achabi</span> <span class='ocrx_word' id='word_1_679' title='bbox 4055 3580 4197 3624; x_wconf 85' lang='lat' dir='ltr'>sese</span> <span class='ocrx_word' id='word_1_680' title='bbox 4253 3557 4574 3624; x_wconf 81' lang='lat' dir='ltr'>horrenda</span> <span class='ocrx_word' id='word_1_681' title='bbox 4615 3554 4752 3619; x_wconf 84' lang='lat' dir='ltr'>idolo-</span> 
     </span>
     <span class='ocr_line' id='line_1_96' title="bbox 2897 3640 4755 3728; baseline -0.002 -20"><span class='ocrx_word' id='word_1_682' title='bbox 2897 3645 3092 3708; x_wconf 89' lang='lat' dir='ltr'>latria</span> <span class='ocrx_word' id='word_1_683' title='bbox 3149 3654 3564 3728; x_wconf 88' lang='lat' dir='ltr'>corruperat,</span> <span class='ocrx_word' id='word_1_684' title='bbox 3623 3657 3689 3709; x_wconf 92' lang='lat' dir='ltr'>et</span> <span class='ocrx_word' id='word_1_685' title='bbox 3748 3645 3871 3711; x_wconf 91' lang='lat' dir='ltr'>Dei</span> <span class='ocrx_word' id='word_1_686' title='bbox 3932 3644 4183 3710; x_wconf 89' lang='lat' dir='ltr'>cultum</span> <span class='ocrx_word' id='word_1_687' title='bbox 4245 3644 4584 3721; x_wconf 86' lang='lat' dir='ltr'>abiecerat,</span> <span class='ocrx_word' id='word_1_688' title='bbox 4628 3640 4755 3704; x_wconf 71' lang='lat' dir='ltr'>Deus</span> 
     </span>
     <span class='ocr_line' id='line_1_97' title="bbox 2897 3724 4756 3810; baseline -0.005 -15"><span class='ocrx_word' id='word_1_689' title='bbox 2897 3731 3070 3795; x_wconf 90' lang='lat' dir='ltr'>iusto</span> <span class='ocrx_word' id='word_1_690' title='bbox 3114 3750 3232 3795; x_wconf 87' lang='lat' dir='ltr'>suo</span> <span class='ocrx_word' id='word_1_691' title='bbox 3276 3729 3516 3799; x_wconf 82' lang='lat' dir='ltr'>iudicio</span> <span class='ocrx_word' id='word_1_692' title='bbox 3566 3731 3774 3795; x_wconf 87' lang='lat' dir='ltr'>voluit</span> <span class='ocrx_word' id='word_1_693' title='bbox 3818 3751 3960 3795; x_wconf 88' lang='lat' dir='ltr'>eam</span> <span class='ocrx_word' id='word_1_694' title='bbox 4007 3732 4197 3795; x_wconf 91' lang='lat' dir='ltr'>morti</span> <span class='ocrx_word' id='word_1_695' title='bbox 4249 3730 4511 3810; x_wconf 87' lang='lat' dir='ltr'>adduci,</span> <span class='ocrx_word' id='word_1_696' title='bbox 4557 3740 4612 3792; x_wconf 90' lang='grc'>01</span> <span class='ocrx_word' id='word_1_697' title='bbox 4647 3724 4756 3789; x_wconf 82' lang='grc'><strong>101111</strong></span> 
     </span>
     <span class='ocr_line' id='line_1_98' title="bbox 2897 3814 4757 3906; baseline -0.004 -26"><span class='ocrx_word' id='word_1_698' title='bbox 2897 3815 3090 3881; x_wconf 87' lang='grc'><strong>1010111</strong></span> <span class='ocrx_word' id='word_1_699' title='bbox 3164 3815 3519 3881; x_wconf 85' lang='lat' dir='ltr'>vindictam</span> <span class='ocrx_word' id='word_1_700' title='bbox 3592 3816 3930 3881; x_wconf 85' lang='lat' dir='ltr'>commisit.</span> <span class='ocrx_word' id='word_1_701' title='bbox 4042 3815 4286 3900; x_wconf 85' lang='lat' dir='ltr'>Itaque</span> <span class='ocrx_word' id='word_1_702' title='bbox 4359 3815 4521 3883; x_wconf 88' lang='lat' dir='ltr'>Iehu</span> <span class='ocrx_word' id='word_1_703' title='bbox 4580 3814 4757 3906; x_wconf 68' lang='lat' dir='ltr'>fervete</span> 
     </span>
     <span class='ocr_line' id='line_1_99' title="bbox 2898 3899 4754 3991; baseline 0.001 -26"><span class='ocrx_word' id='word_1_704' title='bbox 2898 3901 3177 3984; x_wconf 86' lang='lat' dir='ltr'>quodam</span> <span class='ocrx_word' id='word_1_705' title='bbox 3233 3903 3465 3979; x_wconf 88' lang='lat' dir='ltr'>animi,</span> <span class='ocrx_word' id='word_1_706' title='bbox 3523 3903 3792 3967; x_wconf 88' lang='lat' dir='ltr'>Domini</span> <span class='ocrx_word' id='word_1_707' title='bbox 3865 3902 4126 3984; x_wconf 87' lang='lat' dir='ltr'>quidem</span> <span class='ocrx_word' id='word_1_708' title='bbox 4196 3902 4458 3967; x_wconf 85' lang='lat' dir='ltr'>iussum</span> <span class='ocrx_word' id='word_1_709' title='bbox 4520 3899 4754 3991; x_wconf 56' lang='lat' dir='ltr'>implevit·</span> 
     </span>
     <span class='ocr_line' id='line_1_100' title="bbox 2898 3982 4756 4072; baseline 0.002 -19"><span class='ocrx_word' id='word_1_710' title='bbox 2898 3986 3011 4053; x_wconf 90' lang='lat' dir='ltr'>sed</span> <span class='ocrx_word' id='word_1_711' title='bbox 3072 3989 3209 4072; x_wconf 87' lang='lat' dir='ltr'>ipse</span> <span class='ocrx_word' id='word_1_712' title='bbox 3264 4000 3485 4071; x_wconf 84' lang='lat' dir='ltr'>postea</span> <span class='ocrx_word' id='word_1_713' title='bbox 3556 3987 3636 4052; x_wconf 91' lang='lat' dir='ltr'>ad</span> <span class='ocrx_word' id='word_1_714' title='bbox 3697 3988 3954 4053; x_wconf 83' lang='lat' dir='ltr'>easdem</span> <span class='ocrx_word' id='word_1_715' title='bbox 4027 3989 4528 4071; x_wconf 85' lang='lat' dir='ltr'>superstitiones</span> <span class='ocrx_word' id='word_1_716' title='bbox 4576 3982 4756 4055; x_wconf 68' lang='lat' dir='ltr'>defeat</span> 
     </span>
     <span class='ocr_line' id='line_1_101' title="bbox 2899 4070 4753 4157; baseline -0.006 -19"><span class='ocrx_word' id='word_1_717' title='bbox 2899 4094 3062 4157; x_wconf 90' lang='lat' dir='ltr'>quae</span> <span class='ocrx_word' id='word_1_718' title='bbox 3106 4082 3301 4139; x_wconf 87' lang='lat' dir='ltr'>antea</span> <span class='ocrx_word' id='word_1_719' title='bbox 3347 4086 3481 4138; x_wconf 87' lang='lat' dir='ltr'>tam</span> <span class='ocrx_word' id='word_1_720' title='bbox 3527 4094 3751 4139; x_wconf 89' lang='lat' dir='ltr'>severe</span> <span class='ocrx_word' id='word_1_721' title='bbox 3798 4073 4183 4147; x_wconf 83' lang='lat' dir='ltr'>vindicarat,</span> <span class='ocrx_word' id='word_1_722' title='bbox 4250 4086 4320 4137; x_wconf 88' lang='lat' dir='ltr'>et</span> <span class='ocrx_word' id='word_1_723' title='bbox 4368 4070 4753 4137; x_wconf 75' lang='lat' dir='ltr'>idololatricam</span> 
     </span>
     <span class='ocr_line' id='line_1_102' title="bbox 2897 4156 4752 4245; baseline -0.003 -21"><span class='ocrx_word' id='word_1_724' title='bbox 2897 4161 3147 4224; x_wconf 89' lang='lat' dir='ltr'>cultum</span> <span class='ocrx_word' id='word_1_725' title='bbox 3223 4181 3371 4225; x_wconf 91' lang='lat' dir='ltr'>cum</span> <span class='ocrx_word' id='word_1_726' title='bbox 3443 4158 3565 4223; x_wconf 91' lang='lat' dir='ltr'>Dei</span> <span class='ocrx_word' id='word_1_727' title='bbox 3648 4159 3930 4224; x_wconf 85' lang='lat' dir='ltr'>viventis</span> <span class='ocrx_word' id='word_1_728' title='bbox 4009 4160 4190 4224; x_wconf 89' lang='lat' dir='ltr'>cultu</span> <span class='ocrx_word' id='word_1_729' title='bbox 4276 4156 4662 4245; x_wconf 78' lang='lat' dir='ltr'>permiscuit,</span> <span class='ocrx_word' id='word_1_730' title='bbox 4712 4158 4752 4212; x_wconf 67' lang='lat' dir='ltr'>et</span> 
     </span>
     <span class='ocr_line' id='line_1_103' title="bbox 2898 4230 4749 4329; baseline -0.005 -18"><span class='ocrx_word' id='word_1_731' title='bbox 2898 4247 3276 4329; x_wconf 83' lang='lat' dir='ltr'>religionem</span> <span class='ocrx_word' id='word_1_732' title='bbox 3336 4245 3661 4328; x_wconf 90' lang='lat' dir='ltr'>corrumpi</span> <span class='ocrx_word' id='word_1_733' title='bbox 3722 4254 3787 4308; x_wconf 91' lang='lat' dir='ltr'>et</span> <span class='ocrx_word' id='word_1_734' title='bbox 3847 4244 4205 4310; x_wconf 88' lang='lat' dir='ltr'>adulterari</span> <span class='ocrx_word' id='word_1_735' title='bbox 4285 4246 4593 4329; x_wconf 86' lang='lat' dir='ltr'>permisit.</span> <span class='ocrx_word' id='word_1_736' title='bbox 4671 4230 4749 4302; x_wconf 71' lang='lat' dir='ltr'>Sed</span> 
     </span>
     <span class='ocr_line' id='line_1_104' title="bbox 2897 4324 4748 4416; baseline -0.003 -19"><span class='ocrx_word' id='word_1_737' title='bbox 2897 4333 3042 4416; x_wconf 90' lang='lat' dir='ltr'>quis</span> <span class='ocrx_word' id='word_1_738' title='bbox 3116 4330 3377 4395; x_wconf 87' lang='lat' dir='ltr'>tandem</span> <span class='ocrx_word' id='word_1_739' title='bbox 3442 4330 3638 4395; x_wconf 85' lang='lat' dir='ltr'>huius</span> <span class='ocrx_word' id='word_1_740' title='bbox 3703 4331 3943 4395; x_wconf 83' lang='lat' dir='ltr'>furoris</span> <span class='ocrx_word' id='word_1_741' title='bbox 4006 4331 4272 4396; x_wconf 81' lang='lat' dir='ltr'>exitus?</span> <span class='ocrx_word' id='word_1_742' title='bbox 4361 4351 4584 4413; x_wconf 89' lang='lat' dir='ltr'>nempe</span> <span class='ocrx_word' id='word_1_743' title='bbox 4637 4324 4748 4387; x_wconf 62' lang='lat' dir='ltr'>Deus</span> 
     </span>
     <span class='ocr_line' id='line_1_105' title="bbox 2894 4411 4752 4500; baseline -0.002 -18"><span class='ocrx_word' id='word_1_744' title='bbox 2894 4416 3153 4483; x_wconf 87' lang='lat' dir='ltr'>easdem</span> <span class='ocrx_word' id='word_1_745' title='bbox 3200 4416 3292 4483; x_wconf 88' lang='lat' dir='ltr'>illi</span> <span class='ocrx_word' id='word_1_746' title='bbox 3340 4438 3502 4500; x_wconf 84' lang='lat' dir='ltr'>quas</span> <span class='ocrx_word' id='word_1_747' title='bbox 3546 4416 3692 4481; x_wconf 90' lang='lat' dir='ltr'>aliis</span> <span class='ocrx_word' id='word_1_748' title='bbox 3751 4437 3992 4499; x_wconf 87' lang='lat' dir='ltr'>poenas</span> <span class='ocrx_word' id='word_1_749' title='bbox 4050 4417 4352 4483; x_wconf 87' lang='lat' dir='ltr'>minatus</span> <span class='ocrx_word' id='word_1_750' title='bbox 4411 4426 4525 4482; x_wconf 86' lang='lat' dir='ltr'>est.</span> <span class='ocrx_word' id='word_1_751' title='bbox 4601 4411 4752 4491; x_wconf 67' lang='lat' dir='ltr'>an‘</span> 
     </span>
     <span class='ocr_line' id='line_1_106' title="bbox 2895 4498 4747 4586; baseline -0.002 -18"><span class='ocrx_word' id='word_1_752' title='bbox 2895 4512 3037 4569; x_wconf 88' lang='lat' dir='ltr'>tum</span> <span class='ocrx_word' id='word_1_753' title='bbox 3083 4503 3286 4586; x_wconf 87' lang='lat' dir='ltr'>igitur</span> <span class='ocrx_word' id='word_1_754' title='bbox 3330 4512 3599 4585; x_wconf 88' lang='lat' dir='ltr'>apparet</span> <span class='ocrx_word' id='word_1_755' title='bbox 3644 4523 3783 4568; x_wconf 88' lang='lat' dir='ltr'>esse</span> <span class='ocrx_word' id='word_1_756' title='bbox 3817 4503 4156 4585; x_wconf 86' lang='lat' dir='ltr'>flagitium,</span> <span class='ocrx_word' id='word_1_757' title='bbox 4202 4513 4461 4586; x_wconf 86' lang='lat' dir='ltr'>quanta</span> <span class='ocrx_word' id='word_1_758' title='bbox 4503 4498 4747 4565; x_wconf 73' lang='lat' dir='ltr'>iniustim,</span> 
     </span>
     <span class='ocr_line' id='line_1_107' title="bbox 2898 4585 4744 4672; baseline -0.005 -18"><span class='ocrx_word' id='word_1_759' title='bbox 2898 4591 2950 4654; x_wconf 90' lang='lat' dir='ltr'>si</span> <span class='ocrx_word' id='word_1_760' title='bbox 3033 4590 3176 4672; x_wconf 89' lang='lat' dir='ltr'>quis</span> <span class='ocrx_word' id='word_1_761' title='bbox 3257 4586 3457 4653; x_wconf 87' lang='lat' dir='ltr'>iudex</span> <span class='ocrx_word' id='word_1_762' title='bbox 3535 4588 3888 4653; x_wconf 90' lang='lat' dir='ltr'>eorundem</span> <span class='ocrx_word' id='word_1_763' title='bbox 3970 4588 4326 4654; x_wconf 86' lang='lat' dir='ltr'>criminum</span> <span class='ocrx_word' id='word_1_764' title='bbox 4397 4585 4744 4655; x_wconf 79' lang='lat' dir='ltr'>convictorum</span> 
     </span>
     <span class='ocr_line' id='line_1_108' title="bbox 2898 4658 4744 4758; baseline -0.005 -19"><span class='ocrx_word' id='word_1_765' title='bbox 2898 4675 3094 4740; x_wconf 88' lang='lat' dir='ltr'>alium</span> <span class='ocrx_word' id='word_1_766' title='bbox 3146 4675 3337 4739; x_wconf 90' lang='lat' dir='ltr'>hodie</span> <span class='ocrx_word' id='word_1_767' title='bbox 3384 4675 3632 4757; x_wconf 88' lang='lat' dir='ltr'>puniat,</span> <span class='ocrx_word' id='word_1_768' title='bbox 3678 4695 3821 4739; x_wconf 89' lang='lat' dir='ltr'>eras</span> <span class='ocrx_word' id='word_1_769' title='bbox 3867 4674 4146 4739; x_wconf 88' lang='lat' dir='ltr'>alterum</span> <span class='ocrx_word' id='word_1_770' title='bbox 4186 4675 4466 4758; x_wconf 89' lang='lat' dir='ltr'>impune</span> <span class='ocrx_word' id='word_1_771' title='bbox 4509 4658 4744 4736; x_wconf 67' lang='lat' dir='ltr'>dimitat?</span> 
     </span>
     <span class='ocr_line' id='line_1_109' title="bbox 2895 4757 4752 4849; baseline -0.004 -22"><span class='ocrx_word' id='word_1_772' title='bbox 2895 4761 3133 4827; x_wconf 88' lang='lat' dir='ltr'>Nonne</span> <span class='ocrx_word' id='word_1_773' title='bbox 3176 4770 3275 4826; x_wconf 89' lang='lat' dir='ltr'>est</span> <span class='ocrx_word' id='word_1_774' title='bbox 3330 4762 3564 4844; x_wconf 89' lang='lat' dir='ltr'>ingens</span> <span class='ocrx_word' id='word_1_775' title='bbox 3608 4760 3736 4824; x_wconf 92' lang='lat' dir='ltr'>Dei</span> <span class='ocrx_word' id='word_1_776' title='bbox 3793 4760 3999 4843; x_wconf 87' lang='lat' dir='ltr'>ipsius</span> <span class='ocrx_word' id='word_1_777' title='bbox 4051 4760 4416 4844; x_wconf 88' lang='lat' dir='ltr'>legumque</span> <span class='ocrx_word' id='word_1_778' title='bbox 4472 4757 4752 4849; x_wconf 43' lang='lat' dir='ltr'>divinatam·</span> 
     </span>
     <span class='ocr_line' id='line_1_110' title="bbox 2897 4842 4752 4930; baseline -0.006 -17"><span class='ocrx_word' id='word_1_779' title='bbox 2897 4857 3336 4930; x_wconf 85' lang='lat' dir='ltr'>contemptus:</span> <span class='ocrx_word' id='word_1_780' title='bbox 3399 4867 3551 4911; x_wconf 90' lang='lat' dir='ltr'>nam</span> <span class='ocrx_word' id='word_1_781' title='bbox 3614 4868 3772 4912; x_wconf 88' lang='lat' dir='ltr'>sane</span> <span class='ocrx_word' id='word_1_782' title='bbox 3817 4847 3871 4910; x_wconf 90' lang='lat' dir='ltr'>si</span> <span class='ocrx_word' id='word_1_783' title='bbox 3916 4846 4025 4912; x_wconf 88' lang='lat' dir='ltr'>isti</span> <span class='ocrx_word' id='word_1_784' title='bbox 4069 4846 4379 4912; x_wconf 89' lang='lat' dir='ltr'>homines</span> <span class='ocrx_word' id='word_1_785' title='bbox 4424 4847 4579 4911; x_wconf 89' lang='lat' dir='ltr'>serio</span> <span class='ocrx_word' id='word_1_786' title='bbox 4617 4842 4752 4903; x_wconf 65' lang='lat' dir='ltr'>divim</span> 
     </span>
     <span class='ocr_line' id='line_1_111' title="bbox 2898 4915 4754 5016; baseline -0.004 -18"><span class='ocrx_word' id='word_1_787' title='bbox 2898 4933 3165 4998; x_wconf 91' lang='lat' dir='ltr'>honoris</span> <span class='ocrx_word' id='word_1_788' title='bbox 3224 4932 3438 4998; x_wconf 90' lang='lat' dir='ltr'>studio</span> <span class='ocrx_word' id='word_1_789' title='bbox 3510 4941 3576 4995; x_wconf 90' lang='lat' dir='ltr'>et</span> <span class='ocrx_word' id='word_1_790' title='bbox 3632 4931 3886 4996; x_wconf 81' lang='lat' dir='ltr'>fervore</span> <span class='ocrx_word' id='word_1_791' title='bbox 3939 4930 4347 4997; x_wconf 90' lang='lat' dir='ltr'>ducerentur</span> <span class='ocrx_word' id='word_1_792' title='bbox 4421 4929 4575 5016; x_wconf 89' lang='lat' dir='ltr'>quod</span> <span class='ocrx_word' id='word_1_793' title='bbox 4621 4915 4754 4991; x_wconf 60' lang='lat' dir='ltr'>semssl</span> 
     </span>
     <span class='ocr_line' id='line_1_112' title="bbox 2897 5012 4754 5105; baseline -0.006 -20"><span class='ocrx_word' id='word_1_794' title='bbox 2897 5020 3059 5085; x_wconf 89' lang='lat' dir='ltr'>bene</span> <span class='ocrx_word' id='word_1_795' title='bbox 3105 5020 3470 5102; x_wconf 86' lang='lat' dir='ltr'>coepissent</span> <span class='ocrx_word' id='word_1_796' title='bbox 3513 5018 3746 5083; x_wconf 87' lang='lat' dir='ltr'>melius</span> <span class='ocrx_word' id='word_1_797' title='bbox 3789 5018 3859 5082; x_wconf 91' lang='lat' dir='ltr'>in</span> <span class='ocrx_word' id='word_1_798' title='bbox 3900 5018 4037 5083; x_wconf 89' lang='lat' dir='ltr'>dies</span> <span class='ocrx_word' id='word_1_799' title='bbox 4055 5019 4476 5102; x_wconf 84' lang='lat' dir='ltr'>perficerent.</span> <span class='ocrx_word' id='word_1_800' title='bbox 4540 5012 4754 5105; x_wconf 63' lang='lat' dir='ltr'>Caveat(</span> 
     </span>
     <span class='ocr_line' id='line_1_113' title="bbox 2895 5103 4752 5189; baseline -0.003 -20"><span class='ocrx_word' id='word_1_801' title='bbox 2895 5105 3096 5189; x_wconf 86' lang='lat' dir='ltr'>igitur</span> <span class='ocrx_word' id='word_1_802' title='bbox 3155 5104 3301 5170; x_wconf 87' lang='lat' dir='ltr'>istis</span> <span class='ocrx_word' id='word_1_803' title='bbox 3363 5104 3682 5188; x_wconf 90' lang='lat' dir='ltr'>exemplis</span> <span class='ocrx_word' id='word_1_804' title='bbox 3738 5103 3983 5170; x_wconf 86' lang='lat' dir='ltr'>iudices</span> <span class='ocrx_word' id='word_1_805' title='bbox 4043 5126 4124 5169; x_wconf 91' lang='lat' dir='ltr'>ne</span> <span class='ocrx_word' id='word_1_806' title='bbox 4179 5104 4407 5171; x_wconf 88' lang='lat' dir='ltr'>simile</span> <span class='ocrx_word' id='word_1_807' title='bbox 4466 5103 4668 5169; x_wconf 85' lang='lat' dir='ltr'>crimen</span> <span class='ocrx_word' id='word_1_808' title='bbox 4709 5110 4752 5154; x_wconf 84' lang='lat'>¹1²</span> 
     </span>
     <span class='ocr_line' id='line_1_114' title="bbox 2896 5180 4757 5277; baseline -0.004 -21"><span class='ocrx_word' id='word_1_809' title='bbox 2896 5193 3017 5258; x_wconf 91' lang='lat' dir='ltr'>hoc</span> <span class='ocrx_word' id='word_1_810' title='bbox 3062 5189 3324 5275; x_wconf 87' lang='lat' dir='ltr'>quidem</span> <span class='ocrx_word' id='word_1_811' title='bbox 3373 5192 3669 5274; x_wconf 90' lang='lat' dir='ltr'>puniant,</span> <span class='ocrx_word' id='word_1_812' title='bbox 3729 5191 3797 5254; x_wconf 94' lang='lat' dir='ltr'>in</span> <span class='ocrx_word' id='word_1_813' title='bbox 3839 5191 3950 5257; x_wconf 89' lang='lat' dir='ltr'>illo</span> <span class='ocrx_word' id='word_1_814' title='bbox 3995 5211 4151 5256; x_wconf 89' lang='lat' dir='ltr'>vero</span> <span class='ocrx_word' id='word_1_815' title='bbox 4192 5191 4584 5277; x_wconf 85' lang='lat' dir='ltr'>impunitum</span> <span class='ocrx_word' id='word_1_816' title='bbox 4619 5180 4757 5249; x_wconf 82' lang='lat' dir='ltr'>relin-</span> 
     </span>
    </p>
   </div>
   <div class='ocr_carea' id='block_1_5' title="bbox 4869 465 4887 5022">
    <p class='ocr_par' dir='ltr' id='par_1_6' title="bbox 4869 465 4887 5022">
     <span class='ocr_line' id='line_1_115' title="bbox 4869 465 4887 5022; baseline 0 0"><span class='ocrx_word' id='word_1_817' title='bbox 4869 465 4887 5022; x_wconf 95' lang='lat' dir='ltr'> </span> 
     </span>
    </p>
   </div>
  </div>
 </body>
</html>
