5059 6059
833 327 963 395 403

841 540 1001 586 num
1041 532 1504 601 argumentum
1544 514 1859 581 habemus
1901 536 2019 582 nos
2055 522 2222 582 totos
2259 514 2340 581 ad
2362 514 2490 581 Dei
2535 515 2782 580 cultum

839 602 1242 689 applicandi,
1328 601 1635 667 fiduciam
1702 610 1995 666 nostram
2062 601 2131 665 in
2200 602 2340 685 ipso
2404 598 2784 679 collocandi,

838 692 1056 776 ipsum
1114 689 1185 751 in
1243 688 1442 753 rebus
1487 687 1786 772 angustis
1828 686 2199 768 invocandi,
2245 695 2312 752 et
2351 687 2573 751 omnia
2614 684 2787 752 bona

839 777 921 842 ab
1001 773 1209 859 ipsius
1273 773 1562 858 gratuita
1625 772 1916 839 bonitate
1982 791 2292 852 manare,
2367 771 2783 856 agnoscendi.

837 862 1182 945 Magnum,
1237 858 1531 942 inquam,
1576 867 2040 943 argumentum
2086 857 2384 925 homines
2427 856 2671 922 habent
2711 857 2784 923 in

840 944 1384 1096 contemdplatione
1428 944 1801 1010 divinorum
1844 964 2110 1028 operum
2158 945 2376 1028 ipsum
2408 944 2626 1009 Deum
2670 964 2782 1028 ag-

831 1053 1072 1099 noscen
1119 1032 1162 1109 i,
1229 1038 1296 1096 et
1338 1031 1640 1114 precibus
1684 1030 2073 1114 solicitandi,
2146 1050 2349 1113 quum
2397 1029 2779 1113 praesertim

830 1120 1035 1205 ipsius
1101 1118 1431 1202 potentiae
1497 1123 1565 1180 et
1629 1114 1936 1181 bonitatis
1996 1126 2131 1180 tam
2191 1114 2399 1181 multa
2455 1116 2525 1179 in
2589 1114 2782 1180 rebus

832 1202 1135 1272 omnibus
1194 1203 1432 1269 creatis
1489 1210 1849 1352 appareant
1905 1202 2321 1267 testimonia:
2380 1221 2607 1265 verum
2664 1201 2779 1265 ho-

833 1292 1048 1356 mines
1124 1290 1193 1354 in
1273 1288 1416 1355 istis
1490 1308 1536 1371 p
1564 1308 1687 1353 ane
1752 1287 2154 1353 caecutiunt:
2221 1288 2333 1369 qui
2399 1285 2530 1350 Dei
2593 1286 2781 1351 bonis

835 1377 1263 1443 vehementer
1320 1374 1400 1439 ad
1460 1394 1720 1439 omnem
1781 1373 2355 1455 intemperantiam
2399 1372 2780 1448 abutuntur,

834 1473 902 1529 et
955 1462 1250 1545 ipsorum
1307 1470 1601 1526 autorem
1663 1478 1796 1523 non
1858 1467 2242 1542 agnoscunt,
2306 1457 2419 1523 sed
2465 1477 2597 1540 quo
2644 1458 2771 1540 plu-

832 1548 1018 1614 ribus
1063 1546 1249 1613 bonis
1292 1544 1652 1628 replentur,
1697 1564 1774 1609 eo
1817 1544 2132 1608 maiorem
2176 1542 2383 1608 animi
2426 1544 2776 1627 ingratitu-

834 1634 1051 1699 dinem
1114 1631 1555 1713 maioremque
1611 1629 1992 1696 caecitatem
2029 1650 2211 1693 suam
2250 1628 2571 1713 produnt:
2610 1629 2781 1695 hanc

829 1720 1037 1803 igitur
1078 1717 1159 1782 ob
1204 1736 1467 1783 causam
1513 1715 1762 1781 Paulus
1807 1714 1982 1794 dicit,
2044 1716 2194 1797 quia
2238 1715 2308 1779 in
2352 1715 2478 1780 Dei
2523 1718 2776 1797 sapien·

829 1806 924 1869 tia
989 1804 1203 1869 Deum
1274 1823 1403 1867 non
1470 1823 1543 1867 co
1593 1801 1781 1866 novit
1845 1800 2130 1866 mundus
2188 1820 2305 1882 per
2369 1800 2778 1882 sapientiam,

829 1889 1154 1974 placuisse
1177 1887 1321 1953 Deo
1359 1908 1477 1971 per
1582 1888 1705 1951 ‘am
1755 1888 2092 1965 rationem,
2136 1905 2375 1968 nempe
2419 1907 2537 1970 per
2580 1906 2779 1952 evan·

830 1974 985 2060 gelii
1050 1972 1599 2057 praedicationem
1662 1971 1882 2038 salvos
1952 1974 2164 2038 facere
2227 1971 2602 2038 credentes:
2668 1970 2782 2038 sed

828 2062 956 2127 hoc
1003 2058 1420 2143 evangelium
1464 2059 1559 2123 ait
1602 2079 1744 2124 esse
1786 2057 2160 2123 stultitiam.

1000 2145 1147 2211 Hoc
1205 2145 1418 2227 ipsum
1475 2145 1605 2209 iam
1666 2145 1733 2209 in
1776 2143 1907 2210 isto
1954 2142 2234 2209 Davidis
2276 2145 2443 2209 facto
2488 2142 2642 2211 licet
2684 2146 2784 2208 in·

832 2231 1023 2312 tueri,
1124 2230 1193 2295 ui
1251 2230 1522 2295 Domini
1586 2232 1792 2294 nostri
1851 2228 2002 2294 Iesu
2047 2228 2299 2294 Christi
2360 2230 2573 2312 figura
2628 2231 2780 2296 fuit:

831 2338 986 2384 nam
1031 2317 1084 2381 ri
1136 2314 1377 2382 iculum
1424 2325 1566 2380 erat
1599 2313 1925 2379 Davidem
1973 2314 2296 2380 insaniam
2341 2316 2669 2396 simulare,
2712 2317 2781 2380 in

833 2403 1102 2468 barbam
1161 2423 1277 2467 exs
1327 2422 1496 2481 uere,
1554 2400 1960 2484 despumare,
2022 2415 2090 2465 et
2133 2401 2200 2464 in
2244 2400 2513 2467 brachia
2557 2423 2782 2467 eorum

834 2486 1065 2555 collabi
1102 2506 1141 2551 a
1175 2488 1283 2569 qui
1333 2508 1410 2552 us
1447 2486 1826 2563 ducebatur,
1873 2498 1936 2550 et
1982 2486 2346 2570 impingere
2392 2487 2459 2551 in
2505 2487 2676 2553 ostia
2717 2496 2784 2552 et

835 2574 1151 2658 parietes:
1211 2572 1326 2639 sed
1385 2571 1813 2637 nihilominus
1858 2581 2074 2636 tamen
2121 2570 2306 2638 Deus
2353 2573 2523 2638 banc
2564 2574 2781 2657 ipsum

839 2657 1149 2726 servandi
1194 2658 1515 2723 rationem
1560 2659 1738 2741 sequi
1787 2656 2027 2722 voluit:
2074 2670 2139 2721 et
2183 2678 2340 2723 sane
2363 2657 2581 2724 David
2630 2658 2783 2723 inde

838 2745 1190 2822 liberatus,
1263 2743 1409 2808 Deo
1467 2752 1601 2808 tam
1656 2742 1981 2826 insignem
2042 2743 2400 2827 gratiarum
2464 2745 2781 2810 actionem

841 2853 878 2898 e
926 2832 995 2912 it,
1034 2837 1112 2893 ut
1138 2849 1519 2912 persuasum
1556 2829 1745 2893 nobis
1780 2849 1921 2893 esse
1956 2827 2184 2893 debeat
2207 2827 2425 2894 Deum
2465 2830 2589 2894 hoc
2624 2851 2785 2911 opus

842 2918 900 2983 si
946 2916 969 2980 i
1044 2914 1248 2980 tribui
1306 2914 1606 2981 voluisse.
1703 2913 1871 2979 Nam
1936 2913 2236 2979 Psalmus
2292 2914 2379 2979 34
2432 2935 2471 2978 a
2525 2914 2785 2979 Davide

843 3012 943 3069 est
978 3000 1376 3084 compositus
1412 3020 1486 3066 eo
1522 3001 1671 3077 fine,
1715 3009 1790 3064 ut
1826 2998 2039 3082 palam
2078 3002 2493 3083 profiteretur
2536 3022 2607 3066 se
2651 3023 2784 3065 non

841 3087 1169 3156 industria
1205 3106 1345 3167 sua,
1389 3086 1502 3153 sed
1547 3086 1741 3153 unius
1765 3083 1894 3149 Dei
1939 3084 2189 3151 auxilio
2232 3086 2429 3152 fuisse
2472 3108 2554 3151 ex
2600 3096 2785 3152 tanto

845 3174 1243 3253 discrimine,
1299 3182 1368 3238 et
1422 3172 1582 3257 ipsis
1639 3171 1873 3237 mortis
1926 3171 2222 3237 faucibus
2266 3182 2584 3255 ereptum.
2687 3174 2785 3238 Ac

842 3280 1001 3327 sane
1060 3259 1130 3323 ni
1174 3279 1282 3324 res
1326 3258 1421 3325 sic
1462 3278 1533 3324 se
1575 3257 1864 3334 haberet,
1924 3278 2059 3321 uon
2104 3264 2240 3321 tam
2287 3268 2552 3343 repente
2594 3258 2784 3323 illum

842 3345 1050 3412 Achis
1099 3365 1139 3409 a
1182 3365 1253 3409 se
1298 3343 1684 3410 dimisisset:
1744 3341 1857 3407 sed
1902 3343 1966 3406 in
2014 3342 2274 3409 vincula
2315 3345 2534 3427 potius
2577 3345 2788 3409 conie-

847 3434 1073 3510 cisset,
1129 3430 1544 3515 spatiumque
1597 3429 1894 3493 insaniae
1950 3428 2353 3512 detegendae
2410 3432 2787 3513 accepisset.

849 3515 981 3584 Sed
1039 3518 1222 3582 Deus
1279 3516 1483 3599 ipsius
1539 3514 1758 3581 oculos
1815 3513 1909 3578 sic
1967 3514 2372 3595 excaecavit,
2436 3524 2510 3581 ut
2566 3518 2786 3582 statim

847 3608 1191 3685 conspecto
1213 3599 1489 3680 Davide,
1525 3600 1848 3665 insaniam
1871 3598 2237 3679 simulante,
2275 3601 2360 3665 sit
2388 3601 2788 3685 indignatus,

846 3706 1126 3769 eumque
1179 3686 1515 3763 dimiserit,
1574 3706 1725 3750 suos
1780 3685 2144 3769 increpans,
2196 3706 2394 3768 quare
2455 3687 2785 3752 hominem

848 3775 1153 3838 insanum
1210 3781 1277 3835 et
1335 3771 1650 3836 furiosum
1709 3769 1789 3834 ad
1845 3791 1915 3836 se
1974 3769 2415 3838 adduxissent.
2509 3771 2661 3853 Qua
2716 3773 2787 3838 in

849 3880 923 3924 re
978 3857 1316 3922 manifesta
1360 3854 1485 3921 Dei
1542 3854 1958 3940 providentia
2014 3865 2320 3939 apparet,
2383 3866 2457 3923 ut
2516 3879 2649 3923 non
2704 3860 2789 3924 sit

851 3942 1121 4008 dubium
1180 3943 1334 4024 quin
1380 3942 1567 4007 Deus
1611 3951 1940 4026 stuporem
1986 3943 2185 4009 animi
2231 3964 2301 4007 re
2351 3944 2369 4006 i
2415 3941 2622 4009 Achis
2665 3944 2788 4009 im-

849 4027 1120 4106 miserit,
1200 4026 1652 4110 Davidemque
1723 4049 1804 4092 ex
1860 4026 2066 4111 ipsius
2122 4028 2299 4093 mani
2345 4050 2422 4094 us
2478 4040 2785 4112 tanquam

849 4137 931 4181 ex
990 4133 1295 4180 ursorum
1353 4121 1468 4177 aut
1526 4112 1783 4178 leonum
1839 4111 2170 4197 unguibus
2225 4114 2574 4198 eripuerit:
2635 4136 2786 4180 nam

850 4199 1040 4285 quale
1097 4208 1403 4282 putamus
1458 4198 1679 4264 odium
1721 4198 1920 4264 totius
1964 4198 2188 4283 populi
2237 4199 2553 4266 adversus
2597 4200 2784 4266 illum

849 4287 1070 4360 fuisse,
1127 4304 1319 4368 quam
1381 4284 1666 4350 infensos
1718 4284 1817 4348 illi
1860 4285 2253 4351 Philistaeos
2297 4285 2377 4349 ad
2425 4286 2787 4352 vindictam

851 4371 1189 4447 exarsisse,
1234 4377 1310 4436 ut
1331 4368 1590 4435 Davide
1625 4369 1882 4436 sublato
1913 4371 2033 4438 sibi
2080 4371 2291 4438 felicia
2334 4373 2554 4437 omnia
2597 4373 2785 4456 polli-

848 4455 1166 4524 ceantur?
1244 4455 1719 4521 Verumtamen
1764 4477 2145 4540 quocunque
2190 4457 2340 4522 odio
2385 4457 2678 4537 ardeant,
2723 4468 2789 4524 et

850 4551 1354 4627 quantocunque
1435 4541 1751 4608 adversus
1818 4542 2034 4624 ipsum
2098 4542 2316 4609 furore
2381 4553 2784 4621 exaestuent,

850 4628 1241 4695 miraculose
1296 4635 1525 4694 contra
1574 4626 1863 4691 omnium
1912 4647 2092 4710 spem
2133 4636 2202 4693 et
2238 4630 2787 4711 exspectationem

853 4715 1200 4780 incolumis
1235 4734 1317 4779 ex
1354 4714 1641 4797 ipsorum
1678 4711 1981 4777 manibus
2024 4714 2263 4779 evasit:
2308 4714 2483 4797 quod
2528 4725 2787 4780 tantum

850 4798 978 4866 Dei
1033 4799 1416 4867 beneficium
1460 4798 1679 4864 David
1724 4817 2085 4881 agnoscens
2125 4811 2510 4882 perpetuum
2557 4822 2785 4866 monu-

851 4893 1148 4950 mentum
1203 4885 1381 4950 illius
1430 4885 1500 4949 in
1561 4885 1828 4953 ecclesia
1886 4883 2101 4949 voluit
2152 4896 2431 4963 exstare,
2491 4906 2619 4969 quo
2660 4886 2786 4952 Dei

853 4972 1049 5037 unius
1112 4971 1332 5037 favore
1398 4980 1464 5035 et
1527 4972 1815 5053 potentia
1879 4991 1959 5034 ex
2026 4969 2395 5035 imminenti
2452 4981 2662 5038 morte
2718 4993 2789 5053 se

854 5055 1198 5122 liberatum
1252 5057 1467 5140 palam
1526 5058 1962 5140 profiteretur.
2040 5054 2324 5138 Ideoque
2369 5056 2633 5122 Psalmo
2689 5057 2787 5122 illi

858 5141 1124 5207 titulum
1166 5142 1350 5209 fecit:
1394 5141 1644 5209 Davidi
1685 5162 1878 5224 quum
1919 5142 2277 5208 immutavit
2316 5142 2557 5208 vultum
2598 5164 2788 5208 suum

856 5246 1072 5300 coram
1125 5227 1504 5311 Abimelech,
1571 5233 1627 5294 et
1681 5229 1925 5295 dimisit
1977 5247 2139 5308 eunt,
2195 5232 2250 5293 et
2304 5227 2475 5294 abiit.
2581 5229 2786 5295 Porro

2397 323 2811 393 HOMILIA
2855 323 3252 392 LXXVIII.
4653 327 4734 392 404

2886 534 3128 579 nomen
3163 514 3336 580 istud
3361 513 3564 580 Achis
3600 534 3943 581 commune
3974 515 4101 580 fuit
4143 515 4409 598 regibus
4428 513 4737 580 Philistum-

2886 621 3068 665 rum:
3149 599 3692 683 quemadmodum
3774 600 4137 666 Abrahami
4219 610 4510 683 tempore
4574 622 4742 666 nomen

2887 685 3312 753 Achimelech
3376 687 3640 770 regibus
3707 685 4104 752 Cananaeis:
4169 685 4341 769 quod
4405 704 4621 751 nomen
4663 688 4743 751 fuit

2886 771 3354 837 honorificum:
3408 770 3580 855 quod
3638 792 3714 836 eo
3758 772 4146 837 docerentur
4189 792 4377 855 reges
4446 791 4568 835 non
4620 791 4744 837 exer·

2885 877 3031 922 cere
3075 858 3544 935 crudelitatem,
3591 878 3799 940 neque
3844 858 4218 922 violentiam
4267 859 4332 921 in
4379 856 4663 937 subditos,
4694 858 4746 922 sd

2886 963 2994 1008 eos
3045 942 3535 1026 opprimendos:
3597 944 3707 1007 sed
3755 951 3973 1027 patres
4019 943 4402 1026 populorum
4452 962 4582 1006 esse
4616 962 4749 1025 opor·

2887 1040 3042 1106 tere,
3090 1050 3248 1111 quos
3286 1041 3589 1111 regerent
3627 1040 3703 1093 ut
3747 1040 3967 1111 patres
4016 1028 4271 1095 liberos.
4341 1029 4579 1092 Eadem
4635 1031 4750 1093 ratic

2886 1114 3007 1179 fuit
3052 1115 3335 1182 nominis
3358 1114 3720 1181 Pharaonis
3764 1115 3935 1197 apud
3986 1117 4365 1199 Aegyptios,
4407 1112 4570 1196 quod
4608 1116 4754 1177 omui·

2887 1201 3005 1266 bus
3052 1200 3312 1284 regibus
3356 1201 3479 1265 fuit
3520 1220 3882 1265 commune.
3950 1201 4154 1265 Porro
4175 1199 4396 1265 David
4444 1221 4521 1264 eo
4558 1199 4757 1264 Psalmo

2885 1287 3245 1367 profitetur,
3281 1307 3352 1352 se
3374 1285 3732 1350 Dominum
3773 1285 3943 1350 velle
3978 1286 4045 1349 in
4083 1286 4261 1351 omni
4299 1294 4584 1367 tempore
4620 1286 4756 1349 bene·

2884 1372 3128 1448 dicere,
3209 1371 3589 1454 laudemque
3652 1371 3857 1455 ipsius
3922 1391 4177 1454 semper
4239 1371 4309 1436 in
4377 1391 4496 1435 ore
4556 1369 4759 1434 habere:

2883 1457 3070 1523 cuius
3106 1457 3455 1522 bonitatem
3495 1458 3561 1521 in
3597 1457 3869 1522 summis
3913 1457 4235 1541 angustiis
4280 1465 4589 1539 expertus
4625 1470 4761 1521 esset

2884 1542 3137 1624 Quibus
3182 1544 3402 1608 verbis
3445 1541 3665 1609 David
3710 1543 4091 1608 nominatim
4138 1543 4333 1608 istam
4377 1542 4761 1608 liberationem

2884 1629 3025 1693 Deo
3083 1627 3331 1708 tribuit,
3393 1630 3580 1694 cuius
3637 1632 3806 1694 ratio
3868 1642 4088 1692 tamen
4141 1628 4423 1694 ridicula
4471 1626 4766 1702 videbatur,

2885 1724 2951 1778 et
3022 1716 3320 1780 meminit
3378 1716 3576 1780 etiam
3637 1734 3715 1780 eo
3774 1715 4036 1779 Psalmo
4091 1714 4286 1780 famis
4345 1732 4544 1801 quam
4596 1732 4766 1796 passus

2883 1812 3042 1865 erat.
3128 1799 3361 1884 Neque
3418 1800 3591 1865 enim
3653 1801 3769 1867 abs
3811 1821 3884 1865 re
3927 1799 4083 1866 dicit
4125 1800 4349 1865 leones
4394 1818 4589 1881 saepe
4626 1799 4770 1862 fame·

2884 1884 3041 1952 licos
3099 1906 3261 1968 esse,
3293 1897 3383 1952 ‚et
3439 1884 3745 1969 praedam
3789 1907 3919 1951 non
3966 1885 4262 1952 invenire
4306 1886 4662 1968 rugientes:
4693 1881 4769 1946 sed

2884 1971 3102 2037 Deum
3138 1972 3533 2038 timentibus
3560 1971 3725 2035 nihil
3764 1990 4051 2055 unquam
4098 1970 4337 2037 defore.
4410 1968 4589 2036 Sane
4606 1968 4773 2033 Darii

2885 2057 3123 2123 famem
3183 2059 3471 2142 aliquam
3526 2077 3755 2141 passus
3811 2067 3970 2133 erat,
4027 2077 4229 2141 quum
4273 2054 4513 2122 nullibi
4557 2054 4651 2119 vel
4686 2055 4776 2117 fru-

2886 2151 3061 2208 stum
3120 2145 3309 2227 panis
3370 2144 3491 2208 nisi
3552 2140 4040 2209 in'sanctuario
4083 2143 4296 2226 potuit
4338 2140 4654 2224 reperire:
4698 2137 4779 2203 sed

2888 2229 2951 2293 in
2998 2249 3075 2293 eo
3120 2238 3342 2295 tamen
3381 2227 3509 2294 Dei
3552 2230 3739 2294 favor
3781 2228 4104 2312 apparuit,
4150 2226 4323 2311 quod
4368 2226 4779 2310 propositionis

2888 2333 3110 2398 panes,
3169 2315 3313 2381 Deo
3369 2313 3595 2390 dicati,
3654 2324 3808 2381 sunt
3866 2313 3962 2379 illi
4016 2323 4293 2398 urgente
4350 2314 4530 2377 fame
4586 2309 4779 2375 traditi.
4888 2312 4889 2317 ’

2888 2400 3060 2467 Hinc
3110 2401 3333 2484 itaque
3377 2400 3701 2467 discamus
3744 2399 3872 2466 Dei
3915 2421 4071 2484 erga
4114 2420 4236 2465 nos
4279 2399 4623 2463 benefacta
4662 2396 4781 2459 tanti

2886 2486 3099 2551 facere
3156 2487 3382 2569 quanti
3428 2485 3765 2552 debemus:
3831 2506 3980 2550 nam
4027 2506 4153 2567 quo
4198 2483 4616 2568 gravioribus
4654 2480 4779 2564 peri·

2888 2571 3049 2637 culis
3084 2580 3149 2636 et
3184 2572 3668 2656 urgentioribus
3710 2571 4201 2642 necessitatibus
4267 2569 4568 2652 undique
4628 2568 4785 2663 prouti

2888 2657 3274 2739 videbimur,
3333 2658 3388 2723 si
3432 2656 3616 2723 Deus
3652 2657 3967 2722 auxilium
4028 2655 4486 2722 laborantibus
4531 2651 4785 2727 attalem,

2889 2763 2966 2807 eo
3018 2744 3231 2809 maius
3289 2754 3600 2826 paternae
3657 2744 3865 2826 ipsius
3907 2763 4102 2808 curae
4147 2742 4601 2807 testimonium
4641 2736 4789 2802 babe-
4892 2816 4893 2821 ἵ

2892 2828 3122 2908 bimus,
3176 2846 3302 2912 quo
3359 2829 3440 2894 ad
3499 2829 3712 2913 ipsum
3765 2829 3979 2913 dignis
4021 2828 4325 2893 laudibus
4369 2824 4789 2892 celebrandum
4892 2892 4893 2913 ἲ

2888 2914 3099 2997 magis
3155 2934 3230 2981 ac
3287 2914 3499 2998 magis
3551 2915 3931 2981 excitemur.
4022 2911 4157 2980 Sed
4199 2922 4457 2997 quanta
4500 2911 4790 2976 hominum

2889 3011 2991 3064 est
3046 3000 3481 3084 ingratitudo:
3546 3021 3698 3066 nam
3758 3000 4134 3065 ambitiosos
4177 2999 4509 3076 homines,
4570 3010 4635 3061 et
4672 2994 4793 3058 alios

2889 3085 3233 3168 opulentos
3292 3087 3489 3162 viros,
3547 3107 3823 3169 quorum
3863 3107 4131 3151 mensae
4174 3084 4505 3150 bonorum
4552 3081 4793 3148 omnium

2888 3171 3146 3254 plenae.
3179 3183 3366 3252 sunt,
3425 3173 3585 3238 adeo
3636 3173 3929 3257 ingratos
3983 3171 4226 3249 videas,
4289 3180 4369 3234 ut
4428 3170 4652 3234 Deum
4701 3184 4795 3229 non

2890 3267 3247 3342 agnoscant
3324 3268 3547 3324 suum'
3584 3259 3936 3324 nutricium
4004 3278 4124 3323 nec
4189 3255 4523 3322 bonorum
4592 3252 4795 3334 copiam

2891 3355 3224 3426 acceptam
3259 3345 3385 3427 ipsi
3417 3345 3647 3410 ferant.
3717 3343 4161 3426 Quamobrem
4204 3341 4531 3408 obsecro?
4600 3340 4799 3416 Nempe

2889 3430 3197 3512 quoniam
3244 3430 3464 3496 oculos
3509 3429 3685 3496 ultra
3727 3450 3879 3494 suas
3916 3428 4181 3494 divitias
4226 3448 4360 3493 non
4411 3427 4717 3500 evehunt,
4755 3436 4799 3483 a

2889 3516 2958 3579 in
2996 3514 3183 3581 bonis
3220 3536 3295 3580 ac
3329 3514 3747 3582 facultatibus
3783 3516 3920 3581 suis
3950 3515 4472 3597 conquiescunt:
4512 3511 4623 3578 sed
4648 3526 4801 3593 quum
4894 3542 4895 3551 κ

2889 3600 3075 3666 Deus
3140 3602 3209 3666 in
3275 3601 3423 3668 illas
3488 3601 3906 3668 difficultates
3965 3620 4086 3665 nos
4142 3599 4441 3679 coniicit,
4516 3620 4552 3663 e
4615 3596 4801 3679 quibus

2892 3686 3073 3751 nulla
3108 3697 3208 3753 est
3240 3708 3388 3772 spes
3423 3686 3761 3764 evadendi,
3809 3696 3947 3752 tum
3984 3686 4092 3752 vel
4136 3686 4393 3751 invitos
4442 3686 4619 3765 cogit
4659 3681 4729 3746 ad
4758 3698 4807 3741 oe

2892 3773 3108 3856 ipsum
3145 3794 3507 3858 assurgere,
3553 3784 3619 3839 et
3654 3794 3726 3837 re
3761 3773 3902 3855 ipsa
3938 3791 4294 3856 agnoscere
4333 3791 4413 3837 se
4462 3791 4505 3836 a
4530 3771 4670 3833 Deo
4706 3762 4807 3830 solo

2892 3858 3097 3923 foveri
3152 3868 3220 3924 et
3274 3858 3532 3924 nutriri.
3621 3857 3844 3939 Quare
3907 3858 4181 3922 nimium
4229 3858 4492 3941 ingrati
4538 3862 4691 3921 sunt
4725 3852 4809 3916 bo-

2891 3945 3134 4024 mines,
3194 3945 3321 4010 nisi
3377 3953 3632 4009 tantum
3691 3943 3819 4007 Dei
3879 3942 4271 4009 boneficium
4336 3952 4719 4027 agnoscant*
4762 3950 4807 3998 0‘

2891 4029 3139 4095 nullam
3163 4030 3573 4114 ignorantiae
3603 4030 4089 4095 excusationem
4126 4038 4533 4112 praetexere
4558 4036 4803 4111 poesunt

2889 4137 3088 4198 quum
3114 4114 3297 4180 Deus
3332 4125 3429 4180 tot
3464 4116 3815 4181 benefactis
3851 4126 4190 4198 paternam
4237 4135 4439 4179 suam
4493 4113 4803 4178 bonitatem

2889 4201 3092 4267 nobis·
3120 4202 3480 4284 patefaciat,
3526 4222 3721 4284 quam
3768 4201 3892 4267 nisi
3938 4212 4301 4286 agnoscant
4345 4203 4603 4266 merito
4646 4194 4806 4261 rebel·

2890 4285 3079 4352 lionis
3137 4294 3202 4351 et
3259 4290 3704 4354 contumaciae
3771 4296 4160 4353 accusantur
4203 4298 4272 4352 et
4317 4292 4422 4352 rei
4473 4296 4652 4351 sunt.
4729 4279 4809 4345 Sto

2888 4372 3166 4456 exempli
3241 4373 3482 4457 gratia,
3557 4374 3614 4438 si
3687 4373 4128 4457 peregrinanti
4188 4370 4380 4438 nulla
4443 4371 4679 4436 domus
4724 4383 4807 4447 pet

2890 4459 3159 4543 longum
3226 4466 3481 4542 tempus
3547 4460 3932 4538 occurrerit,
3991 4460 4058 4523 in
4126 4479 4325 4542 quam
4392 4458 4714 4532 divertat,
4762 4460 4807 4513 εἰ

2889 4543 3121 4610 deinde
3185 4563 3339 4610 casu
3404 4544 3474 4609 in
3542 4546 3879 4628 tugurium
3949 4544 4212 4627 aliquod
4272 4544 4547 4609 incidat
4601 4543 4667 4605 in
4712 4554 4806 4617 quo

2890 4630 3361 4695 humanissime
3421 4631 3783 4713 recipiatur,
3840 4630 4127 4713 profecto
4186 4630 4317 4696 nisi
4363 4629 4581 4713 plane
4622 4638 4808 4693 suem

2890 4725 2991 4782 est
3034 4716 3160 4782 Dei
3219 4715 3526 4782 beneficio
3584 4725 3649 4780 et
3705 4719 3927 4781 favore
3970 4725 4230 4781 tantum
4277 4716 4413 4781 sibi
4468 4710 4803 4802 beneficiam

2887 4801 3237 4887 contigisse
3291 4802 3634 4867 fatebitur:
3691 4803 3863 4885 quod
3920 4803 4039 4867 etsi
4085 4800 4500 4867 beneficium
4547 4812 4805 4865 memora

2891 4888 3111 4953 statim
3156 4888 3398 4965 effluat,
3444 4896 3666 4953 tamen
3711 4886 4190 4954 inexcusabiles
4233 4906 4473 4954 coram
4520 4888 4661 4952 Deo
4696 4878 4805 4976 retl-

2889 4972 3133 5039 duntur
3171 4974 3484 5053 homines,
3530 4995 3690 5058 quos
3725 4972 4095 5040 laborantes
4132 4982 4273 5038 tam
4316 4970 4804 5061 extraordinmf

2889 5060 3141 5126 ratione
3195 5060 3381 5125 iuvit.
3469 5058 3718 5126 Contra
3774 5080 3935 5125 vero
3993 5059 4102 5126 hic
4155 5057 4407 5137 David,
4476 5080 4669 5143 quem
4714 5055 4801 5119 sih

2889 5145 3265 5213 satisfacere
3341 5165 3469 5210 non
3537 5166 3724 5229 posse
3789 5145 3856 5210 in
3923 5143 4049 5209 Dei
4115 5145 4331 5229 gratia
4405 5137 4799 5230 prandimnds

2890 5230 3190 5298 videmus
3227 5230 3395 5316 quod
3434 5230 3729 5298 famelico
3765 5250 4000 5315 panem
4038 5228 4349 5309 dedisset,
4400 5232 4583 5298 unde
4618 5228 4799 5297 mmo
