5059 6059
807 333 934 402 56⁷

811 525 1006 591 varia
1057 534 1158 591 est
1201 525 1554 592 affectuum
1599 526 1772 592 ratio
1816 526 2052 611 quibus
2093 525 2166 591 in
2212 525 2386 592 hanc
2427 537 2546 592 aut
2585 524 2770 591 illam

813 621 1072 696 partem
1115 611 1501 694 propendet.
1568 611 1830 678 Deinde
1869 632 1948 678 ea
1989 625 2092 678 est
2133 612 2332 679 etiam
2377 612 2771 695 ignorantia,

814 705 890 762 ut
922 714 1093 778 quae
1135 698 1549 764 extrinsecus
1594 709 1918 784 apparent
1959 707 2224 763 tantum
2269 697 2772 775 animadvertat,

815 801 946 847 non
1004 802 1083 847 ea
1122 802 1293 865 quae
1335 782 1408 848 in
1451 783 1669 851 cordis
1711 782 2157 869 penetralibus
2201 782 2434 849 latent.
2519 781 2774 848 Idcirco

813 865 991 933 levia
1050 867 1376 952 quaedam
1433 869 1599 936 vitia
1658 870 1958 937 homines
2018 867 2577 946 animadvertunt,
2637 888 2772 934 non

813 961 1037 1019 autem
1117 973 1287 1037 quae
1362 954 1435 1020 in
1503 954 1697 1022 corde
1762 956 1973 1021 latent
2033 957 2327 1020 maxima
2389 965 2458 1021 et
2523 955 2772 1038 gravia.

814 1037 1041 1119 Quare
1098 1040 1157 1105 si
1215 1049 1470 1107 rectum
1529 1039 1611 1108 de
1668 1041 1853 1108 vitiis
1904 1039 2221 1107 iudicium
2280 1041 2488 1125 ferre,
2559 1041 2618 1105 si
2640 1071 2657 1088 ·
2693 1038 2775 1104 de

813 1132 1014 1191 recto‘
1061 1139 1131 1191 et
1192 1145 1402 1210 pravo
1468 1126 1725 1193 s‘incere
1790 1126 2081 1195 iudicare
2147 1124 2470 1204 volumus,
2539 1146 2625 1190 ne
2691 1125 2775 1191 ad

814 1220 1110 1277 nostram
1169 1211 1483 1278 amussim
1503 1263 1518 1292 ,
1586 1212 1655 1278 id
1713 1224 1815 1280 est
1870 1213 1954 1278 ad
2013 1213 2381 1277 humanum
2434 1210 2775 1290 iudicium,

814 1315 933 1363 seu
965 1298 1184 1382 potius
1218 1297 1610 1381 opinionem,
1654 1299 1768 1364 sed
1812 1299 1896 1366 ad
1933 1297 2065 1365 Dei
2111 1297 2423 1365 iudicium
2466 1307 2538 1363 et
2576 1316 2774 1382 regu-

814 1381 951 1447 lam
1026 1383 1391 1474 exigamus.
1499 1385 1733 1468 Neque
1794 1405 1953 1452 vero
2015 1382 2531 1468 exspectandum
2597 1393 2669 1448 ut
2734 1401 2775 1447 a

815 1467 1015 1534 coelis
1057 1466 1243 1534 Deus
1300 1469 1655 1536 descendat
1712 1491 1908 1537 suum
1966 1469 2284 1537 iudicium
2330 1468 2516 1535 nobie
2560 1468 2774 1533 forma

815 1551 1060 1621 visibili
1085 1554 1569 1638 patefacturus:
1613 1556 1971 1640 scripturas
1993 1557 2169 1623 enim
2193 1555 2509 1621 habemus
2531 1574 2773 1633 sacras,

815 1658 903 1706 ex
961 1639 1197 1722 quibus
1256 1659 1426 1723 quae
1484 1642 1645 1708 vitia
1703 1640 1852 1708 Deo
1908 1642 2042 1709 sint
2095 1640 2569 1709 abominationi
2624 1660 2775 1724 per-

815 1726 1042 1809 spicue
1077 1745 1428 1808 possumus
1469 1728 1859 1828 intelligere.
1922 1727 1985 1794 N
1988 1748 2062 1794 os
2105 1729 2312 1812 igitur
2354 1726 2434 1793 de
2479 1725 2774 1792 externis

815 1810 1160 1878 hominum
1211 1812 1403 1879 factis
1461 1834 1547 1878 ex
1589 1813 1721 1878 Dei
1778 1814 1983 1881 verbo
2030 1813 2339 1894 iudicare,
2384 1820 2455 1880 et
2496 1832 2575 1879 ea
2617 1831 2773 1878 con·

817 1896 1131 1963 demnare
1185 1917 1570 1981 possumus:
1623 1900 1740 1965 sed
1799 1909 2020 1967 tamen
2066 1899 2146 1966 de
2190 1901 2482 1983 ipsorum
2525 1897 2774 1982 cogita·

819 1981 1114 2048 tionibus
1173 1982 1349 2050 ferre
1404 1986 1798 2051 sententiam
1856 2006 1988 2053 non
2044 1995 2145 2053 est
2187 1985 2516 2051 humanae
2563 1996 2775 2068 potes-

812 2068 1001 2135 tatis:
1040 2068 1202 2151 quin
1238 2069 1458 2153 potius
1494 2071 1820 2155 patienter
1856 2072 2400 2155 exspectandum:
2438 2069 2595 2135 dum
2631 2069 2775 2152 ipse

813 2153 1005 2221 Deus
1060 2175 1227 2239 quac
1284 2156 1535 2223 occulta
1594 2169 1752 2224 sunt
1790 2157 2178 2243 patefaciat:
2223 2154 2774 2241 quemadmodum

815 2238 1004 2305 docet
1057 2240 1317 2307 Daniel.
1404 2242 1636 2325 Itaque
1693 2244 1904 2310 nostri
1963 2244 2210 2328 ingenii
2272 2241 2650 2308 tarditatem
2708 2249 2776 2305 et

814 2335 1151 2409 stuporem
1207 2340 1641 2412 agnoscentes
1658 2377 1677 2409 ,
1735 2328 1902 2394 nihil
1959 2350 2161 2413 supra
2219 2342 2509 2396 nostram
2568 2325 2772 2393 facul-

812 2420 1022 2477 tatem
1058 2411 1434 2480 audeamus.
1492 2414 1827 2498 Quidquid
1865 2435 2025 2481 vero
2069 2416 2150 2482 de
2191 2414 2443 2481 Nabale
2482 2414 2774 2479 sentiant

814 2497 1139 2574 homines,
1185 2497 1489 2566 videmus
1523 2502 1741 2584 ipsum
1782 2500 2012 2585 magni
2046 2501 2342 2567 criminis
2375 2521 2602 2570 coram
2626 2497 2772 2564 Deo

817 2583 1191 2649 convictum
1274 2586 1516 2650 teneri:
1597 2595 1666 2652 et
1729 2606 1864 2652 non
1931 2587 2120 2671 parvi
2183 2587 2503 2653 moment-i
2570 2585 2771 2650 fuisse

819 2667 1257 2736 contumelias
1314 2669 1463 2737 illas
1520 2692 1686 2756 quas
1743 2675 1959 2757 ipsum
2003 2673 2070 2738 in
2113 2672 2442 2740 Davidem
2491 2670 2768 2737 inconsi-

817 2755 1049 2821 derate
1107 2757 1432 2823 vomuisse
1493 2757 1728 2842 aliquis
1783 2758 2125 2826 iudicaret.
2214 2759 2389 2825 Nam
2434 2759 2567 2825 tale
2610 2756 2769 2822 ferri

815 2842 898 2908 ab
933 2840 1096 2925 ipsis
1139 2840 1457 2908 iudicium
1502 2843 1583 2908 de
1625 2842 1879 2910 Nabale
2157 2845 2540 2911 videbatur:
2583 2843 2768 2921 Esto,

814 2925 1031 2994 Nabal
1074 2928 1489 2995 contumeliis
1525 2928 1854 2997 Davidem
1899 2930 2209 3012 affecerit,
2252 2951 2578 3008 erronem,
2623 2949 2768 3012 pro·

814 3013 1072 3098 fugum,
1108 3010 1452 3096 latronem,
1488 3014 1882 3099 praedonem
1927 3016 2188 3095 dixerit,
2231 3017 2532 3102 ingratus
2568 3015 2770 3082 etiam

815 3099 888 3166 in
921 3102 1141 3183 ipsum
1185 3100 1403 3180 fuerit,
1462 3099 1696 3168 ideone
1738 3122 1898 3169 vero
1939 3113 2152 3168 morte
2191 3103 2567 3186 puniendus
2609 3111 2769 3179 erat,

816 3187 924 3254 cui
982 3207 1117 3251 non
1178 3186 1340 3252 satis
1386 3207 1508 3253 sua
1552 3209 1740 3254 mens
1781 3186 2171 3254 constabat?
2262 3189 2513 3255 Verum
2560 3188 2769 3254 enim-

817 3292 979 3339 vero
1001 3272 1189 3338 Deus
1232 3271 1427 3338 aliter
1468 3272 1807 3353 iudicavit,
1848 3275 2040 3340 cuius
2082 3274 2323 3341 iudicia
2367 3284 2550 3341 recta
2592 3285 2770 3355 sunt,

818 3368 887 3425 et
964 3375 1307 3441 nunquam
1388 3358 1457 3424 in
1535 3379 1813 3426 excessu
1879 3373 2168 3443 peccant.
2279 3361 2504 3443 Quare
2569 3381 2770 3445 quum

817 3452 1029 3510 morte
1109 3445 1538 3512 contumelias
1613 3444 1762 3512 illas
1836 3446 2024 3512 Deus
2085 3446 2262 3513 ultus
2330 3456 2453 3528 est,
2532 3445 2771 3530 quibus

818 3530 1037 3597 laesus
1078 3528 1300 3596 David
1359 3550 1400 3596 a
1440 3530 1694 3597 Nabale
1749 3531 1987 3612 fuerat,
2044 3534 2327 3599 sciamus
2385 3533 2406 3598 i
2455 3553 2603 3599 sum
2647 3530 2771 3599 sibi

818 3616 1025 3682 factas
1084 3613 1498 3683 existimasse
1556 3617 1623 3682 in
1667 3616 1950 3682 Davidis
2008 3637 2305 3700 persona.
2458 3639 2566 3685 am
2612 3638 2772 3684 sane

819 3702 893 3767 in
936 3702 1154 3786 ipsum
1178 3698 1397 3766 Deum
1444 3701 1939 3769 redundabant:
1984 3702 2512 3788 quandoquidem
2548 3703 2769 3772 David

821 3807 960 3853 non
1020 3805 1140 3852 suo
1198 3796 1379 3852 motu
1437 3789 1688 3873 regiam
1746 3807 2060 3854 coronam
2118 3790 2485 3871 invaserat,
2558 3810 2770 3874 neque

821 3871 1176 3957 quidquam
1234 3893 1274 3936 a
1330 3893 1403 3938 se
1458 3884 1855 3957 susceperat,
1909 3873 2025 3940 sed
2083 3894 2123 3938 a
2165 3873 2313 3940 Deo
2358 3888 2647 3953 vocatus,
2704 3885 2772 3941 et

812 3958 1126 4025 unctione
1149 3968 1426 4023 externa
1463 3962 1916 4027 confirmatus.
1961 3959 2172 4025 Nabal
2213 3961 2417 4045 igitur
2435 3961 2769 4028 Davidem

815 4043 1233 4112 contumeliis
1292 4055 1544 4126 petens,
1604 4055 1673 4111 et
1713 4046 2032 4113 honorem
2078 4046 2284 4130 ipsius
2328 4047 2601 4130 pedibus
2645 4047 2772 4113 cal·

813 4150 993 4210 cans,
1053 4130 1123 4194 in
1171 4129 1388 4213 ipsum
1434 4129 1656 4198 Deum
1701 4131 1831 4197 fuit
1874 4132 2173 4210 iniurius,
2216 4145 2285 4197 et
2331 4133 2769 4217 blasphemus.

814 4216 877 4282 N
880 4236 954 4281 os
1012 4235 1193 4296 vero,
1254 4214 1411 4282 licet
1465 4237 1598 4282 non
1641 4216 1725 4283 ad
1770 4217 2059 4283 eundem
2104 4216 2444 4303 dignitatis
2487 4221 2766 4303 gradum

813 4321 1012 4385 quem
1054 4300 1278 4366 David
1338 4303 1549 4368 evecti
1606 4324 1853 4384 sumus,
1913 4315 2136 4369 tamen
2201 4304 2444 4370 scimus
2487 4304 2645 4388 quid
2691 4303 2770 4371 dc

815 4387 1006 4452 nobis
1065 4406 1254 4452 sacra
1309 4387 1639 4471 scriptura
1698 4389 2052 4472 praedicet,
2124 4411 2389 4473 nempe,
2446 4411 2565 4457 nos
2625 4390 2769 4455 Deo

814 4493 960 4538 esse
1024 4491 1213 4538 caros
1280 4479 1591 4555 tanquam
1659 4473 1981 4557 pupillam
2050 4476 2266 4559 oculi,
2345 4484 2410 4540 et
2475 4475 2767 4541 ulturum

812 4559 1032 4708 ifpsum
1089 4577 1319 4622 omnes
1363 4561 1794 4626 contumelias
1838 4574 1905 4625 et
1949 4560 2225 4626 iniurias
2268 4560 2506 4643 quibus
2551 4561 2769 4628 affecti

845 4643 1156 4710 ucrimus.
1267 4641 1718 4723 Quamobrem
1797 4645 1866 4709 in
1932 4644 2153 4710 Deum
2234 4666 2353 4712 nos
2419 4659 2767 4730 nostraque

815 4729 1221 4795 reiiciamus:
1283 4738 1347 4792 et
1401 4726 1558 4794 licet
1613 4730 1833 4797 hostes
1891 4731 2352 4814 impunitatem
2408 4733 2534 4799 sibi
2576 4733 2768 4818 polli-

818 4827 1113 4894 ceantur,
1171 4833 1370 4894 quum
1429 4814 1875 4881 crudelissime
1932 4815 2005 4880 in
2067 4837 2187 4883 nos
2230 4817 2601 4897 saevierint,
2661 4838 2769 4902 pa-

817 4900 1056 4964 tienter
1079 4908 1537 4981 exspectemus
1559 4899 1765 4967 donec
1806 4901 2076 4967 ultionis
2109 4912 2370 4986 tempus
2406 4904 2766 4983 advenerit,

816 5004 945 5068 quo
1010 4985 1195 5050 Deus
1262 5003 1381 5050 suo
1446 4984 1690 5051 iudicio
1753 4988 1932 5070 ipsos
1994 4988 2287 5054 involvet
2344 5000 2409 5053 et
2466 4991 2768 5057 incautos

815 5068 1075 5136 obruet:
1124 5089 1370 5152 nosque
1407 5089 1480 5136 re
1515 5070 1659 5152 ipsa
1692 5073 1923 5156 quanti
1968 5071 2164 5139 faciat
2207 5074 2566 5156 patefaciet,
2609 5096 2768 5159 quos

813 5154 916 5220 illi
976 5163 1285 5236 tanquam
1345 5154 1517 5220 viles
1574 5166 1640 5221 et
1690 5158 1976 5224 abiectos
2021 5156 2488 5227 homunciones
2528 5161 2769 5228 habue-

814 5245 1002 5306 runt.
1044 5237 1487 5320 Quamobrem
1535 5263 1619 5306 ex
1665 5240 1790 5308 hoc
1832 5243 1973 5308 loco
2018 5241 2360 5323 discamus,
2419 5246 2492 5312 in
2539 5247 2766 5331 primis

2475 335 2892 404 HOMILIA
2934 335 3158 403 XCII.
4630 342 4713 411 568

2874 524 3568 694 ffisssstztsdgffi
3590 521 4721 693 {iiimssfflssffiffiiffifflissiffi

2875 698 3270 764 sententiam
3330 698 3534 763 feret:
3591 696 3706 763 sed
3764 695 4018 781 placide
4071 695 4383 779 quidquid
4430 694 4621 762 fecerit
4647 700 4726 764 ad·

2874 784 3237 863 mittamus,
3280 790 3351 849 et
3391 782 3638 849 bonum
3682 804 3759 849 ac
3801 795 4052 848 rectum
4096 779 4476 848 iudicemus.
4539 780 4726 851 Deinde

2876 881 3126 934 tantam
3162 888 3434 935 suorum
3470 868 3761 936 fidelium
3796 889 4021 935 curam
4044 867 4262 934 Deum
4298 888 4534 952 gerere,
4556 869 4728 935 viam·

2877 976 3005 1039 que
3063 958 3357 1040 ipsorum
3397 968 3535 1020 tam
3577 973 3796 1022 caram
3840 953 4099 1034 habere,
4142 965 4220 1019 ut
4260 954 4418 1036 ipsis
4460 952 4637 1021 illatas
4666 957 4733 1020 in·

2877 1040 3083 1108 iurias
3145 1040 3269 1107 sibi
3334 1042 3540 1109 factas
3603 1054 3895 1125 reputet,
3963 1054 4030 1107 et
4094 1051 4231 1105 tam
4288 1039 4528 1105 acerbis
4571 1044 4732 1122 poenis

2878 1127 3231 1194 ulciscatur
3288 1147 3400 1193 eos
3451 1129 3565 1211 qui
3623 1147 3745 1191 nos
3802 1125 4088 1192 ludibrio
4133 1124 4500 1202 habuerint,
4546 1140 4605 1190 ut
4636 1148 4734 1192 sen·

2878 1213 3047 1278 tiant
3081 1235 3155 1280 se
3191 1212 3482 1280 divinam
3528 1214 3933 1278 maiestatem
3979 1212 4347 1291 offendisse,
4390 1210 4613 1293 sibique
4644 1234 4735 1278 non

2877 1319 3026 1365 cum
3086 1299 3630 1365 homuncionibus
3687 1297 3800 1364 sed
3838 1320 3989 1364 cum
4030 1297 4148 1362 illa
4190 1319 4333 1362 rem
4374 1315 4529 1363 esse.
4598 1296 4741 1363 Nam-

2875 1405 3002 1467 que
3061 1385 3246 1451 Deus
3313 1407 3385 1451 se
3451 1386 3836 1450 miserorum
3895 1401 3962 1450 et
4022 1383 4421 1450 abiecturum
4474 1381 4739 1450 hominum

2873 1471 3180 1556 clypeum
3224 1480 3293 1536 et
3335 1470 3895 1555 propugnaculum
3941 1491 4086 1536 esse
4127 1468 4494 1553 profitetur.

3046 1556 3244 1623 Hanc
3287 1557 3371 1622 ob
3415 1576 3683 1623 eausam
3705 1553 3928 1621 David
3961 1555 4108 1621 Deo
4149 1556 4403 1640 gratias
4445 1554 4588 1638 agit,
4623 1555 4745 1638 quod

2873 1641 2999 1710 sibi
3033 1642 3277 1710 factam
3311 1663 3455 1709 esse
3496 1642 3808 1708 iniuriam
3852 1651 3917 1706 et
3958 1643 4267 1707 iniustam
4314 1638 4582 1706 dedecus
4614 1641 4749 1707 ultus

2875 1729 2981 1808 sit,
3045 1729 3150 1795 his
3209 1727 3458 1796 verbis:
3515 1727 3899 1794 Benedictus
3940 1726 4192 1808 Mona,
4242 1727 4357 1809 qus·
4399 1727 4517 1810 eyit
4552 1745 4749 1793 causon

2876 1814 3206 1898 opprobrii
3258 1816 3386 1880 mei
3443 1835 3486 1879 a
3532 1813 3800 1892 Nabale,
3857 1818 3913 1880 d
3966 1833 4216 1879 sewum
4255 1831 4449 1876 suum
4486 1813 4750 1878 cudodivit

2877 1922 2920 1966 a
2961 1900 3145 1966 malo.
3231 1899 3338 1967 De
3381 1900 3636 1968 duobus
3677 1900 3927 1984 gratias
3968 1901 4111 1965 istis
4153 1897 4376 1965 verbis
4422 1898 4622 1963 David
4654 1899 4751 1983 agit

2875 1985 3197 2066 Domino,
3268 1986 3557 2071 primum
3625 1983 3800 2071 quod
3858 1981 3933 2051 r'e
3984 1988 4130 2069 ipsa
4184 1984 4563 2068 patefecerit
4606 2005 4751 2067 quam

2877 2073 3003 2157 ipsi
3067 2092 3262 2138 carus
3316 2085 3491 2139 esset
3546 2071 3732 2139 cuius
3789 2091 4057 2136 causam
4121 2072 4443 2135 adversus
4498 2068 4755 2136 Nabalem

2876 2158 3184 2258 suscepit.
3240 2244 3255 2259 ·
3294 2160 3598 2261 ‘Alterum
3676 2158 3850 2260 quod
3928 2178 4060 2223 non
4135 2155 4537 2256 permisisset
4592 2157 4755 2255 ipsun

2874 2265 3178 2397 iffi?
3189 2265 3611 2410 fffiffl
3615 2240 4759 2427 ¹3z⁸5¹asst1u⁹ss⁰÷333332052ffl

2873 2418 2946 2484 in
3006 2416 3349 2483 iracundia
3393 2417 3647 2484 saevire
3690 2413 4023 2483 crudelius
4066 2423 4410 2499 potulsset.
4499 2411 4670 2495 Quod
4696 2409 4763 2477 ad

2876 2504 3164 2588 primum
3229 2503 3482 2582 attinet,
3548 2511 3822 2585 quaerat
3884 2500 4119 2584 aliquis
4172 2498 4510 2565 Davidine
4563 2499 4762 2565 licitum

2873 2590 3076 2656 fuerit
3120 2608 3161 2654 a
3202 2589 3350 2655 Deo
3391 2587 3749 2655 vindictam
3794 2586 3875 2653 de
3919 2586 3982 2652 N
3984 2584 4169 2652 abale
4211 2584 4564 2669 postulare.
4621 2583 4766 2662 Nam,

2874 2689 2953 2742 ut
3014 2687 3208 2741 antea
3272 2675 3590 2753 diximus,
3657 2695 3789 2738 non
3856 2681 4115 2738 tantum
4180 2671 4482 2755 privatas
4544 2670 4766 2736 iniurias

2876 2762 3100 2829 ulcisci
3159 2759 3601 2845 prohibemur,
3657 2757 3775 2824 sed
3827 2758 4026 2824 etiam
4071 2766 4360 2822 mentem
4408 2767 4476 2822 et
4516 2757 4767 2823 affectum

2876 2848 3057 2915 omni
3134 2847 3461 2914 vindictae
3537 2844 3754 2911 studio
3833 2864 4115 2911 vacuum
4192 2842 4445 2910 habere
4505 2842 4770 2908 iubemur.

2877 2933 2954 3003 Si
3003 2934 3148 3018 quis
3192 2934 3394 3016 igitur
3436 2952 3569 2997 non
3614 2951 3735 2998 sua
3775 2930 4039 3015 quidem
4084 2950 4287 2995 manu
4332 2939 4407 2994 et
4450 2929 4681 2994 viribus
4714 2926 4769 2992 dc

2876 3021 3065 3088 hoste
3122 3018 3439 3085 ultionem
3498 3018 3723 3084 faciat:
3783 3016 3898 3083 sed
3957 3016 4224 3080 interim
4270 3014 4438 3081 diris
4482 3013 4656 3080 illum
4693 3014 4773 3077 de-

2876 3114 3130 3183 voveat,
3191 3114 3259 3170 et
3300 3103 3429 3169 Dei
3486 3102 3765 3169 fulmine
3822 3103 4001 3184 tangi
4043 3111 4329 3185 exoptet,
4386 3121 4524 3166 non
4569 3098 4773 3164 videtur

2875 3192 3090 3258 officio
3162 3190 3546 3257 defunctus:
3616 3188 3730 3255 sed
3803 3188 4018 3272 potius
4088 3188 4442 3253 caritatem
4500 3186 4775 3252 abiecime.

2875 3278 3192 3363 Quisquis
3224 3276 3429 3362 igitur
3462 3275 3635 3341 malo
3668 3275 3933 3359 quidem
3975 3273 4268 3339 exterius
4313 3272 4666 3370 abstinebit
4692 3269 4777 3336 sed

2875 3366 3059 3431 intus
3107 3362 3257 3429 odio
3315 3372 3383 3429 et
3422 3361 3781 3427 inimicitiis
3825 3359 4168 3442 aestuabit,
4209 3371 4278 3423 et
4324 3357 4542 3425 hostis
4578 3378 4673 3423 sm
4704 3379 4777 3423 m·

2877 3451 3144 3518 teritum
3223 3459 3288 3513 et
3353 3447 3615 3531 quidem
3687 3469 3729 3515 a
3788 3445 4074 3512 Domino
4133 3444 4523 3529 exoptabit,
4590 3446 4779 3508 merito

2874 3534 3052 3620 apud
3107 3534 3328 3600 Deum
3387 3532 3713 3599 homicida
3770 3529 4137 3606 habebitur,
4192 3530 4353 3597 licet
4411 3550 4498 3596 ne
4552 3528 4779 3614 digium

2872 3621 3137 3706 quidem
3193 3619 3278 3687 ad
3333 3619 3582 3686 malum
3640 3619 3936 3684 moverit.
4024 3614 4250 3682 David
4293 3618 4527 3699 itaque
4568 3614 4782 3681 videtur

2876 3727 3008 3773 non
3079 3705 3371 3791 potuisse
3423 3727 3464 3772 a
3519 3703 3809 3771 Domino
3872 3702 3959 3768 de
4011 3702 4265 3769 Nabale
4326 3702 4645 3769 ultionem
4696 3724 4780 3767 cx-

2873 3793 3228 3877 postulare,
3287 3791 3449 3876 quin
3505 3789 3828 3857 adversus
3873 3789 4000 3855 Dei
4055 3788 4271 3874 legem
4332 3788 4632 3875 graviter
4678 3811 4783 3872 peo-

2874 3880 3057 3946 carit.
3147 3878 3296 3945 Hoc
3361 3878 3418 3943 si
3483 3896 3611 3943 non
3678 3876 3913 3959 potuit,
3976 3894 4137 3941 sane
4191 3893 4319 3941 nec
4382 3874 4533 3940 Deo
4717 3877 4728 3890 ‘

2873 3985 3071 4049 agere
3120 3964 3201 4030 de
3246 3973 3507 4029 mortuo
3561 3961 3812 4029 Nabale
3860 3961 4152 4046 potuisse
4213 3959 4511 4027 videtur.
4648 3983 4784 4030 ηοω

2872 4052 3049 4117 enim
3129 4059 3390 4116 nostras
3454 4059 3524 4114 et
3585 4048 3951 4133 gratiarum
4015 4047 4307 4114 actiones
4378 4055 4636 4129 oportet
4688 4048 4779 4113 Da?

2873 4137 3199 4204 voluntati
3240 4135 3665 4202 conformari:
3711 4130 4259 4217 quemadmodum
4306 4130 4645 4200 conclusio
4676 4157 4781 4220 prc-

2873 4223 3149 4289 cationis
3218 4240 3419 4305 quam
3488 4223 3629 4306 ipse
3703 4239 3823 4286 nos
3890 4218 4217 4284 Dominus
4274 4218 4483 4285 Iesus
4531 4218 4777 4288 Christus

2874 4308 3114 4384 docuit,
3172 4327 3249 4373 eo
3308 4306 3543 4374 referri
3598 4327 3827 4372 omnes
3880 4317 4139 4371 nostros
4194 4305 4487 4370 affectus
4536 4321 4777 4392 oportere

2872 4392 3177 4460 ostendit.
3265 4392 3490 4474 Quum
3546 4393 3749 4477 igitur
3792 4390 4120 4456 Davidem
4165 4412 4373 4475 agere
4420 4398 4661 4480 gratias
4694 4415 4776 4458 au·

2874 4479 3089 4546 dimus
3132 4478 3304 4562 quod
3327 4477 3647 4545 Nabalem
3669 4478 3855 4543 Deus
3901 4477 4096 4561 plaga
4138 4477 4509 4559 affecisset,
4550 4492 4617 4549 et
4648 4500 4774 4547 mor·

2872 4576 3024 4631 tuus
3074 4577 3264 4644 esset,
3322 4585 3470 4630 eum
3517 4574 3789 4649 apparet
3830 4577 4025 4628 antea
4067 4563 4139 4629 in
4185 4566 4367 4632 votis
4413 4567 4486 4634 id
4530 4566 4775 4634 habuisse

2874 4651 2955 4715 de
3011 4672 3138 4734 quo
3182 4651 3430 4751 gratias
3475 4653 3632 4735 agit,
3677 4669 3915 4733 nempe
3958 4648 4298 4716 ultionem.
4400 4652 4586 4721 Hinc
4625 4653 4777 4719 disn-

2869 4757 3023 4803 mus
3081 4734 3514 4821 periculosum
3560 4757 3702 4802 esse
3747 4744 3995 4801 temere
4041 4736 4209 4802 velle
4252 4741 4779 4807 sanctissimorum

2871 4821 3625 4906 perfectissimorumque
3681 4823 3974 4888 virorum
4019 4819 4332 4904 exempla
4376 4825 4641 4901 imitari,
4688 4821 4777 4888 nisi

2868 4908 3434 5060 fssffffffiff
3455 4905 4778 5062 ⁸5⁰¹3⁸25552t⁸2132322m3f33²2ffi

2871 5080 3245 5164 exigantur.
3348 5079 3540 5159 Nam,
3595 5080 3882 5166 exempli
3938 5083 4171 5166 gratia,
4226 5080 4535 5150 Davidis
4586 5085 4780 5148 fastum

2871 5165 3117 5315 {ingenis
3160 5164 3791 5318 rgigularpinsgbigro
3840 5179 3999 5318 oggt
4040 5166 4465 5318 igiitandam,
4494 5164 4779 5271 ,concludit

2898 5272 2922 5315 ι
3032 5272 3180 5317 esi
3306 5272 3350 5318 a
3592 5273 3629 5318 c
3755 5273 3796 5318 a
3973 5253 4779 5334 en,mlulom1nuscan·
