5059 6059
318 342 436 409 549

314 554 436 600 non
477 532 688 599 minus
730 552 927 684 {uam
969 553 1202 616 regum
1244 531 1349 598 ius
1396 529 1712 616 inquiras,
1758 532 2046 616 primum
2081 530 2237 615 quid

313 623 444 705 ipse
486 620 664 685 Deus
708 639 746 684 a
832 619 967 685 illis
1009 620 1320 701 requirat,
1367 628 1434 684 et
1479 616 1635 702 quid
1679 638 1763 683 ex
1805 617 2014 701 ipsius
2049 639 2235 701 prae·

313 707 537 790 scripto
579 704 859 771 debeant
900 704 1385 770 attondendum.
1449 702 1704 768 Deinde
1748 704 1921 786 quod
1964 704 2052 770 sit
2085 704 2236 770 sub-

313 792 582 857 ditorum
649 792 932 858 vicissim
994 792 1062 856 in
1120 792 1295 874 ipsos
1336 791 1639 857 officium.
1728 790 1899 855 Nam
1942 789 2233 873 alioquin

312 878 361 944 si
414 877 780 944 iubentibus
836 877 1079 960 aliquid
1140 876 1649 961 magistratibus,
1706 874 1774 940 id
1830 874 2077 942 subditi
2130 895 2235 941 re·

308 961 783 1049 prehenderint‚
829 973 946 1028 aut
987 963 1170 1029 flocci
1214 962 1507 1040 fecerint,
1552 982 1629 1027 ac
1663 959 1939 1045 proinde
1973 970 2233 1027 tantum

308 1072 386 1116 ex
437 1050 537 1115 sui
596 1050 799 1114 animi
845 1051 1174 1115 sententia
1216 1048 1380 1133 ipsis
1422 1055 1713 1132 pareant,
1773 1046 1984 1132 qualis
2027 1067 2234 1130 quan-

306 1147 488 1220 taque
543 1156 764 1201 rerum
808 1137 1098 1200 omnium
1144 1133 1439 1200 confusio
1482 1132 1950 1200 inveheretur?
2006 1133 2237 1199 Caete-

306 1242 440 1288 rum
512 1221 665 1287 licet
719 1223 1083 1303 superiores
1140 1221 1563 1305 magistratus
1618 1219 1830 1285 officio
1889 1240 2022 1284 non
2079 1219 2233 1284 fun·

305 1318 547 1392 gantur,
620 1317 838 1373 tamen
909 1305 1205 1374 subditos
1262 1313 1518 1389 oportet
1575 1306 1901 1389 patienter
1956 1305 2235 1371 iniurias

304 1396 477 1471 ferre,
537 1403 967 1477 agnoscentes
1023 1392 1195 1458 iusto
1255 1391 1381 1458 Dei
1434 1389 1676 1459 iudicio
1720 1389 1784 1455 id
1829 1392 2232 1475 contingere.

304 1478 483 1560 Quod
556 1500 642 1545 ex
708 1480 969 1562 privata
1024 1478 1342 1562 cuiusque
1401 1476 1593 1543 domo
1650 1478 1728 1542 fit
1783 1477 2231 1562 conspicuum.

302 1566 460 1631 Nam
525 1565 583 1630 si
650 1564 845 1647 quale
910 1565 1133 1631 mariti
1196 1566 1300 1630 ius
1365 1564 1450 1629 sit
1507 1564 1578 1628 in
1623 1583 1896 1628 uxorem
1939 1582 2232 1647 quaeras,

300 1652 635 1734 imperium
678 1653 747 1715 in
792 1651 974 1716 illam
1020 1648 1239 1716 deberi
1283 1648 1383 1715 illi
1426 1647 1760 1714 fatendum
1804 1657 1939 1715 est:
1982 1647 2098 1715 sed
2132 1649 2232 1714 vi-

301 1738 505 1803 cissim
570 1745 870 1820 oportere
935 1744 1012 1802 ut
1076 1735 1284 1801 eidem
1352 1744 1598 1819 pareat,
1663 1745 1861 1818 atque
1914 1743 2229 1818 tanquam

301 1824 393 1889 sui
454 1833 709 1907 partem
777 1822 1001 1888 eodem
1070 1822 1305 1888 habeat
1370 1821 1582 1887 modo.
1672 1822 1894 1904 Atque
1958 1820 2084 1886 hoc
2125 1821 2231 1886 ius

301 1910 504 1974 mariti
547 1917 654 1974 est
696 1911 766 1973 in
811 1929 1102 1986 uxorem,
1164 1909 1220 1973 si
1266 1907 1436 1990 quod
1481 1908 1571 1973 sit
1612 1909 1754 1973 eius
1799 1905 2088 1973 officium
2131 1928 2233 1973 re·

300 1997 520 2078 quires.
587 1994 681 2059 At
712 1995 1008 2060 mulieris
1043 1994 1333 2061 officium
1370 2002 1470 2059 est
1504 2013 1649 2060 sese
1682 1992 1918 2058 marito
1953 1991 2231 2059 libenter

299 2080 619 2159 subiicere,
692 2096 888 2164 atque
960 2080 1043 2145 a‘d
1118 2080 1259 2147 eius
1317 2087 1549 2146 nutum
1611 2086 1930 2163 quantum
1986 2079 2229 2163 poterit

298 2187 701 2250 componere:
773 2185 848 2233 ac
914 2166 1064 2233 licet
1124 2167 1436 2232 maritum
1497 2165 1830 2231 duriorem
1898 2172 1968 2230 et
2021 2184 2231 2230 moro-

300 2253 514 2318 siorem
560 2252 824 2332 habeat,
885 2273 926 2317 a
969 2273 1095 2335 quo
1140 2252 1310 2317 male
1352 2251 1735 2335 excipiatur,
1792 2250 1963 2316 ferre
2004 2257 2228 2317 tamen

297 2359 490 2405 moroe
530 2339 736 2415 illius,
782 2346 847 2403 et
891 2358 1033 2404 sese
1077 2337 1172 2403 illi
1218 2336 1554 2414 subiicere,
1601 2346 1800 2420 atque
1843 2337 2105 2403 interim
2144 2335 2228 2401 ad

297 2423 496 2490 Deum
556 2444 822 2507 gemere
881 2433 949 2490 et
1002 2425 1366 2508 suspirare:
1430 2442 1641 2506 neque
1694 2423 1870 2489 enim
1914 2422 2084 2506 quod
2126 2421 2222 2488 illi

292 2508 460 2577 Deus
501 2512 738 2595 iugum
780 2510 1114 2594 imposuit,
1155 2509 1253 2575 illi
1296 2510 1643 2591 repudiare
1685 2509 1785 2574 fas
1827 2517 1946 2573 est.
2036 2508 2222 2574 Idem

289 2593 515 2662 dictum
580 2611 722 2661 esto
781 2596 861 2661 de
909 2597 1115 2663 servis
1159 2605 1226 2659 et
1270 2594 1348 2660 de
1394 2594 1636 2660 liberis.
1724 2594 2000 2660 Patrum
2044 2595 2223 2659 enim

288 2682 351 2745 in
390 2683 555 2750 filios
605 2682 770 2747 illud
816 2691 916 2748 est
957 2683 1060 2748 ius
1104 2690 1179 2747 ut
1212 2682 1492 2747 tolerent
1526 2679 1765 2746 liberos
1792 2699 1966 2758 suos,
2014 2699 2225 2763 neque

292 2767 449 2850 ipsos
483 2769 565 2834 ad
610 2770 776 2834 iram
812 2777 1184 2852 provocent,
1221 2777 1296 2832 ut
1329 2767 1576 2832 Paulus
1610 2773 1862 2831 monet:
1900 2774 1969 2830 et
2002 2774 2223 2831 tamen

293 2853 629 2938 imperium
696 2856 904 2938 patris
956 2853 1025 2919 in
1078 2854 1290 2919 filium
1346 2853 1673 2936 permittit
1715 2852 1779 2916 ei
1819 2869 2221 2932 succensere,

292 2940 559 3018 caedere,
606 2948 929 3024 torquere,
953 2960 1089 3004 non
1128 2938 1391 3022 quidem
1427 2938 1599 3021 quod
1636 2938 1776 3016 hoo,
1814 2946 1887 3003 ut
1920 2957 2221 3021 aequum,

294 3026 346 3090 ei
382 3025 598 3108 liceat,
660 3037 776 3092 aut
818 3027 984 3093 bene
1027 3025 1244 3102 faciat,
1291 3024 1406 3091 sed
1448 3037 1670 3090 tamen
1715 3023 1887 3107 quod
1930 3024 2102 3089 ferre
2146 3024 2219 3089 fi-

292 3111 399 3179 lios
454 3121 778 3198 oporteat.
866 3112 1039 3177 Nam
1084 3113 1142 3178 si
1200 3111 1367 3176 forte
1411 3131 1482 3178 se
1524 3111 1854 3175 immerito
1913 3110 2007 3174 ita
2048 3108 2223 3175 dicat

292 3202 558 3281 tractari,
636 3219 712 3264 ac
772 3199 931 3264 velit
988 3197 1338 3274 vindicare,
1407 3197 1554 3279 quis
1610 3194 1824 3262 ferat?
1893 3196 2044 3278 quis
2085 3216 2221 3261 non

291 3287 504 3351 merito
571 3287 906 3368 vituperet
971 3291 1039 3348 et
1103 3281 1413 3350 damnet?
1480 3283 1590 3348 Ex
1654 3279 1889 3365 quibus
1951 3290 2223 3367 apparet

288 3389 468 3452 quum
528 3370 620 3437 de
675 3370 817 3437 iure
860 3369 1272 3452 superiorum
1317 3377 1715 3453 potestatum
1761 3369 1997 3452 agitur,
2055 3367 2222 3433 illud

289 3477 415 3523 esse
468 3457 754 3541 duplex:
823 3475 1061 3539 nempe
1106 3476 1313 3520 unum
1357 3453 1768 3537 superiorum
1815 3463 2112 3536 respectu
2157 3461 2225 3520 et

288 3563 495 3609 eorum
547 3544 671 3628 qui
732 3540 1182 3608 dominantur:
1242 3540 1521 3606 alterum
1566 3547 1631 3605 et
1689 3537 2101 3606 subditorum
2156 3545 2223 3605 et

287 3628 663 3696 inferiorum
720 3636 1038 3711 respectu.
1128 3625 1235 3691 De
1291 3628 1503 3710 primo
1562 3625 1677 3691 illo
1732 3626 1879 3691 iure
1968 3624 2221 3691 Iuribus

287 3717 487 3783 verbis
530 3715 761 3782 Moses
806 3714 961 3797 agit,
1019 3722 1085 3778 et
1127 3712 1289 3777 illud
1335 3710 1530 3777 Dent.
1581 3711 1681 3777 17.
1727 3731 1866 3794 cap.
1958 3711 2223 3778 escribit

292 3820 472 3881 quum
526 3804 655 3866 ait:
731 3800 937 3882 Quum
993 3799 1318 3883 inyressus
1357 3798 1568 3881 fueris
1607 3799 1679 3863 in
1722 3802 1969 3880 terram,
2028 3817 2221 3880 quam

292 3883 500 3953 Ierva
567 3887 754 3954 Deus
817 3891 968 3951 tuus
1027 3885 1142 3949 dat
1199 3885 1334 3964 tibi,
1390 3889 1460 3949 ut
1523 3883 2015 3949 haerereditcm'o
2077 3885 2222 3951 iure

281 3974 598 4051 possideas
640 3972 843 4055 illam,
903 3976 960 4037 et
1000 3969 1316 4036 habitabis
1356 3970 1431 4034 in
1465 3968 1600 4049 illa,
1645 3970 1709 4036 si
1748 3970 2021 4036 dixeris:
2074 3968 2220 4035 Sta-

287 4061 679 4142 tuamsuper
728 4076 1092 4140 mereyem,
1147 4057 1312 4122 sicut
1367 4075 1576 4121 omnes·
1627 4060 2225 4139 gentesquaesunt

285 4145 435 4210 circa
487 4166 616 4227 παις
672 4149 914 4210 tantum
967 4143 1227 4208 statuite
1280 4161 1471 4223 super
1520 4147 1579 4207 te
1630 4161 1839 4225 reqem
1879 4161 2062 4223 quem
2101 4142 2220 4208 ele-

282 4231 429 4312 yerit
469 4232 712 4298 Iehova
755 4229 937 4295 Deus
971 4234 1149 4293 tuus.-
1192 4249 1224 4294 e
1256 4227 1461 4292 medio
1491 4227 1771 4310 fratrum
1802 4231 2056 4293 tuorum
2088 4232 2221 4294 sta-

285 4317 423 4382 tuite
463 4338 658 4402 super
699 4322 755 4382 te
794 4335 1016 4399 reqem,
1061 4333 1187 4379 non
1217 4313 1459 4395 poteris
1500 4312 1619 4379 tibi
1649 4313 1981 4395 praeficere
2012 4315 2222 4379 σίναπυ

291 4408 662 4485 extraneum,
720 4402 834 4484 qui
889 4421 1015 4467 non
1053 4400 1259 4483 frater
1298 4405 1446 4464 tuus
1486 4401 1600 4465 sit:
1662 4405 1738 4463 ut
1778 4398 2044 4466 incedat
2086 4401 2221 4467 sin-

293 4510 426 4556 cere
488 4502 556 4557 et
619 4491 899 4573 integre,
979 4506 1190 4569 neque
1250 4505 1322 4552 se
1390 4483 1587 4551 dedat
1649 4483 2072 4566 idololatriae,
2138 4486 2221 4552 ad

292 4595 476 4656 quam
531 4585 890 4642 extraneus
946 4572 1262 4656 populum
1316 4570 1665 4654 pelliceret.
1755 4573 1856 4639 Ac
1898 4593 2057 4639 sane
2100 4575 2224 4640 sci-

290 4682 425 4729 mus
478 4663 662 4729 hunc
719 4679 942 4744 regem
999 4658 1363 4743 oportuisse
1419 4679 1563 4723 esse
1620 4658 1975 4742 imaginem
2034 4659 2223 4744 regni

291 4745 547 4814 Domini
609 4746 818 4813 nostri
878 4744 1032 4811 Iesu
1075 4743 1361 4811 Christi:
1420 4742 1682 4809 Deinde
1724 4744 1924 4810 etiam
1962 4764 2003 4810 e
2046 4746 2223 4812 tribu

292 4831 445 4900 Iuda
500 4834 704 4901 fnisse
746 4830 1142 4916 eligendum,
1200 4830 1385 4896 cuius
1426 4850 1702 4915 regnum
1746 4850 1951 4913 usque
1992 4829 2075 4895 ad
2118 4850 2223 4897 re-

296 4919 633 5003 demptoris
718 4918 1073 4984 adventum
1137 4925 1567 5000 permaneret,
1665 4937 1860 4999 quem
1925 4916 2222 5000 patribus

297 5003 464 5073 Deus
496 5005 906 5091 promiserat.
996 5002 1107 5071 Sic
1141 5003 1529 5069 nominatim
1565 5001 1882 5085 praedicit
1909 5001 2220 5069 Iacobus:

300 5087 604 5175 Sceps-um
644 5111 767 5157 non
808 5091 1123 5158 emitur-um
1165 5110 1198 5154 e
1234 5088 1407 5153 tribu
1451 5087 1621 5153 Iuda
1664 5108 1862 5170 usque
1904 5090 1989 5156 ad
2030 5089 2224 5155 huius

300 5174 562 5244 Messiae
631 5183 684 5243 et
750 5176 1159 5258 redemptoris
1214 5175 1573 5241 adventum:
1646 5194 1816 5258 quae
1873 5196 2032 5241 sane
2086 5194 2219 5240 non

296 5273 585 5344 poterant
656 5266 722 5329 in
800 5273 1192 5329 extraneum
1272 5260 1522 5328 cadere.
1611 5262 1827 5345 Atque
1901 5259 2070 5328 hano
2137 5260 2220 5328 ob

1609 341 1710 408 IN
1753 342 1810 407 Ι.
1857 341 2038 409 LIB.
2083 341 2487 412 SAMUEL.
2534 343 2730 412 CAP.
2776 341 2971 408 VIII.

4159 348 4290 416 550

2339 553 2606 600 causam
2663 552 2973 618 expresse
3030 532 3414 618 prohibetur
3457 536 3742 620 populus
3777 557 4000 639 regem
4046 536 4289 623 eligere

2339 639 2422 686 ex
2464 619 2832 704 peregrinis
2875 619 3285 686 nationibus:
3347 642 3558 705 quem,
3620 630 3696 688 ut
3739 621 4048 704 diximus,
4093 644 4289 710 opor-

2337 703 2518 771 tebat
2560 707 2916 807 imaginem
2942 725 3104 806 ‘es-se
3149 716 3216 772 et
3249 708 3534 808 figuram
3570 708 3725 774 Iesu
3761 708 4048 776 Christi:
4093 720 4288 795 atque

2336 811 2619 944 iffi?
2658 791 3846 965 gtsfftuffl¹313535t2⁰133302232
3890 816 4286 966 323205523.

2336 961 2589 1029 adiicit:
2640 964 2855 1047 Neque
2887 964 3299 1048 multiplicato
3341 964 3465 1031 sibi
3507 986 3722 1049 equos:
3764 973 4094 1050 aryekum
4135 989 4285 1052 quo-

2336 1068 2456 1132 que
2524 1054 2583 1114 et
2630 1070 2862 1115 aarum
2918 1070 2996 1114 ne
3050 1051 3462 1132 multaesplioato
3521 1052 3651 1117 sibi
3707 1052 4065 1119 admodum.
4160 1053 4287 1121 Sed

2339 1135 2456 1200 erit
2513 1155 2706 1218 quum
2746 1134 3047 1203 insidebit
3085 1136 3242 1202 solio
3285 1138 3468 1221 reyni
3508 1137 3646 1203 sm‘:
3700 1142 3770 1202 αι
3811 1138 4118 1205 describat
4160 1140 4285 1206 sibi

2336 1222 2690 1305 exemplum
2723 1222 2916 1288 huius
2956 1222 3111 1307 leyt‘s
3148 1223 3220 1287 in
3257 1222 3435 1299 libro,
3478 1243 3556 1289 ex
3599 1244 3668 1290 eo
3710 1225 3822 1306 qui
3865 1225 3986 1289 erit
4022 1227 4094 1290 in
4138 1245 4279 1292 oon-

2333 1311 2548 1387 spectu
2616 1310 3000 1376 sacerdotnm
3058 1308 3456 1376 leviticorum.
3543 1307 3814 1392 Eritque
3859 1330 4056 1392 penes
4121 1332 4281 1395 eum,

2336 1397 2395 1457 et
2447 1393 2599 1477 ἱερεῖ
2655 1395 2728 1459 in
2792 1414 2861 1461 eo
2913 1394 3200 1459 omnibus
3258 1395 3476 1461 diebus
3531 1396 3696 1460 vitae
3736 1415 3911 1481 suae,
3970 1400 4043 1461 ut
4081 1397 4286 1462 discat

2334 1478 2554 1545 timere
2612 1480 2905 1546 Ielwvam
2962 1480 3173 1547 Deum
3227 1500 3434 1562 suum,
3508 1480 3829 1547 observare
3884 1481 4069 1547 verba
4126 1482 4282 1567 lepis

2334 1563 2545 1645 Ῐιαίαε,
2588 1571 2646 1632 et
2686 1571 2923 1632 statuta
2962 1567 3089 1632 ista
3128 1565 3418 1648 faciendo
3461 1587 3554 1633 ea.
3642 1567 3751 1632 Ex
3789 1567 4028 1650 quibus
4062 1569 4284 1636 verbis

2334 1662 2609 1735 apparet
2675 1651 2893 1718 Deum
2947 1653 3244 1736 posuisse
3297 1652 3614 1718 terminos
3666 1653 3972 1736 potestati
4032 1665 4285 1739 regum,

2334 1746 2402 1801 et
2472 1756 2603 1802 non
2662 1738 3046 1821 permittere
3104 1737 3433 1804 licentiam
3493 1736 3813 1822 quidlibet
3868 1759 3953 1804 ex
4011 1739 4281 1806 arbitrio

2332 1820 2648 1889 faciendi:
2710 1824 2826 1889 sed
2884 1834 3111 1891 contra
3159 1823 3365 1891 veluti
3408 1824 3632 1890 fraeno
3675 1823 3916 1891 iniecto
3958 1824 4282 1907 cohibere,

2332 1928 2418 1972 ne
2471 1909 2955 1991 magnificentia
3012 1918 3078 1975 et
3182 1929 3372 1993 ompa
3429 1910 3635 1975 nimia
3686 1911 4065 1976 efferantur.
4156 1912 4281 1976 At-

2331 2014 2457 2144 que
2512 1994 2635 2062 hoc
2692 2017 2855 2079 opus
2912 1996 3021 2062 hio
3076 1995 3141 2062 la
3187 2016 3259 2062 or
3317 2004 3436 2061 est.
3524 1996 3698 2061 Nam
3751 2004 3832 2061 ut
3875 1996 4280 2080 experientia

2377 2088 2540 2158 cest,
2598 2101 2789 2166 reges
2847 2091 2916 2147 et
2971 2081 3298 2167 principes
3351 2102 3612 2167 pompa,
3672 2080 4169 2167 magnificentia
4213 2090 4282 2150 et

2329 2186 2574 2250 magno
2653 2175 2969 2251 apparatu
3023 2167 3332 2253 gaudent,
3397 2188 3472 2234 ac
3532 2188 3602 2234 se
3660 2165 3935 2234 aliorum
4003 2187 4281 2234 numero

2331 2251 2538 2317 eximi
2601 2250 2883 2319 libenter
2939 2253 3207 2335 vellent,
3272 2262 3469 2338 atque
3523 2252 3696 2319 hanc
3753 2252 3836 2318 ob
3895 2272 4163 2319 causam
4204 2254 4279 2319 in

2329 2336 2548 2404 varias
2592 2359 2734 2405 sese
2788 2339 3035 2405 formas
3086 2347 3371 2406 vertunt.
3459 2337 3681 2424 Atque
3713 2338 3878 2405 adeo
3913 2339 3981 2404 in
4019 2347 4278 2404 tantum

2329 2422 2673 2508 dignitatis
2716 2425 3050 2509 fastigium
3095 2424 3286 2492 evehi
3330 2433 3661 2508 cuperent,
3719 2438 3797 2491 ut
3837 2446 3975 2490 non
4019 2431 4279 2490 tantum

2328 2527 2479 2574 cum
2538 2509 2785 2577 honore
2828 2520 2895 2576 et
2936 2513 3307 2578 reverentia
3350 2510 3738 2592 colerentur,
3804 2509 3920 2578 sed
3963 2511 4160 2575 etiam
4204 2511 4279 2576 in

2328 2595 2824 2662 admirationem
2911 2603 2978 2661 et
3063 2605 3397 2680 stuporem
3482 2597 3809 2664 venirent.
3900 2595 4160 2662 Deinde
4238 2617 4280 2662 a

2327 2699 2569 2764 pompa
2627 2693 2693 2748 et
2737 2681 3226 2767 magnificentia
3269 2682 3453 2749 Deus
3497 2681 3581 2748 ad
3625 2683 3973 2749 avaritiam
4016 2682 4277 2763 transit,

2325 2765 2681 2850 prohibens
2722 2789 2809 2834 ne
2852 2789 3088 2834 aurum
3122 2777 3241 2834 aut
3273 2776 3623 2853 argentum
3659 2766 3782 2835 sibi
3819 2767 4275 2852 multiplicent.

2326 2854 2429 2919 Ac
2499 2874 2692 2920 nemo
2762 2853 3026 2939 ignorat
3083 2854 3406 2938 principes
3467 2874 3610 2919 esse
3667 2856 3881 2919 instar
3936 2863 4276 2920 vastorum

2326 2939 2686 3024 gurgitum,
2750 2939 2860 3024 qui
2906 2941 3103 3006 etiam
3147 2942 3218 3004 in
3260 2961 3369 3005 res
3411 2938 3700 3006 ludicras
3744 2948 3811 3005 et
3853 2940 4085 3005 inanes
4130 2957 4275 3005 cor-

2326 3044 2541 3090 rasam
2599 3027 2943 3110 pecuniam
2990 3025 3418 3109 profundant:
3485 3023 3657 3109 quod
3701 3023 3870 3090 nihil
3913 3032 4276 3109 emungant

2322 3110 2456 3176 nisi
2497 3111 2670 3195 quod
2712 3111 3109 3195 profundere
3152 3111 3362 3195 parati
3398 3118 3574 3177 sunt.
3664 3108 3890 3192 Quare
3924 3108 4037 3174 nbi
4077 3111 4274 3175 mise-

2325 3217 2470 3261 ram
2531 3196 2787 3280 plebem
2853 3197 3289 3284 oompilarint,
3355 3218 3487 3263 non
3553 3216 3737 3277 auro,
3801 3217 3932 3261 non
4000 3200 4274 3279 argento

2326 3282 2636 3366 parcitur,
2682 3282 2796 3349 sed
2839 3283 3289 3368 profusissime
3332 3284 3403 3348 in
3447 3303 3737 3367 pompas,
3784 3282 3853 3347 in
3898 3278 4272 3364 splendidos

2327 3387 2366 3433 a
2412 3378 2698 3452 paratus,
2785 3370 2854 3434 in
2934 3369 3133 3437 luxus
3209 3376 3275 3434 et
3339 3368 3767 3436 scortationes
3829 3365 4271 3452 profunditur.

2324 3453 2362 3518 1
2407 3455 2576 3521 circo
2635 3453 2821 3521 Deus
2862 3475 3084 3540 regem
3128 3453 3583 3522 Israelitarum
3630 3453 3841 3519 vetuit
3882 3473 4113 3518 aurum
4155 3459 4274 3518 aut

2324 3548 2678 3624 argentum
2720 3541 3163 3625 multiplicare
3207 3540 3350 3607 sibi.
3439 3540 3611 3605 Tum
3655 3560 3813 3605 vero
3849 3540 4047 3605 etiam
4087 3538 4273 3606 Deus

2321 3625 2509 3691 illum
2583 3646 2825 3693 uxores
2888 3626 3325 3711 multiplicare
3397 3625 3720 3710 prohibet.
3810 3623 4033 3705 Quum
4092 3625 4273 3691 enim

2321 3711 2577 3779 videret
2636 3711 2759 3780 hoc
2812 3713 3057 3779 malum
3117 3714 3185 3778 in
3243 3710 3494 3778 Iudaea
3536 3731 3815 3796 serpere,
3882 3710 4271 3794 permitten-

2327 3797 2502 3864 tibus
2539 3796 2660 3865 sibi
2696 3799 2859 3864 viris
2895 3820 3173 3865 uxorum
3209 3797 3675 3882 pluralitatem,
3713 3804 3781 3861 et
3815 3817 3885 3861 se
3907 3795 4272 3862 Abrahami

2324 3890 2391 3949 et
2471 3883 2693 3949 Iacobi
2767 3887 3066 3970 exemplo
3148 3883 3537 3969 tegentibus,
3625 3882 4013 3948 nominatim
4079 3903 4272 3967 reges

2324 3970 2507 4037 Deus
2569 3976 2750 4035 votat
2809 3991 3089 4037 uxorum
3134 3969 3551 4036 multidinem
3610 3967 3936 4048 inducere,
4002 3987 4078 4034 ac
4121 3988 4273 4051 pro-

2323 4055 2477 4122 inde
2520 4064 2589 4122 et
2629 4056 2945 4140 privatos,
2987 4054 3513 4140 quandoquidem
3558 4053 3810 4120 maiora
3846 4060 4001 4120 sunt
4038 4073 4266 4137 regum

2369 4162 2520 4207 uam
2587 4141 2989 4226 privatorum
3049 4142 3282 4226 privile
3331 4141 3411 4207 ’a.
3503 4138 3634 4207 Sed
3694 4138 3871 4206 istud
3915 4141 4268 4206 observan-

2325 4164 2483 4292 dum
2550 4229 2856 4313 maxime,
2921 4227 3094 4313 quod
3173 4249 3213 4293 a
3342 4247 3419 4293 eo
3474 4246 3596 4292 rex
3650 4226 3913 4292 iubetur
3967 4225 4037 4289 in
4102 4223 4270 4309 legis

2326 4313 2492 4380 libro
2549 4312 2769 4399 legere
2819 4323 2886 4381 et
2939 4313 3259 4394 meditari,
3318 4321 3393 4379 ut
3450 4312 3606 4397 quid
3664 4312 3861 4378 officii
3905 4310 4009 4377 sui
4052 4308 4139 4376 sit
4184 4328 4268 4374 ex

2326 4420 2403 4466 eo
2463 4397 2690 4466 discat.
2783 4399 2962 4467 Sane
3018 4421 3140 4466 rex
3183 4400 3293 4466 ille
3336 4399 3578 4476 David,
3621 4399 3809 4464 ouius
3852 4404 4008 4461 nota
4051 4395 4265 4460 excel-

2325 4485 2550 4567 lentia,
2598 4485 2763 4552 bene
2807 4487 2929 4552 hoc
2971 4494 3391 4570 praeceptum
3435 4483 3811 4568 usurpavit:
3854 4501 3930 4547 ac
3976 4501 4105 4547 non
4144 4479 4265 4545 du-

2326 4570 2507 4637 bium
2572 4580 2691 4651 est,
2770 4574 2928 4657 quin
2996 4581 3346 4656 antequam
3413 4571 3494 4637 ad
3560 4568 3809 4653 regiam
3877 4566 4265 4652 dignitatem

2324 4657 2734 4739 eveheretur,
2812 4658 2978 4743 legis
3029 4666 3378 4742 praecepta
3432 4658 3561 4721 iam
3620 4661 3844 4720 mente
3893 4652 4265 4737 apprehen·

2325 4743 2549 4823 disset,
2595 4745 2664 4809 in
2709 4745 2943 4829 quibus
2987 4765 3131 4810 sese
3172 4744 3478 4827 deinceps
3519 4738 3904 4807 exercuerit.
3993 4739 4095 4803 Ac
4137 4739 4262 4804 sci-

2323 4851 2471 4896 mus
2528 4830 2714 4896 illum
2773 4830 3015 4897 divinis
3072 4829 3259 4896 donis
3312 4837 3380 4893 et
3436 4827 3667 4911 gratiis
3723 4825 3923 4890 fuisse
3966 4822 4260 4890 cumula-

2323 4915 2579 4982 tissime
2633 4916 2978 4983 donatum:
3035 4915 3151 4982 sed
3206 4923 3427 4981 tamen
3483 4912 3671 4977 illum
3714 4909 3870 4976 huic
3913 4923 4259 4993 praecepto

2323 5002 2558 5068 subiici
2601 5002 2796 5068 etiam
2841 5004 3148 5088 oportuit.
3236 4999 3381 5065 Hoc
3414 4998 3636 5079 itaque
3669 4997 3777 5061 ius
3811 5004 3950 5061 esto
3982 4996 4262 5081 regium,

2323 5088 2467 5154 eius
2510 5098 2811 5172 respectu
2851 5089 2964 5174 qui
3010 5086 3345 5172 fastigium
3390 5083 3565 5150 istud
3611 5081 3953 5167 dignitatis
3986 5081 4265 5167 adeptus

2324 5181 2442 5251 est,
2486 5194 2564 5241 ao
2606 5175 2881 5259 proinde
2923 5195 3060 5240 non
3102 5170 3259 5257 quid
3304 5170 3432 5237 sibi
3473 5168 3736 5245 subditi,
3780 5167 3894 5234 sed
3938 5167 4095 5252 quid
4137 5169 4266 5252 ipsi

2320 5260 2603 5327 subditis
2645 5279 2727 5328 ex
2774 5261 2997 5329 divino
3031 5257 3343 5326 mandato
3377 5276 3568 5342 reges
3604 5253 3886 5322 debeant
3919 5255 4267 5340 diligenter

3761 5357 3864 5413 35·
