5059 6059
263 327 368 394 697

1535 323 1635 389 ΙΝ
1680 325 1731 390 Ι.
1777 325 1953 392 LIB.
2005 324 2402 393 SAMUEL.
2447 326 2645 395 OAP.
2690 325 2852 392 XII.

4057 328 4184 396 698

265 539 358 583 vos
415 537 448 580 e
493 518 666 579 terra
709 513 998 613 Aegypti
1063 512 1308 591 eduxit,
1376 513 1489 579 sed
1535 514 1605 579 in
1670 514 1841 580 hanc
1882 524 2149 591 terram,
2199 524 2206 561 ⁴
2252 534 2409 597 pore
2453 523 2520 578 et
2562 513 2834 580 horrore
2877 514 3272 596 afficiendos,
3327 535 3530 600 quum
3575 522 3730 582 ante
3773 518 3991 585 oculos
4036 540 4182 584 ver-

263 601 442 671 Mosis
489 608 552 665 et
591 602 873 665 Aaroms
931 599 1291 666 ministerio
1333 599 1717 666 introduxit.
1806 599 1943 666 Sed
1987 600 2152 667 duos

261 690 386 755 illos
415 687 581 751 viros
613 693 865 751 tautam
902 693 970 751 et
1008 695 1141 750 tam
1179 684 1453 752 arduam
1475 706 1615 751 rem
1649 706 1858 771 perse
1880 686 2152 770 implere

261 795 375 842 non
417 772 698 855 potuisse
750 781 999 838 certum
1058 781 1189 838 est:
1251 792 1454 856 quare
1509 772 1580 836 in
1625 792 1703 837 eo
1760 782 1941 839 tanto
1984 772 2154 839 facta

258 869 344 928 est
379 858 769 941 conspectior
809 855 939 923 Dei
985 857 1238 923 bouitas
1283 865 1352 922 et
1392 859 1703 941 potentia.
1745 857 1894 924 Hoc
1934 857 2151 942 ipsum

258 944 499 1031 pulchre
554 942 876 1026 propheta
931 941 1192 1009 Psalmo
1252 943 1355 1007 77.
1414 942 1741 1028 exprimit,
1796 964 2001 1028 quum
2041 947 2153 1024 ait,

255 1031 439 1100 mum
488 1027 746 1093 duxisse
1139 1049 1328 1094 suum
1369 1033 1440 1094 ut
1476 1049 1718 1114 qreyem
1757 1029 1982 1109 ovium,
2025 1050 2151 1111 per

255 1135 481 1183 manum
521 1112 728 1180 Mosa
768 1118 824 1180 ct
865 1115 1151 1181 Aaronis
1189 1114 1399 1180 instar
1441 1114 1798 1196 opilionum.
1860 1115 2152 1181 Maxime

256 1223 391 1268 vero
430 1199 778 1283 conspicua
819 1200 944 1266 fuit
986 1199 1054 1265 in
1100 1220 1173 1265 eo
1208 1199 1340 1266 Dei
1386 1201 1692 1282 potentia,
1739 1200 1910 1284 quod
1947 1221 2150 1283 quum

254 1287 510 1370 undique
560 1284 958 1352 saevissimis
1015 1298 1080 1350 ct
1137 1285 1617 1369 capitalissimis
1676 1284 1969 1362 hostibus
2010 1286 2150 1351 cin-

254 1383 551 1460 gerentur,
610 1391 794 1454 quos,
850 1373 973 1436 etsi
1035 1373 1251 1436 forent
1301 1372 1787 1437 instructissimi
1839 1373 1908 1436 in
1952 1373 2151 1437 armis

253 1470 312 1525 et
358 1457 838 1534 bellicosissimi,
895 1469 1184 1522 metuere
1228 1456 1622 1537 debuissent,
1678 1457 1883 1523 multo
1942 1458 2151 1541 magis

252 1545 510 1609 inermes
564 1552 634 1608 et
689 1542 1005 1622 imbelles,
1071 1562 1148 1606 ac
1206 1543 1414 1608 instar
1481 1543 1864 1609 miserarum
1929 1543 2149 1609 ovium

247 1632 306 1695 in
365 1628 584 1694 mediis
651 1626 956 1710 luporum
1021 1625 1314 1694 faucibus
1380 1628 1521 1694 sine
1586 1626 1952 1713 praesidiis,
2009 1629 2151 1694 sine

246 1715 441 1793 armis,
484 1724 706 1780 tamen
741 1734 870 1779 non
909 1713 1099 1779 modo
1138 1733 1269 1779 non
1304 1713 1731 1791 formidariut,
1771 1714 1887 1781 sed
1922 1713 2149 1780 adver-

247 1822 344 1869 sus
380 1799 519 1866 illos
562 1800 990 1882 imperterriti
1032 1820 1275 1883 magno
1321 1800 1536 1865 animo
1579 1801 1898 1866 steterint.
1974 1797 2151 1866 Sane

249 1887 448 1952 divina
500 1884 912 1969 providentia
969 1892 1152 1950 tauto
1208 1885 1523 1969 insignior
1579 1893 1646 1951 et
1701 1884 2020 1951 illustrior
2081 1886 2150 1950 in

243 1993 308 2038 eo
356 1980 641 2055 apparet,
700 1972 793 2037 sic
850 1971 978 2035 ista
1036 1969 1503 2036 administrans
1561 1981 1636 2035 ut
1692 1971 2150 2055 promissiones

244 2078 374 2124 suas
434 2056 707 2142 implere
768 2056 1069 2135 voluerit,
1135 2077 1336 2138 quum
1404 2075 1487 2120 ex
1551 2057 2149 2138 potentissimorum

243 2142 507 2209 hostium
588 2162 791 2209 manu
874 2141 1207 2220 liberatos,
1283 2144 1353 2207 in
1433 2150 1681 2208 terram
1759 2141 2151 2242 promissam

245 2229 533 2312 patribus,
580 2227 978 2307 Abrahamo,
1042 2226 1272 2295 Isaaco
1331 2235 1398 2294 et
1440 2227 1700 2308 Iacobo,
1762 2227 2151 2310 introduxit,

247 2322 304 2379 et
337 2314 406 2379 in
442 2313 919 2381 haereditatem
961 2313 1096 2379 illis
1138 2311 1423 2380 tradidit.
1470 2311 1692 2395 Quare
1727 2334 1928 2396 quum
1966 2311 2153 2380 Deus

243 2400 557 2484 promissis
592 2400 1034 2480 satisfecisset,
1054 2399 1151 2465 illi
1187 2399 1469 2466 vicissim
1493 2399 1687 2465 fidem
1725 2419 1911 2465 suam
1946 2398 2151 2466 exsol-

241 2507 377 2552 vere
429 2484 787 2569 debebant,
846 2484 1118 2569 Deoque
1174 2484 1461 2552 debitum
1518 2485 1837 2551 honorem
1880 2483 2151 2550 reddere

247 2592 351 2656 pro
403 2582 670 2657 accepta
721 2571 796 2636 in
838 2571 1310 2655 possessionem
1353 2579 1418 2636 et
1462 2569 1930 2651 haereditatem
1974 2579 2151 2637 terra

243 2656 359 2736 illa,
407 2658 478 2724 in
535 2678 672 2741 qua
725 2658 832 2722 ius
884 2657 1130 2741 alioqui
1185 2656 1442 2722 nullum
1497 2655 1843 2737 habebant,
1903 2665 1971 2721 et
2022 2676 2152 2739 qua

241 2741 476 2828 indigni
534 2750 745 2821 erant,
803 2752 872 2808 et
923 2742 997 2808 in
1054 2763 1185 2827 qua
1241 2750 1459 2825 patres
1498 2742 1791 2828 ipsorum
1836 2749 2149 2826 tanquam

239 2828 547 2914 peregrini
603 2828 1088 2895 habitaverant.
1177 2825 1402 2909 Quare
1464 2834 1806 2912 tantopere
1863 2826 2148 2894 devincti

235 2921 293 2979 et
340 2914 603 3001 obligati
648 2913 779 2980 Dei
823 2914 1099 2979 bonitati
1143 2922 1468 2992 tenentur,
1526 2921 1601 2979 ut
1657 2912 1908 2979 nullam
1950 2933 2148 2980 excu-

235 3000 534 3066 sationem
618 3001 872 3085 possint
935 3019 1093 3066 suae
1166 2998 1614 3066 contumaciae
1677 3010 1744 3063 et
1810 2997 2147 3070 rebellioni

236 3095 616 3168 praetexere.
708 3086 800 3151 Et
858 3094 1079 3151 tamen
1134 3085 1370 3150 misere
1412 3082 1538 3150 hac
1579 3083 1651 3148 in
1693 3094 1882 3168 parte
1925 3104 2149 3168 pecca-

237 3185 392 3249 runt,
476 3171 610 3238 uod
654 3171 791 3237 illis
837 3168 1101 3237 Samuel
1148 3171 1254 3236 his
1289 3168 1502 3236 verbis
1537 3171 1907 3252 exprobrat,
1960 3168 2149 3236 oblat·

236 3263 365 3322 suunt
457 3257 689 3324 choeac
727 3256 861 3322 Dei
909 3257 1033 3333 sui.
1142 3254 1397 3337 Quibus
1449 3256 1666 3323 verbis
1718 3254 1981 3335 indicat,
2042 3275 2151 3321 eos

238 3342 452 3409 oblitos
510 3342 977 3411 beneficiorum
1035 3341 1183 3421 Dei,
1249 3362 1414 3425 quae
1470 3342 1529 3407 si
1585 3341 1901 3407 memoria
1962 3359 2149 3425 repe·

239 3428 493 3511 tiisseut,
563 3430 788 3495 futura
849 3428 1010 3511 ipsis
1071 3427 1277 3494 fuisse
1341 3428 1551 3493 instar
1613 3425 1842 3508 fraeni,
1908 3448 2034 3511 quo
2077 3426 2150 3492 in

236 3513 425 3581 officio
469 3515 919 3581 retinerentur
975 3513 1245 3597 Deoque
1288 3511 1785 3580 subiicerentur.
1847 3512 1948 3580 Ac
1991 3533 2149 3578 sane

239 3600 286 3663 si
322 3599 397 3666 de
436 3600 586 3667 Deo
623 3610 692 3667 et
725 3600 866 3667 eius
901 3600 969 3665 in
1007 3618 1128 3665 nos
1161 3598 1511 3679 beneficiis,
1553 3605 1632 3663 ut
1664 3618 1782 3681 par
1816 3606 1931 3676 est,
1976 3618 2052 3664 co
2100 3598 2150 3648 '-

240 3694 524 3768 taremns,
604 3693 860 3752 certum
925 3694 1043 3762 est,
1123 3705 1241 3749 nos
1306 3683 1458 3750 licet
1521 3682 1602 3749 ab
1665 3684 1809 3767 ipso
1873 3682 2064 3750 diabo
2091 3705 2150 3763 o,

239 3773 763 3855 concupiscentiis
812 3771 1069 3846 nostris,
1132 3781 1198 3834 et
1240 3768 1484 3836 mundo
1528 3767 1925 3848 sollicitatos,
1980 3790 2149 3834 nuu-

238 3874 409 3938 quam
461 3867 690 3924 tamen
750 3854 831 3921 ab
885 3855 1253 3923 obedientia
1296 3855 1437 3920 Deo
1493 3854 1708 3921 debita
1765 3874 2150 3933 recessuros,

236 3952 292 4004 et
329 3942 627 4009 omnibus
672 3941 1138 4008 tentationibus
1192 3940 1447 4007 fortiter
1502 3942 1862 4019 restituros,
1925 3949 1992 4005 et
2047 3940 2150 4004 iu-

239 4026 465 4095 offeuso
519 4027 687 4112 pede
738 4027 1132 4094 curriculum
1196 4036 1487 4091 nostrum
1548 4026 1616 4090 in
1659 4026 1865 4109 ipsius
1918 4026 2153 4092 timore

239 4110 621 4180 decursuros.
714 4113 883 4180 Nam
941 4114 996 4181 si
1054 4111 1338 4196 primum
1396 4112 1781 4178 immensam
1837 4118 1904 4176 et
1945 4110 2149 4176 admi·

239 4198 485 4264 randam
532 4200 746 4284 ipsius
791 4200 1197 4265 maiestatem
1244 4205 1463 4262 mente
1497 4195 2149 4282 apprehenderemus,

238 4296 462 4350 certum
523 4296 631 4351 est
695 4304 815 4350 nos
873 4283 954 4350 ad
1013 4282 1218 4350 solam
1275 4282 1729 4367 cogitationem
1783 4283 1961 4349 illius
2017 4295 2150 4347 tre·

240 4389 398 4435 more
441 4370 773 4454 perculsos
819 4370 946 4454 ipsi
981 4370 1342 4436 subiectum
1379 4368 1480 4433 iri.
1524 4367 1782 4434 Deinde
1816 4371 1870 4433 si
1907 4389 2150 4452 expeu-

241 4450 521 4535 dcrimus,
585 4477 711 4522 nos
755 4455 839 4521 ad
879 4456 1082 4540 ipsius
1133 4454 1486 4536 imaginem
1528 4464 1797 4532 creatos,
1853 4462 1922 4521 et
1964 4453 2150 4520 bonis

239 4543 515 4608 omnibus
556 4541 643 4608 ad
692 4542 891 4607 vitam
938 4541 1313 4612 necessariis
1359 4540 1662 4617 donatos,
1707 4539 1821 4605 sed
1866 4540 2151 4605 maxime

241 4644 341 4691 nos
379 4628 460 4693 ab
505 4627 649 4712 ipso
693 4628 1024 4712 regenitos
1064 4647 1181 4709 per
1222 4624 1610 4710 sanguinem
1654 4626 1832 4692 unici
1868 4625 1981 4691 filii
2028 4626 2150 4704 sui,

240 4730 370 4775 cum
411 4734 536 4797 quo
580 4714 1057 4797 coniungimur,
1104 4720 1176 4777 ut
1219 4733 1287 4777 re
1338 4712 1405 4775 ni
1446 4712 1649 4795 ipsius
1688 4713 1918 4777 fiamus
1955 4713 2152 4796 parti·

242 4795 425 4879 cipes,
479 4809 546 4863 et
605 4800 960 4883 repositam
1018 4817 1161 4864 esse
1217 4818 1301 4863 uo
1347 4796 1403 4863 is
1458 4798 1527 4863 iu
1584 4797 1779 4864 coelis
1821 4804 2150 4863 tantorum

243 4877 536 4949 bonorum
594 4885 992 4962 fruitionem,
1049 4883 1227 4961 haec,
1293 4882 1582 4966 inquam,
1645 4883 1698 4948 si
1757 4883 2152 4967 expendere-

245 4985 392 5045 mus,
428 4971 793 5055 nostrisque
830 4969 1027 5035 altius
1062 4969 1390 5036 mentibus
1426 4969 1862 5052 infigeremus,
1907 4978 2151 5035 certum

243 5062 329 5116 est
385 5076 498 5120 uos
550 5055 1025 5121 abominationi
1091 5074 1351 5120 omnem
1416 5055 1733 5120 offensam
1799 5054 2151 5134 habituros,

247 5151 304 5198 et
352 5161 606 5206 omnem
665 5141 1064 5208 occasionem
1118 5161 1286 5223 quac
1332 5162 1451 5206 nos
1496 5161 1534 5205 a
1579 5149 1908 5205 tantorum
1955 5140 2151 5207 bono-

246 5241 373 5289 rum
415 5227 718 5293 fruitione
761 5234 1088 5293 averteret
1130 5226 1512 5292 evitaturos:
1573 5235 1640 5292 et
1685 5226 1972 5292 maximo
2014 5234 2150 5292 stu·

2252 610 2560 664 sareutur
2602 609 2864 682 peccata
2906 601 3140 684 quibus
3184 600 3376 667 toties
3414 603 3624 685 ipsius
3657 601 3847 669 donis
3890 612 3958 669 et
3993 602 4186 670 bene·

2251 683 2421 751 ficiis
2494 684 2844 764 abutimur,
2932 695 2996 752 et
3073 686 3388 753 adversus
3473 687 3711 772 ipsius,
3770 688 4176 757 maiestatem

2253 771 2722 838 contumaciter
2792 794 2910 838 uos
2973 774 3280 857 gerimus.
3384 774 3563 840 Dicit
3626 774 3846 857 itaque
3913 772 4181 842 Samuel

2252 876 2374 923 nos
2429 854 2560 922 Dei
2615 856 2925 937 oblivisci,
2989 880 3189 943 quum
3245 858 3325 925 ab
3369 858 3483 925 illo
3543 860 3923 926 avertimur.
4010 861 4181 927 Nam

2252 944 2311 1009 si
2365 953 2679 1028 perpetuo
2730 943 2909 1009 illius
2966 944 3510 1023 meminissemus,
3575 947 3859 1029 profecto
3922 967 4184 1031 semper

2253 1028 2324 1094 iu
2366 1027 2544 1093 illius
2581 1030 2814 1094 timore
2852 1037 2917 1094 et
2950 1030 3321 1096 reverentia
3353 1030 3856 1111 contineremur,
3913 1052 3988 1100 ac
4033 1054 4181 1117 pec-

2251 1133 2402 1179 care
2478 1113 2792 1181 adversus
2855 1116 3057 1199 ipsius
3134 1115 3541 1183 maiestatem
3605 1114 4040 1198 horreremus,
4116 1125 4184 1185 et

2253 1199 2575 1265 voluntati
2640 1200 2842 1284 ipsius
2900 1222 3267 1285 repugnare
3325 1210 3783 1269 metueremus.
3888 1203 4180 1271 Maxime

2253 1306 2408 1351 vero
2448 1284 2580 1351 Dei
2631 1285 3015 1352 memoriam
3071 1307 3332 1352 omnem
3391 1287 3690 1355 homines
3733 1289 4006 1355 abiicere
4049 1309 4183 1357 cer·

2251 1378 2394 1435 tum
2437 1380 2556 1450 est,
2601 1392 2802 1454 quum
2850 1372 2974 1437 Dei
3017 1372 3265 1438 cultum
3308 1372 3702 1452 adulterant,
3766 1382 3834 1439 et
3868 1376 4181 1459 supersti-

2251 1456 2542 1522 tionibus
2608 1476 2751 1523 sese
2812 1456 3142 1536 addicunt,
3208 1467 3358 1541 post
3421 1459 3775 1525 revelatam
3833 1460 3993 1543 ipsis
4052 1460 4179 1526 Dei

2251 1542 2672 1608 voluntatem.
2761 1542 3014 1627 Pagaui
3054 1543 3149 1609 illi
3193 1543 3454 1628 quidem
3511 1545 3729 1611 Deum
3772 1546 3958 1612 obliti
4002 1556 4178 1625 sunt,

2250 1628 2365 1694 sed
2421 1637 2788 1711 temporum
2847 1649 3152 1695 successu
3220 1637 3287 1694 et
3343 1629 3537 1715 longo
3600 1631 3946 1697 intervallo
4004 1645 4184 1715 post-

2248 1733 2441 1797 quam
2519 1714 2692 1780 iusto
2772 1715 2976 1796 ipsius
3054 1714 3293 1781 iudicio
3361 1715 3664 1782 tenebrae
3723 1716 3795 1781 in
3859 1718 4180 1783 mundum

2251 1810 2593 1866 venerunt.
2679 1798 2934 1866 Verum
2993 1800 3106 1868 ubi
3150 1802 3330 1867 Deus
3374 1802 3498 1869 sibi
3538 1801 3930 1886 peculiarem
3977 1824 4181 1887 quen-

2251 1883 2401 1950 dam
2439 1885 2745 1967 populum
2781 1886 2999 1969 elegit,
3042 1895 3109 1952 et
3142 1887 3267 1952 sibi
3303 1908 3550 1971 suoque
3593 1888 3795 1954 cultui
3830 1900 3896 1954 et
3929 1890 4179 1957 nomini

2251 1970 2494 2036 dicavit
2549 1981 2615 2034 et
2671 1972 3093 2051 consecravit,
3150 1972 3491 2057 legemque
3555 1975 3988 2059 praescripsit,
4048 1996 4178 2059 qua

2250 2055 2651 2137 instituatur,
2711 2064 2780 2121 et
2836 2056 2918 2122 ad
2972 2076 3165 2122 omne
3219 2056 3421 2124 officii
3484 2079 3726 2124 munus
3789 2060 4175 2142 instruatur,

2251 2151 2327 2206 ut
2369 2141 2521 2208 hinc
2566 2142 2827 2224 quidem
2861 2142 2987 2207 Dei
3032 2143 3305 2209 verbum
3350 2144 3607 2221 habeat,
3649 2165 3775 2226 quo
3817 2145 4175 2225 erudiatur,

2250 2225 2403 2293 inde
2458 2248 2614 2293 vero
2671 2228 2984 2294 miracula
3041 2230 3279 2312 quibus
3321 2230 3390 2294 in
3436 2229 3632 2295 huius
3674 2228 4005 2297 doctrinae
4048 2232 4177 2298 fide

2251 2313 2701 2379 confirmetur:
2759 2315 2816 2379 si
2873 2312 2955 2379 ad
3000 2314 3497 2397 superstitiones
3561 2313 3709 2381 illas
3768 2316 4175 2382 ethnicorum

2253 2397 2580 2478 defecerit,
2625 2405 2694 2463 et
2733 2397 2857 2464 sibi
2900 2419 3108 2467 novos
3139 2399 3358 2467 cultus
3391 2422 3477 2466 ex
3511 2401 3780 2466 arbitrio
3815 2422 3935 2468 suo
3968 2403 4178 2467 finxe-

2252 2483 2360 2561 rit,
2436 2505 2513 2551 ac
2588 2504 2730 2551 sese
2806 2484 3225 2552 idololatricis
3303 2484 3765 2569 pollutionibus
3827 2487 4176 2567 miscuerit,

2254 2591 2406 2636 vere
2470 2581 2632 2636 tunc
2697 2568 2822 2636 Dei
2885 2570 3126 2638 oblitus
3186 2570 3302 2637 ille
3358 2571 3635 2655 populus
3689 2570 4003 2639 dicendus
4057 2582 4177 2640 est.

2253 2655 2480 2740 Neque
2520 2675 2675 2722 vero
2719 2656 2843 2722 hac
2884 2656 3211 2723 oblivione
3252 2656 3503 2723 crimen
3540 2677 3580 2722 a
3616 2657 3759 2722 Deo
3805 2656 4180 2725 defectionis

2252 2742 2590 2820 minuitur,
2649 2740 2751 2827 (ut
2805 2740 3093 2825 plerique
3136 2743 3353 2808 solent
3392 2750 3656 2825 peccata
3698 2762 3839 2823 sua,
3902 2742 4175 2810 oblivio-

2254 2828 2357 2892 nis
2412 2826 2610 2911 pallio
2669 2838 2888 2912 tegere
2942 2826 3044 2895 vel
3089 2828 3280 2908 tueri,
3337 2827 3523 2911 quasi
3565 2848 3901 2912 nunqnam
3945 2848 4170 2912 pecca-

2254 2913 2382 2978 turi
2440 2911 2735 2993 fuissent,
2794 2913 2850 2978 si
2908 2913 3076 2978 serio
3121 2912 3200 2980 de
3242 2912 3388 2979 Deo
3430 2913 3847 2999 cogitassent)
3889 2914 4177 2996 quando·

2252 2998 2508 3081 quidem
2569 2997 2943 3064 voluntaria
2994 2998 3111 3063 illa
3162 2998 3401 3066 oblivio
3458 3009 3524 3064 et
3584 2998 4007 3083 incogitantia
4059 3008 4174 3079 est,

2253 3084 2575 3150 exstincta
2640 3083 2782 3151 luce
2847 3103 3042 3166 quam
3102 3084 3285 3150 Deus
3348 3104 3566 3150 coram
3621 3084 3913 3168 ipsorum
3972 3083 4179 3152 oculis

2253 3169 2655 3247 accenderat,
2698 3179 2767 3234 et
2811 3171 2951 3235 Deo
2988 3169 3284 3254 neglecto
3326 3170 3431 3237 cui
3474 3180 3658 3254 terga
3700 3168 4054 3235 dederunt:
4110 3180 4178 3236 et

2250 3266 2480 3338 sponte
2529 3253 2774 3322 relictis
2827 3255 2907 3320 iis
2964 3254 3266 3321 omnibus
3322 3256 3563 3339 quibus
3621 3274 3755 3320 uon
3797 3260 4061 3320 tautum
4105 3256 4173 3320 in

2249 3340 2378 3407 Dei
2444 3341 2675 3406 timore
2738 3341 3028 3420 retineri,
3093 3339 3205 3407 sed
3270 3342 3467 3408 etiam
3530 3340 3783 3424 impelli
3847 3340 3930 3406 ad
3993 3339 4176 3406 illum

2249 3436 2567 3510 poteraut.
2656 3424 2839 3493 Haec
2893 3426 3115 3509 itaque
3172 3428 3392 3493 omnia
3449 3426 3681 3493 merito
3726 3424 3993 3493 Samuel
4034 3428 4176 3492 istis

2250 3511 2488 3579 obiicit.
2578 3510 2798 3592 Quare
2852 3512 2909 3578 si
2968 3511 3036 3576 in
3094 3511 3223 3578 Dei
3279 3510 3645 3579 obedientia
3701 3510 4052 3591 ambulare,
4111 3522 4178 3578 et

2250 3601 2336 3664 ad
2404 3596 2806 3663 voluntatem
2869 3598 3075 3682 ipsius
3140 3598 3349 3664 vitam
3416 3607 3704 3664 nostram
3770 3598 4175 3664 conformare

2252 3682 2573 3764 volumus,
2639 3682 2800 3748 haec
2859 3682 3227 3749 adhibenda
3276 3683 3493 3750 cautio
3550 3691 3669 3761 est,
3737 3704 3820 3749 ne
3884 3704 4174 3767 unquam

2250 3771 2565 3834 memoria
2606 3779 2830 3835 nostra
2872 3768 3175 3834 excidant
3207 3770 3457 3854 gratiae
3490 3769 3695 3853 ipsius
3737 3777 3807 3835 et
3839 3769 4177 3836 benefacta

2252 3874 2411 3938 erga
2466 3874 2609 3934 nos,
2685 3852 2797 3920 sed
2875 3855 3089 3938 potius
3158 3875 3380 3920 eorum
3450 3854 3831 3920 memoriam
3901 3855 4176 3921 subinde

2252 3940 2632 4006 refricantes
2697 3959 2949 4006 summo
3012 3938 3225 4005 studio
3287 3938 3695 4023 meditemur,
3760 3951 3835 4005 ut
3889 3940 4174 4006 officium

2254 4038 2549 4092 nostrum
2608 4025 2907 4108 postulat,
2965 4036 3033 4089 et
3085 4026 3155 4089 in
3195 4025 3401 4109 ipsius
3457 4025 3656 4092 verbo
3700 4046 3820 4091 nos
3862 4027 4173 4092 contiuuo

2251 4131 2691 4189 exerceamus,
2734 4119 2822 4175 'nt
2875 4113 2944 4175 in
3003 4111 3141 4193 ipso
3165 4110 3472 4194 «quotidie
3516 4111 3953 4195 instituamur,
3995 4119 4062 4177 et
4104 4111 4174 4174 in

2254 4198 2494 4264 recenti
2551 4197 2861 4263 memoria
2917 4215 3173 4279 semper
3229 4194 3615 4263 habeamus:
3677 4208 3751 4262 ut
3803 4197 3943 4280 ipse
3986 4195 4173 4261 nobis

2255 4282 2501 4368 placide
2566 4283 2837 4360 fruatur,
2904 4293 2969 4346 et
3032 4302 3153 4346 nos
3216 4282 3285 4348 iu
3358 4282 3499 4366 ipsc
3564 4281 3646 4346 ad
3711 4283 3906 4348 finem
3969 4300 4172 4364 usque

2252 4389 2654 4448 maneamus,
2711 4388 2785 4434 ac
2843 4367 2896 4433 si
2964 4366 3235 4433 deficere
3301 4389 3420 4433 nos
3487 4367 3567 4434 ab
3631 4367 3745 4433 illo
3811 4366 4173 4450 contigerit,

2251 4456 2530 4521 sciamus
2574 4453 2640 4518 id
2683 4454 2823 4520 fieri
2883 4452 3051 4536 quod
3092 4453 3584 4521 instructionem
3638 4453 3843 4538 ipsius
3885 4462 4172 4517 contem-

2252 4541 2551 4620 serimus,
2595 4547 2663 4605 et
2703 4560 2844 4604 eam
2891 4548 3113 4605 nostra
3153 4540 3400 4606 malitia
3445 4537 3691 4604 nullam
3736 4538 4094 4604 fecerimus.

2421 4626 2715 4709 Pergeus
2794 4624 3099 4708 deinceps
3156 4623 3424 4691 Samuel
3483 4623 3594 4700 ait,
3661 4644 3700 4689 a
3763 4622 3906 4688 Deo
3969 4623 4169 4688 fuisse

2253 4712 2447 4777 etiam
2506 4713 2738 4777 merito
2795 4710 3166 4795 castigatos,
3233 4720 3300 4776 et
3351 4712 3417 4774 in
3478 4729 3554 4775 eo
3616 4707 3814 4792 duplo
3858 4708 4171 4773 maiorem

2252 4798 2445 4864 etiam
2513 4797 2802 4881 ipsorum
2880 4794 3410 4881 iugratitudinem
3478 4795 3873 4880 apparuisse.
3961 4791 4173 4860 Debe-

2250 4884 2412 4950 baut
2476 4884 2652 4948 enim
2720 4881 2962 4948 divinis
3027 4881 3561 4965 castigationibus
3621 4878 3887 4957 erudiri,
3961 4889 4027 4944 et
4090 4877 4172 4943 ad

2250 4970 2587 5035 meliorem
2652 4969 2908 5053 frugem
2971 4966 3209 5033 reduci.
3317 4966 3557 5033 Paucis
3620 4975 3839 5031 autem
3906 4962 4171 5031 Samuel

2249 5054 2519 5121 Domini
2564 5053 2800 5120 iudicia
2841 5051 3242 5137 perstringit,
3285 5050 3400 5116 sed
3434 5052 3756 5117 notandae
3789 5061 3947 5118 sunt
3984 5048 4173 5116 nobis

2251 5141 2526 5207 istorum
2584 5140 2877 5205 omnium
2941 5136 3461 5203 circumstantiae
3518 5158 3603 5203 ex
3660 5135 3952 5203 historiis
4008 5155 4174 5220 quae

2253 5226 2323 5291 in
2390 5226 2577 5294 libris
2617 5224 2915 5291 Indicum
2981 5222 3421 5291 continentur.
3509 5223 3735 5307 Neque
3799 5221 3972 5288 enim
4042 5241 4176 5287 una
