5059 6059
284 293 348 357 17
1566 288 1668 354 IN
1702 288 1756 355 1.
1802 287 1984 355 Lm.
2029 287 2430 357 SAMUEL.
2476 288 2671 358 OAP.
2713 288 2913 358 XIII.
4145 290 4230 360 18

279 504 384 549 nae
422 477 586 544 laudi
634 478 924 557 ducetur,
968 476 1162 542 rebus
1204 477 1506 543 omnibns
1551 496 1633 544 ex
1679 478 1880 544 animi
1921 490 2183 544 senten·

277 572 351 634 tia
406 565 752 630 fluentibus
810 574 878 629 et
935 563 1459 639 succedentibus,
1504 564 1632 628 Dei
1672 564 2000 630 mandatis
2043 586 2178 630 mo·

273 675 390 720 rem
443 671 680 735 gerere,
740 648 852 716 sed
899 670 1105 732 quum
1153 649 1254 713 vis
1300 647 1616 732 quaedam
1665 651 1871 715 maior
1915 650 2178 730 accedit,

277 754 394 805 tum
436 736 764 803 coercendi
810 746 965 800 sunt
1009 756 1237 801 sensus
1285 737 1487 800 nostri
1534 754 1781 817 omnes,
1840 749 1901 799 et
1946 735 2179 803 adver-

270 848 393 892 sum
429 844 540 888 nos
571 825 743 905 ipsos
780 820 1203 905 pugnandum
1241 832 1359 897 est,
1406 835 1470 885 et
1506 821 1781 889 affectus
1814 822 2178 900 cohibendi,

271 923 335 977 nt
391 911 517 975 Deo
573 930 762 973 suum
826 907 1140 972 honorem
1200 905 1567 982 reddamus,
1628 908 1879 973 sincere
1937 909 2174 973 nihilo·

269 997 462 1063 minus
517 1015 663 1059 eum
719 993 1005 1060 colentes
1050 1003 1120 1058 et
1163 1004 1569 1058 venerantes.
1658 995 1878 1076 Atque
1919 994 2034 1058 illa
2076 1004 2178 1059 est

267 1083 398 1149 fidei
441 1093 701 1144 nostrae
745 1080 1125 1162 exploratio,
1171 1100 1369 1162 quum
1417 1078 1486 1142 in
1524 1080 1833 1144 maximis
1866 1079 2176 1163 periculis

265 1182 322 1234 et
363 1166 819 1232 tentationibus
864 1167 1297 1230 constantiam
1344 1166 1720 1246 retinemus,
1765 1176 1833 1229 et
1876 1187 2057 1250 spem
2104 1167 2175 1230 in

265 1274 448 1319 unum
505 1253 719 1317 Deum
780 1251 1129 1317 reiicimus.
1219 1249 1380 1315 Saul
1438 1250 1641 1334 igitur
1685 1254 1861 1316 omni
1906 1271 2174 1318 excusa-

264 1343 420 1405 tione
474 1348 667 1404 caret.
756 1336 979 1417 Quare
1023 1336 1346 1401 discamus
1390 1336 1456 1401 in
1503 1357 1741 1419 genere
1787 1337 1910 1404 hoc
1954 1359 2175 1404 exem·

261 1427 357 1510 plo
393 1445 634 1507 sapere,
681 1434 749 1489 et
790 1424 860 1487 in
897 1443 1103 1487 unum
1139 1421 1356 1486 Deum
1392 1423 1660 1504 eiusque
1696 1422 2173 1506 providentiam

261 1515 342 1576 ita
400 1512 789 1586 recumbere,
854 1518 930 1573 ut
985 1508 1125 1590 ipse
1181 1507 1370 1573 nobis
1425 1508 1655 1591 legem,
1726 1530 1855 1574 non
1917 1509 2013 1573 illi
2057 1531 2176 1575 nos

257 1600 682 1680 imponamus:
744 1614 953 1677 neque
1006 1593 1085 1658 ad
1148 1594 1323 1659 hunc
1369 1593 1470 1659 vel
1515 1593 1707 1658 illum
1752 1594 1924 1660 diem
1968 1597 2175 1678 ipsius

258 1704 421 1768 opem
481 1681 854 1765 alligemus:
911 1679 1027 1745 sed
1080 1678 1342 1744 fidelem
1399 1700 1541 1746 esse
1596 1678 1814 1745 Deum
1861 1682 2173 1765 persuasi,

256 1769 874 1851 illiacquicscamus:
922 1776 1119 1849 atque
1162 1765 1370 1845 illum,
1417 1766 1566 1831 licet
1611 1776 1837 1831 nostra
1869 1767 2174 1850 opinione

257 1854 485 1920 tardius
527 1853 856 1929 adveniat,
905 1862 1156 1915 mature
1200 1870 1460 1934 semper
1501 1851 1877 1916 adfuturum
1926 1875 2009 1917 ne
2053 1854 2170 1918 du·

257 1940 537 2006 bitemus.
631 1938 860 2020 Neque
916 1939 1093 2002 enim
1151 1935 1349 2002 rebus
1401 1937 1639 2003 creatis
1680 1951 1748 2001 et
1791 1939 2172 2004 mortalibus

254 2026 469 2092 similis
529 2038 629 2090 est
688 2023 892 2101 Deus,
951 2023 1185 2106 quibus
1241 2022 1521 2088 effluunt
1563 2024 1949 2101 occasiones,
2010 2045 2172 2107 quas

254 2114 536 2193 deinceps
596 2121 926 2193 nequeunt
981 2127 1400 2191 recuperare:
1455 2108 1568 2175 sed
1612 2107 1757 2174 Deo
1802 2131 1962 2175 suae
2004 2132 2170 2176 sem·

253 2220 357 2282 per
410 2207 717 2263 constant
775 2197 1064 2261 rationes
1121 2195 1446 2261 efficiendi
1502 2193 1674 2278 quod
1733 2194 2039 2273 decrevit,
2108 2207 2173 2263 et

252 2283 404 2366 quod
467 2283 548 2348 ab
617 2283 730 2347 illo
795 2301 1130 2365 speramus
1197 2281 1403 2364 ipsius
1469 2280 1667 2346 verbo
1733 2281 1903 2347 freti.
1993 2281 2173 2349 Sane

249 2369 424 2435 multi
483 2378 754 2452 peccant
810 2368 921 2431 hic
979 2367 1387 2448 impatientia
1443 2376 1509 2431 et
1565 2388 1804 2432 errore.
1894 2366 2169 2451 Conspi·

250 2474 428 2520 cuum
484 2455 551 2520 id
619 2455 695 2520 fit
753 2452 960 2520 Sarae
1017 2450 1316 2535 exemplo
1360 2454 1590 2518 matris
1636 2453 1941 2531 fidelium,
2004 2475 2171 2537 quae

249 2543 449 2607 virum
515 2541 719 2607 etiam
779 2561 969 2605 suum
1013 2537 1463 2603 Abrahamum
1510 2540 1578 2602 in
1625 2541 1905 2604 eundem
1949 2562 2169 2606 secum

249 2648 516 2692 errorem
605 2624 891 2690 induxit.
978 2625 1273 2706 Namque
1343 2624 1764 2690 Abrahamus
1838 2637 2171 2709 acceperat

248 2714 732 2796 promissionem
801 2712 1061 2776 futurae
1133 2710 1547 2792 posteritatis.
1637 2710 1769 2775 Sed
1832 2712 1957 2775 iam
2019 2732 2166 2794 pro-

246 2798 538 2865 vectioris
599 2798 833 2862 aetatis
876 2805 1048 2862 erat:
1115 2806 1181 2860 et
1224 2794 1394 2862 Sara
1435 2797 1674 2861 sterilis
1718 2808 1784 2860 et
1826 2806 2018 2862 extra
2061 2818 2168 2863 ae-

244 2892 427 2949 tatem
487 2905 658 2967 quae
715 2892 936 2967 posset
994 2883 1350 2965 concipere.
1438 2881 1691 2947 Verum
1750 2895 1968 2948 tamen
2028 2884 2169 2948 sine

244 2972 410 3053 prole
455 2970 639 3035 nulla
675 2970 835 3052 ipsis
873 2988 1023 3051 spes
1056 2968 1287 3033 salutis
1322 2978 1638 3050 superest.
1728 2968 1956 3051 Neque
1991 2970 2167 3034 enim

246 3066 486 3121 tantum
534 3056 777 3120 liberos
823 3053 903 3118 ad
951 3052 1409 3136 possidendum
1449 3064 1690 3118 terram
1726 3075 1920 3137 quam
1957 3075 1996 3118 a
2033 3055 2164 3120 Do-

244 3142 409 3206 mino
452 3151 843 3224 acceperant
883 3140 954 3204 in
999 3140 1464 3205 haereditatem
1508 3141 2009 3222 exspectabant:
2054 3140 2166 3205 sed

243 3240 529 3292 sanctum
576 3249 654 3294 ac
696 3224 1107 3291 benedictum
1152 3246 1374 3292 semen
1422 3246 1503 3290 ex
1549 3247 1674 3309 quo
1721 3225 2029 3292 Christus
2064 3248 2166 3292 sa·

242 3314 335 3378 lus
378 3315 580 3379 totius
627 3311 852 3377 mundi
896 3312 1212 3377 oriundus
1248 3312 1655 3394 expetebant.
1747 3310 1915 3379 Sara
1949 3312 2168 3396 itaque

243 3399 340 3465 hic
412 3400 724 3464 maximis
790 3396 1281 3463 difficultatibus
1341 3408 1647 3469 arctatur,
1722 3399 2167 3482 rationemque

241 3506 314 3549 ex
382 3485 796 3570 impatientia
866 3485 992 3549 Dei
1049 3483 1254 3548 verbo
1312 3484 1707 3549 contrariam
1767 3484 1908 3548 init.
1995 3484 2165 3550 Nam

239 3570 609 3636 Abrahamo
665 3577 892 3636 contra
947 3570 1076 3635 Dei
1130 3568 1341 3653 legem
1403 3568 1594 3634 aliam
1656 3590 1950 3649 uxorem,
2006 3582 2168 3654 puta

236 3657 528 3722 ancillam
590 3656 1007 3723 matrimonio
1062 3656 1310 3738 iungit:
1365 3669 1434 3721 et
1488 3657 1582 3719 ita
1640 3655 1838 3720 efficit
1882 3667 1955 3720 ut
1995 3655 2167 3721 ordi·

236 3764 371 3807 nem
445 3764 644 3826 quem
714 3743 1058 3825 oportebat
1122 3762 1263 3806 esse
1328 3740 1764 3806 inviolabilem
1834 3750 2165 3825 transgre-

236 3826 460 3894 diatur.
553 3828 692 3894 Sed
772 3826 927 3911 quid
1005 3826 1158 3893 inde
1240 3827 1501 3891 tandem
1572 3825 1827 3891 oritur?
1917 3827 2168 3910 Nempe

234 3914 675 3979 adulterinum
747 3933 966 3977 semen
1044 3933 1171 3995 quo
1239 3924 1372 3975 tota
1437 3912 1680 3976 familia
1745 3914 2169 3994 perturbatur

235 3999 625 4065 Abrahami:
688 3996 848 4064 adeo
891 4012 966 4062 ut
1009 3999 1147 4080 ipse
1191 4009 1461 4081 cogatur
1505 3997 1708 4062 veluti
1755 4019 1873 4062 sua
1915 3999 2168 4065 viscera

233 4087 558 4165 proiicere,
630 4083 800 4168 quod
869 4085 1139 4149 nimium
1208 4103 1512 4167 praeceps
1578 4084 1837 4149 fuisset:
1916 4094 1984 4148 et
2048 4085 2164 4149 tali

235 4191 430 4252 poena
491 4194 626 4236 non
688 4181 861 4235 esset
903 4170 1236 4251 indignus,
1302 4170 1471 4252 quod
1520 4172 1585 4235 in
1630 4170 1775 4234 Deo
1821 4191 1947 4234 non
1995 4181 2165 4235 totus

232 4257 680 4340 acquievisset.
768 4257 951 4321 Idem
1035 4252 1238 4322 Sarae
1315 4257 1549 4337 lapsus,
1642 4277 1810 4338 quae
1889 4255 2163 4320 nimium

232 4361 538 4426 praeceps
619 4342 743 4408 Dei
811 4342 1092 4425 gratiam
1156 4342 1511 4424 praevenit,
1600 4360 1728 4405 non
1794 4352 2165 4424 exspectato

235 4440 521 4511 tempore
572 4426 747 4512 quod
809 4429 990 4493 Deus
1044 4429 1189 4511 ipse
1232 4429 1645 4511 praefixerat.
1732 4426 1880 4492 Non
1926 4448 2164 4512 cogno-

233 4529 467 4579 verunt
512 4516 735 4580 Deum
779 4514 873 4577 ita
916 4512 1146 4579 dubios
1191 4514 1336 4580 illos
1381 4525 1618 4593 tenere,
1660 4523 1737 4577 ut
1777 4512 1909 4579 fide
1953 4514 2165 4581 obiec-

171 4622 179 4628 ·
233 4608 364 4664 tum
418 4599 624 4667 illud:
683 4597 863 4680 Quid
909 4600 1091 4665 nobis
1137 4599 1394 4664 miseris
1437 4601 1547 4664 fiet
1590 4599 1731 4664 sine
1773 4599 1998 4682 prole?
2055 4621 2164 4665 su·

232 4697 558 4766 potarent.
663 4686 864 4751 Nulla
922 4685 1365 4767 promissionis
1422 4685 1598 4751 illius
1656 4705 1805 4767 spes
1877 4696 2162 4769 apparet.

233 4770 292 4835 A
363 4773 428 4837 ui
473 4772 691 4838 maius
734 4771 989 4854 pondus
1034 4771 1206 4854 apud
1250 4772 1397 4836 illos
1439 4771 1725 4855 oportuit
1761 4771 2002 4836 habere
2042 4771 2165 4836 Dei

233 4876 343 4921 ver
387 4880 520 4936 um,
583 4878 659 4923 ac
716 4858 838 4924 sibi
899 4856 1302 4940 persuadere,
1362 4857 1510 4923 licet
1567 4856 1821 4923 coelum
1879 4868 1946 4921 et
1989 4866 2167 4922 terra

235 4961 378 5007 cum
422 4944 732 5010 omnibus
766 4943 1107 5008 elementis
1140 4942 1452 5008 adversus
1487 4945 1661 5026 ipsos
1695 4942 2164 5026 conspirarent,

234 5026 659 5097 nihilominus
703 5038 922 5095 tamen
969 5027 1189 5093 Deum
1234 5048 1388 5095 suas
1431 5028 1894 5111 promissiones
1936 5029 2166 5112 imple·-

235 5122 469 5182 turum.
560 5116 749 5197 Quae
793 5136 995 5199 quum
1038 5115 1133 5179 ita
1175 5115 1327 5197 sint,
1387 5114 1577 5180 hodie
1623 5112 1810 5179 nobis
1851 5135 1930 5179 ea
1972 5113 2165 5181 docu-

236 5210 449 5267 mento
507 5223 654 5268 esse
712 5209 988 5285 oportet,
1047 5210 1110 5265 et
1165 5222 1245 5266 ex
1302 5200 1434 5266 illis
1476 5202 1545 5266 in
1589 5200 1719 5267 Dei
1763 5200 1986 5266 schola
2026 5208 2169 5267 tan·

377 5302 607 5361 Galm'm'
640 5321 829 5375 opera.
913 5303 1024 5359 Vol.
1058 5303 1253 5358 XXX.

2286 488 2424 544 tum
2495 499 2903 562 promovere,
2970 493 3045 547 ut
3110 482 3348 547 nostris
3412 481 3755 551 affectibus
3816 478 4032 548 locum
4089 502 4226 553 nou

2284 563 2529 642 demus,
2592 587 2802 649 neque
2861 566 3275 649 impatientia
3317 574 3384 633 et
3425 567 3933 650 intemperantia
3974 576 4227 635 aestue-

2282 670 2462 716 mus:
2522 651 2637 717 sed
2699 650 2872 735 quod
2926 652 3114 719 Deus
3166 653 3471 735 proponit
3514 673 3882 736 sequamur,
3942 661 4010 719 et
4050 652 4225 739 quod

2284 749 2415 801 tam
2477 757 2671 821 saepe
2727 738 3049 821 scriptura
3104 748 3331 804 monet
3387 746 3456 804 et
3512 739 3750 822 repetit
3808 759 4223 822 usurpemus,

2283 823 2628 887 nimirum:
2695 824 3110 906 Exspectate,
3166 824 3504 905 sustinete,
3559 826 3884 909 patienter
3927 825 4224 896 tolerate.

2281 908 2382 974 Ac
2424 930 2585 974 sanc
2630 910 2683 974 si
2727 910 2938 974 innati
2985 910 3181 976 huius
3221 908 3367 976 vitii
3410 909 3481 975 in
3516 911 3720 987 nobis,
3764 909 4220 993 festinationis,

2282 995 2566 1077 inquam,
2627 1005 2693 1059 et
2751 994 3281 1078 praecipitantiae
3323 996 3460 1061 vim
3505 1006 3572 1061 et
3614 996 3970 1063 efficaciam
4014 1006 4221 1065 atten-

2281 1080 2532 1156 damus,
2601 1079 2772 1146 hanc
2831 1080 3189 1147 doctrinam
3234 1100 3367 1146 non
3409 1079 3603 1148 modo
3646 1102 3778 1149 non
3823 1083 4219 1165 superfluam

2280 1186 2439 1241 esse,
2504 1168 2618 1232 sed
2685 1166 2969 1232 maxime
3035 1166 3465 1237 neeessariam
3532 1168 4036 1251 comperiemus:
4096 1167 4217 1239 ho·

2282 1251 2507 1316 dierno
2553 1251 2937 1336 praesertim
2984 1260 3295 1338 tempore,
3339 1273 3466 1335 quo
3510 1273 3766 1319 summa
3810 1274 4028 1319 rerum
4064 1276 4217 1323 oon·

2280 1338 2447 1402 fusio
2504 1338 2748 1420 passim
2809 1337 3033 1405 fideles
3076 1338 3312 1416 obruit,
3377 1358 3542 1421 quos
3586 1351 3804 1405 tamen
3850 1339 4023 1405 hanc
4064 1340 4221 1409 reti·

2279 1444 2438 1489 nere
2481 1424 2863 1489 modestiam
2908 1434 2975 1488 et
3018 1423 3429 1507 prudentiam
3473 1432 3745 1509 oportet,
3804 1436 3882 1490 ut
3921 1446 4006 1493 ne
4049 1426 4217 1511 digi-

2281 1523 2423 1574 tum
2485 1509 2747 1592 quidem
2805 1510 2947 1575 sine
3006 1510 3133 1574 Dei
3178 1518 3346 1576 nutu
3389 1518 3457 1575 et
3499 1510 3843 1577 voluntate
3886 1520 4213 1580 moveant.

2279 1595 2449 1660 Nam
2488 1595 2786 1678 exemplo
2817 1593 3040 1661 Saulis
3074 1595 3403 1679 discimus,
3448 1595 3604 1678 quid
3641 1597 3728 1662 sit
3763 1597 3936 1663 ultra
3971 1599 4216 1682 positos

2279 1682 2592 1747 terminos
2670 1680 2910 1767 egredi.
2999 1682 3196 1747 Multi
3273 1683 3560 1765 profecto
3624 1681 3683 1748 si
3747 1681 3906 1766 quid
3970 1685 4083 1749 otii
4148 1690 4218 1750 et

2280 1767 2777 1850 tranquillitatis
2857 1788 2898 1833 a
2978 1767 3122 1835 Deo
3199 1767 3518 1851 obtinent,
3606 1768 4015 1852 triumphare
4092 1769 4217 1837 sibi

2277 1852 2606 1937 videntur,
2684 1862 2754 1918 et
2832 1873 3261 1937 quaecunque
3325 1854 3494 1919 ratio
3560 1853 3908 1921 dictaverit
3971 1864 4221 1921 temere

2277 1934 2667 2022 suscipiunt,
2725 1949 2800 2003 ut
2840 1958 2985 2004 sese
3024 1937 3263 2022 ubique
3304 1939 3589 2005 stultitia
3629 1940 3920 2023 ipsorum
3963 1941 4217 2024 prodat,

2276 2045 2423 2090 cum
2463 2023 2815 2090 ambitione
2848 2025 3209 2090 coniuncta.
3300 2025 3505 2108 Atqui
3540 2023 3726 2091 Deus
3759 2026 3893 2092 illis
3931 2026 4217 2093 maxime

2277 2110 2838 2192 triumphantibus
2873 2108 3158 2176 ostendit
3190 2110 3407 2176 irritos
3441 2111 3732 2195 ipsorum
3761 2132 3903 2178 esse
3924 2122 4216 2194 conatus,

2276 2212 2344 2260 et
2402 2199 2614 2280 potius
2671 2205 2848 2261 retro
2906 2196 3060 2261 ferri
3106 2214 3490 2263 cancrorum
3533 2196 3764 2274 instar,
3825 2218 4019 2280 quam
4063 2217 4214 2281 pro-

2276 2282 2559 2361 moveri,
2620 2292 2689 2347 et
2742 2282 2809 2347 in
2868 2282 3264 2349 contrarium
3310 2281 3531 2347 omnia
3572 2282 3732 2365 ipsis
3775 2283 4019 2350 cedere.
4110 2284 4213 2351 Eo

2275 2369 2493 2450 itaque
2550 2366 2927 2451 diligentius
2978 2368 3139 2433 haec
3199 2367 3495 2434 doctrina
3550 2378 3651 2434 est
3693 2369 3929 2435 animis
3973 2371 4214 2436 nostris

2275 2451 2721 2538 insculpenda,
2787 2463 2860 2517 ut
2926 2453 3088 2518 nihil
3157 2453 3284 2519 nisi
3350 2452 3524 2536 quod
3588 2452 3773 2520 Dens
3840 2456 4039 2522 verbo
4094 2476 4213 2523 suo

2273 2540 2769 2623 praescripserit
2810 2539 3285 2622 aggrediamur,
3332 2539 3551 2605 futuro
3596 2540 3884 2624 alioquin
3928 2541 4113 2608 irrito
4146 2550 4215 2609 et

2275 2624 2457 2690 inani
2517 2636 2783 2704 conatu,
2845 2636 2911 2690 et
2966 2645 3224 2691 summa
3267 2625 3645 2692 confusione
3688 2627 3939 2693 exitum
3983 2648 4211 2693 eorum

2274 2732 2440 2794 quae
2510 2721 2753 2776 temere
2811 2731 2895 2776 ex
2954 2718 3175 2777 nostro
3228 2731 3426 2777 sensu
3481 2713 3960 2795 susceperimus
4015 2714 4214 2781 comi·

2275 2806 2510 2862 tatura.

2445 2884 2885 2949 Transeamus
2950 2880 3032 2947 ad
3096 2882 3461 2964 sequentia,
3530 2883 3597 2947 in
3668 2884 3907 2966 quibus
3973 2883 4211 2953 dicitur

2278 2966 2443 3034 Saul
2495 2968 2901 3049 sacrificasse,
2963 2972 3024 3032 et
3083 2973 3414 3048 antequam
3466 2967 3801 3034 &solveret
3859 2967 4210 3037 Samuelem

2272 3054 2620 3136 advenisse,
2678 3054 2855 3134 eique
2894 3052 3149 3119 Saulem
3184 3053 3539 3132 occurrisse,
3599 3055 3686 3120 ad
3726 3054 3786 3119 ei
3827 3055 3970 3121 bene
4002 3055 4207 3123 dioens-

2273 3141 2441 3206 dum.
2534 3140 2643 3205 Ex
2700 3138 2934 3222 quibus
2983 3149 3252 3222 apparet
3308 3148 3549 3222 quanto
3593 3139 3843 3205 honore
3884 3140 4013 3207 Dei
4057 3161 4207 3223 pro·

2275 3226 2541 3308 phetam
2620 3224 2781 3292 Saul
2852 3233 3379 3309 prosequeretur:
3449 3225 3570 3291 etsi
3630 3227 3804 3291 enim
3862 3246 3981 3292 rex
4037 3233 4209 3293 esset

2272 3313 2405 3377 iam
2446 3313 2871 3378 confirmatus
2912 3313 2978 3376 in
3026 3311 3412 3377 universum
3456 3310 3787 3395 populum,
3832 3322 4051 3377 tamen
4096 3311 4209 3381 ho-

2275 3418 2433 3463 nore
2489 3397 2796 3483 prosequi
2856 3397 3079 3463 studet
3131 3418 3279 3462 eum
3336 3417 3527 3480 quem
3585 3397 3768 3463 Deus
3810 3397 4210 3481 praefecerat

2274 3484 2421 3568 ipsi,
2501 3494 2567 3549 et
2641 3483 2871 3551 ducem
2951 3504 3028 3550 ao
3092 3482 3430 3549 ductorem
3497 3482 3703 3548 eidem
3771 3484 4205 3550 commiserat.

2274 3571 2480 3635 Porro
2524 3591 2655 3635 vox
2700 3569 2816 3634 illa
2858 3567 3281 3635 Benedioondi
3323 3567 3493 3632 idem
3540 3569 3868 3653 significat
3911 3590 3987 3635 ac
4029 3569 4206 3638 salu-

2277 3668 2414 3722 tare
2458 3671 2524 3721 et
2567 3654 2730 3721 bene
2773 3655 3046 3739 precari,
3090 3663 3165 3720 ut
3206 3654 3489 3720 solemus
3525 3654 3693 3719 diem
3730 3654 4020 3722 faustum
4059 3677 4206 3741 pre-

2273 3744 2426 3817 cari,
2504 3754 2618 3808 ant
2698 3741 2926 3807 bonam
3004 3739 3466 3811 valetudinem.
3549 3740 3862 3822 quoniam
3941 3742 4206 3809 obviam

2276 3830 2426 3893 facti
2487 3828 2596 3891 alii
2658 3828 2803 3892 aliis
2860 3827 3166 3892 debemus
3222 3825 3437 3890 Deum
3497 3847 3614 3909 pro
3666 3826 3875 3893 salute
3917 3828 4207 3910 ipsorum

2275 3915 2545 3995 precari.
2592 3912 2836 3978 Variae
2872 3911 3128 3994 quidem
3167 3922 3324 3976 sunt
3357 3912 3725 3977 istiusmodi
3761 3913 4207 3994 salutationes,

2272 4020 2544 4081 quarum
2603 4007 2823 4064 tamen
2867 3998 3156 4062 omnium
3206 3996 3311 4062 hic
3354 4018 3589 4081 scopus
3633 4008 3751 4077 est,
3800 4010 3873 4064 ut
3915 4000 4045 4065 Dei
4090 4021 4206 4065 no—

2274 4104 2419 4148 men
2457 4104 2655 4167 super
2690 4104 2797 4148 sos
2833 4083 3216 4149 invocemus
3252 4083 3483 4165 quibus
3518 4083 3684 4149 bene
3719 4105 3860 4150 esse
3889 4087 4208 4166 volumus,

2271 4169 2631 4237 cuiusmodi
2693 4190 2919 4252 preces
2971 4169 3248 4233 usitatae
3302 4167 3475 4250 apud
3528 4191 3610 4235 no
3742 4171 4025 4237 faustum
4084 4170 4205 4235 tibi

2272 4255 2439 4320 diem
2502 4275 2750 4338 precor,
2810 4255 2992 4319 Deus
3049 4254 3166 4319 tibi
3229 4253 3579 4334 benedicat,
3612 4191 3822 4321 ⁸bens
3867 4254 3984 4320 tibi
4030 4255 4204 4321 vale-

2270 4342 2565 4406 tudinem
2610 4340 2939 4419 concedat,
3009 4350 3075 4404 et
3119 4340 3384 4421 similes,
3446 4342 3678 4423 quibus
3720 4361 3844 4407 nos
3889 4341 3970 4406 ab
4015 4341 4205 4408 unico

2273 4426 2416 4493 Deo
2477 4426 2848 4495 felicitatem
2896 4435 3277 4509 exspectare
3322 4424 3861 4493 demonstramus.
3951 4426 4205 4493 Verum

2269 4514 2379 4578 hic
2421 4512 2800 4598 saepissime
2844 4533 2884 4575 a
2926 4511 3148 4577 multis
3190 4521 3512 4595 peccatur,
3573 4513 3684 4594 qui
3729 4511 4097 4577 urbanitate
4136 4520 4206 4577 et

2269 4599 2583 4665 civilitate
2655 4598 2932 4681 quadam
3009 4619 3085 4663 ac
3142 4617 3321 4663 more
3374 4596 3589 4680 potius
3644 4617 3836 4680 quam
3895 4597 4204 4681 precandi

2270 4685 2487 4750 studio
2546 4694 2792 4750 temere
2851 4683 2978 4750 Dei
3033 4704 3275 4749 nomen
3332 4692 3696 4762 assumunt,
3754 4704 3986 4767 parum
4031 4683 4205 4769 cogi-

2269 4780 2487 4836 tantes
2553 4770 2707 4852 qnid
2769 4769 3069 4852 precibus
3125 4768 3256 4835 illis
3311 4788 3351 4832 a
3395 4767 3537 4833 Deo
3581 4769 3929 4851 postulent.
4017 4768 4203 4850 Quin

2267 4857 2464 4922 etiam
2525 4875 2715 4938 saepe
2760 4855 2829 4920 in
2875 4874 3177 4922 sermone
3220 4875 3259 4919 a
3300 4853 3529 4920 multis
3572 4863 3892 4936 peccatur,
3947 4855 4060 4938 qui
4104 4854 4202 4921 al-

2269 4942 2394 5007 teri
2437 4943 2665 5008 iubent
2708 4941 2851 5006 dari
2886 4963 3005 5007 suo
3041 4940 3303 5005 nomine
3340 4939 3627 5005 faustum
3663 4940 3854 5016 diem,
3898 4940 4084 5023 quasi
4114 4940 4206 5009 sit

2269 5030 2343 5093 in
2403 5028 2739 5094 hominum
2794 5035 3134 5111 potestate,
3191 5026 3480 5091 faustum
3540 5025 3732 5090 alicui
3794 5024 3967 5091 diem
4023 5025 4201 5094 dare.

2271 5114 2461 5180 Mera
2502 5133 2662 5179 sane
2704 5112 2818 5178 illa
2861 5122 2960 5180 est
3000 5112 3265 5194 ineptia,
3308 5110 3508 5175 immo
3544 5110 3818 5176 nimium
3854 5111 4208 5196 impudens

2270 5199 2663 5285 arrogantia.
2751 5198 3004 5264 Verum
3067 5196 3243 5263 istud
3299 5206 3398 5263 est
3452 5197 3691 5262 animis
3748 5199 3993 5265 nostris
4048 5199 4200 5269 infi-
