5059 6059
323 339 428 406 493

320 528 442 594 dam
483 522 599 588 Dei
634 539 838 588 manu
880 537 1229 607 pomussus
1262 521 1490 588 eodem
1526 524 1667 591 loco
1698 525 2016 592 occubuit.
2058 524 2207 590 Non

316 608 884 679 animadverterunt
944 608 1153 692 igitur
1215 607 1557 676 Israelitae
1622 610 1841 676 Deum
1906 611 2211 677 omuibus

315 713 537 779 πωροι·
588 693 864 760 usculis
906 694 1190 761 voluisse
1232 714 1425 760 suum
1470 696 1781 762 honorem
1824 699 2019 763 rebus
2060 695 2209 762 aliis

314 781 578 848 omnibus
651 781 995 863 anteponi,
1054 789 1123 845 et
1199 800 1352 846 cum
1417 781 1650 848 timore
1713 790 1780 848 et
1842 781 2211 849 obedientia

311 868 443 936 coli:
494 865 902 949 quamobrem
961 886 1160 950 quum
1203 865 1276 931 in
1322 867 1492 933 banc
1535 887 1753 935 arcam
1797 868 2211 935 intuerentur

312 955 415 1019 visi
454 962 600 1018 eunt
640 949 770 1017 Dei
814 971 1051 1018 arcana
1095 951 1261 1018 velle
1302 955 1599 1033 scrutari,
1644 955 1813 1036 quod
1836 954 2022 1022 Deus
2058 973 2207 1038 pro-

307 1039 593 1113 hibuerat,
649 1057 733 1102 ex
790 1038 1164 1103 curiositate
1219 1038 1529 1106 facientes
1540 1063 1559 1120 ;
1618 1041 1993 1108 audivimus
2033 1041 2206 1106 enim

306 1123 496 1189 Deum
548 1122 831 1190 vetuisse
880 1143 969 1188 ne
1021 1125 1166 1207 quis
1224 1143 1307 1189 ex
1364 1125 1553 1208 plebe
1595 1125 1778 1192 illam
1822 1128 2206 1194 intueretur.

303 1210 507 1292 Neque
565 1228 723 1276 vero
779 1221 1044 1293 propter
1098 1217 1447 1276 externum
1490 1212 1753 1297 signum
1800 1213 1959 1278 haec
2002 1214 2208 1279 conti·-

303 1294 709 1458 magog-eg
752 1295 1406 1447 &gnugnissgltlnffleti'xn
1434 1298 2209 1471 mgffmngiigrgglgg:

300 1467 587 1544 bern-vit,
654 1465 891 1549 quibus
949 1465 1056 1532 lex
1112 1466 1243 1532 fuit
1296 1467 1507 1534 instar
1548 1470 1905 1557 paedagogi
1947 1483 2015 1538 et
2055 1470 2206 1539 doc-

299 1551 489 1616 trinae
540 1553 828 1635 puerilis.
912 1551 1058 1617 Iam
1099 1573 1277 1635 vero,
1339 1571 1597 1639 quaeso,
1641 1574 1895 1622 mecum
1940 1558 2047 1624 hic
2091 1573 2207 1623 ex-

292 1636 533 1721 pendite
587 1646 840 1720 quanta
896 1637 1235 1704 hominum
1278 1640 1550 1707 audacia
1591 1652 1665 1707 et
1702 1643 2078 1727 arrogantia
2119 1645 2207 1711 sit

293 1741 469 1805 quum
522 1722 604 1787 ad
666 1721 888 1787 Deum
944 1724 1104 1807 ipsis
1159 1724 1597 1792 accedendum
1652 1736 1772 1807 est,
1837 1739 1914 1795 ut
1970 1747 2207 1814 nempe

290 1815 575 1891 tanquam
637 1828 828 1891 pares
858 1818 937 1874 ‘et
977 1809 1250 1894 sodales,
1295 1820 1371 1876 ut
1410 1813 1502 1877 ita
1540 1812 1772 1891 dim,
1827 1813 2054 1881 haberi
2094 1836 2209 1883 ve-

292 1893 419 1958 lint.
496 1893 761 1959 Deinde
802 1915 1134 1979 quousque
1190 1896 1314 1962 sibi
1374 1897 1662 1965 habenas
1706 1899 1941 1967 laxent
1981 1902 2053 1968 in
2101 1902 2205 1967 in-

288 1978 667 2063 vestigandis
688 1979 818 2044 Dei
840 1984 1114 2061 umis,
1137 1982 1350 2049 cnivis
1371 1993 1597 2049 notum
1619 1993 1737 2062 est,
1760 1983 1924 2052 adeo
1945 1999 2018 2052 ut
2038 1986 2205 2053 nibil

288 2063 617 2130 videantur
684 2066 987 2131 omittere
1047 2067 1120 2132 in
1185 2069 1358 2151 quod
1424 2087 1556 2135 non
1621 2071 1978 2154 inquirant.
2061 2072 2206 2140 Nae

288 2149 384 2214 vel
421 2150 589 2233 ipsas
647 2151 855 2217 nubes
899 2155 1394 2221 transscendere
1449 2154 1618 2222 velle
1659 2157 1986 2238 videntur,
2042 2175 2207 2224 nun-

288 2253 461 2317 quam
512 2237 766 2338 expleti
822 2238 1124 2305 fanaticis
1180 2241 1320 2306 suis
1375 2241 1942 2343 speculationibus.
2029 2244 2203 2345 N.⁸m

285 2340 396 2472 ii„
412 2341 532 2471 ‘¹2⁰
551 2320 719 2473 5³32,
747 2324 2207 2492 ῗῗιῖιῖἕιὲἓέ’ἓὲἓὲἱῖῗᾌὶἳζῗὲἱῗέἒέηὲ

283 2499 341 2554 et
375 2491 667 2559 innabile
709 2498 990 2579 navigat.
1080 2495 1261 2562 Deus
1295 2496 1512 2581 itaque
1542 2509 1828 2565 mentem
1863 2500 2201 2567 hominum

280 2589 675 2660 perspectam
716 2578 966 2681 habens
1007 2581 1157 2647 velo
1199 2583 1332 2666 tegi
1377 2582 1586 2649 voluit
1624 2603 1842 2651 arcam
1884 2586 2084 2666 illam,
2130 2599 2203 2688 et

316 2683 707 2815 Ἥῗὲω
732 2664 1417 2820 ζΐῑὲιᾜωὲἑῗξὲξ
1455 2687 1592 2819 1⁸⁰⁰„
1558 2670 2199 2842 33ζᾶιῖἶίιῖὺὲ

279 2833 432 2915 pulo,
473 2834 709 2901 velum
754 2837 1181 2904 tendebatur:
1235 2838 1472 2905 deinde
1515 2843 1710 2907 ctiam
1754 2845 2199 2911 sanctuarium

276 2918 403 2985 velo
443 2929 718 3002 tectum,
770 2923 839 2987 iu
882 2923 1054 3006 quod
1094 2925 1273 2992 solus
1312 2943 1605 2993 summus
1647 2927 1947 2996 sacerdos
1980 2928 2048 2995 in

277 3003 577 3085 dictatur,
619 3018 695 3073 et
735 3008 997 3091 quidem
1040 3029 1174 3076 non
1216 3012 1358 3077 sine
1390 3014 1730 3097 sanguine,
1771 3014 1855 3080 ad
1890 3034 2060 3099 popu
2091 3037 2201 3084 um

280 3089 405 3188 Deo
444 3093 1044 3160 reconciliandum:
1088 3105 1283 3181 atque
1324 3099 1520 3163 etiam
1566 3119 1718 3166 arca
1758 3100 1903 3184 ipsa
1947 3101 2201 3167 Oheru·

276 3175 564 3243 binorum
602 3177 736 3244 alis
773 3178 1212 3266 obwgebatur.
1298 3183 1470 3249 Nam
1514 3184 1795 3251 habebat
1827 3205 1979 3253 arca
2010 3205 2202 3254 suum

277 3263 667 3344 operculum,
719 3264 889 3348 quod
947 3267 1085 3333 suis
1125 3268 1250 3335 alis
1292 3268 1655 3337 Cherubini
1698 3271 1829 3336 duo
1871 3272 2203 3358 tegebant.

276 3345 556 3427 Quorum
616 3351 918 3416 omnium
970 3352 1085 3418 hic
1136 3363 1281 3420 erat
1320 3355 1493 3434 finis,
1551 3367 1624 3421 ut
1665 3357 1976 3440 populum
2019 3358 2207 3425 Deus

276 3431 435 3531 intra
475 3435 839 3502 modestiae
876 3446 941 3503 et
986 3437 1355 3507 sobrietatis
1389 3439 1558 3507 fines
1589 3443 1920 3520 retineret,
1941 3464 2026 3510 ne
2047 3444 2204 3527 quid

273 3519 385 3584 nbi
436 3522 588 3604 quis
652 3521 735 3587 de
793 3522 936 3588 Deo
991 3545 1074 3589 ex
1132 3545 1289 3591 snae
1343 3528 1583 3594 mentis
1639 3528 1906 3594 arbitrio
1957 3536 2203 3596 temere

273 3603 554 3689 fingeret,
612 3608 734 3673 sed
789 3608 954 3694 legis
996 3609 1289 3680 doctrina
1329 3620 1672 3679 contentus
1713 3631 1858 3678 eam
1902 3614 1999 3680 sic
2038 3616 2202 3683 reci·

268 3697 454 3771 peret,
497 3715 590 3759 ne
641 3692 799 3777 quid
839 3693 1212 3761 addendum
1253 3695 1349 3762 illi
1393 3698 1496 3765 vel
1532 3698 2005 3765 detrahendum
2028 3702 2202 3767 exis·

270 3777 547 3844 timaret:
613 3790 737 3845 aut
792 3778 875 3846 de
924 3799 1082 3848 suae
1138 3783 1613 3869 intelligentiae
1676 3786 2082 3868 praestantia
2136 3796 2204 3854 et

267 3860 501 3944 ingenii
566 3866 827 3932 viribus
880 3869 1219 3951 quisquam
1277 3882 1741 3954 praesumeret.
1827 3869 2082 3939 Deinde
2124 3882 2204 3937 ut

266 3944 381 4012 Dei
422 3952 745 4018 maiestas
786 3954 1139 4036 patefieret,
1194 3962 1261 4020 et
1301 3956 1442 4021 eius
1487 3956 1779 4023 doctriua
1819 3958 1914 4023 sic
1954 3959 2200 4041 recipe-

264 4043 453 4129 retur,
522 4046 605 4102 ut
676 4058 805 4104 non
862 4038 1061 4104 sliam
1115 4041 1327 4122 ipsius
1383 4041 1510 4107 Dei
1553 4040 1982 4125 cognoscendi
2023 4044 2201 4110 viam

263 4123 742 4207 investigarent
804 4143 1001 4207 quam
1068 4145 1233 4208 quae
1297 4126 1495 4193 verbo
1557 4137 2049 4206 monstraretur,
2128 4130 2202 4194 in

265 4222 384 4286 qua
452 4227 605 4275 sese
667 4209 851 4276 Deus
908 4211 1393 4294 agnoscendum
1450 4214 1807 4280 secundum
1864 4213 2202 4281 hominum

259 4303 515 4373 captum
586 4293 789 4361 dedit.
873 4295 981 4362 Ad
1039 4317 1207 4381 quae
1260 4297 1607 4382 peculiaris
1648 4300 1841 4364 etiam
1884 4300 2201 4383 quaedam

260 4377 422 4441 ratio
489 4389 659 4447 tunc
723 4382 1084 4462 accedebat,
1146 4401 1385 4467 nempe
1445 4393 1598 4451 ante
1664 4386 1934 4450 Domini
1990 4389 2200 4454 nostri

258 4459 401 4528 lesu
452 4465 721 4532 Christi
763 4467 1120 4534 adventum
1162 4470 1530 4552 oportuisse
1568 4471 1746 4554 ipsos
1787 4490 1931 4538 sese
1973 4492 2014 4538 a
2055 4471 2201 4538 Deo

258 4552 646 4618 remotiores
687 4554 951 4637 sentire,
1005 4562 1072 4620 et
1112 4554 1429 4640 legalibus
1468 4553 1893 4623 caeremoniis
1935 4558 2198 4637 erudiri,

254 4635 487 4714 quibus
531 4637 936 4704 docerentur
978 4639 1245 4722 plenum
1288 4642 1691 4708 remissionis
1734 4653 1992 4725 tempus
2033 4663 2201 4709 non-

254 4719 406 4785 dum
442 4724 823 4790 advenisse.
908 4725 1045 4791 Nos
1078 4726 1300 4811 itaque
1333 4727 1489 4793 licet
1519 4748 1733 4812 neque
1765 4749 1983 4794 arcam
2017 4728 2197 4793 illam

252 4808 691 4889 materialem,
725 4830 934 4895 neque
968 4812 1128 4893 legis
1149 4811 1590 4880 caeremonias
1614 4813 1946 4896 habemus,
1979 4823 2197 4880 tamen

251 4895 579 4975 veritatis,
627 4913 793 4979 quae
841 4898 973 4963 illis
1013 4897 1522 4981 significabatur,
1568 4901 1910 4984 participes
1950 4919 2198 4980 sumus,

249 4995 327 5041 ac
380 4977 618 5047 Deum
674 5001 717 5045 a
771 4983 961 5050 nobis
1003 4984 1264 5051 adorari
1308 5001 1457 5051 cum
1499 4986 1918 5069 simplicitate
1960 4986 2200 5053 mentis

247 5075 526 5145 oportet,
590 5067 862 5152 eiusque
912 5089 1154 5137 arcam
1202 5071 1472 5138 consilia
1527 5071 1836 5138 admirari
1879 5080 1947 5136 et
1986 5073 2198 5156 suspi-

249 5168 395 5215 cere
453 5151 800 5235 debemus,
855 5175 986 5223 non
1040 5152 1124 5221 ad
1179 5158 1617 5224 curiositatem
1655 5169 1918 5242 praeter
1959 5158 2200 5225 mentis

245 5245 519 5305 nostrae
581 5241 1998 5329 captum,sedadsalutemexscripturis
2050 5263 2197 5311 eru·

1641 336 1741 403 IN
1784 335 1839 402 1.
1885 335 2068 403 Lm.
2111 331 2514 403 SAMUEL.
2561 333 2759 403 CAP.
2804 335 2926 403 VI.

4111 340 4244 407 494

2311 522 2549 590 endam
2619 543 2819 608 quam
2897 525 2970 590 in
3045 523 3180 590 illis
3242 525 3567 592 contineri
3631 524 3960 609 docemur,
4031 536 4100 594 et
4162 528 4244 593 ad

2309 610 2551 677 mentis
2608 624 2865 676 nostrae
2907 611 3392 689 correctionem,
3450 622 3528 676 ut
3568 612 3662 676 ait
3701 612 3972 693 Paulus,
4034 633 4120 679 ne
4161 634 4245 680 ex

2309 696 3637 864 υζιξγεᾶθζῐτυρρίοὲῗὴωωιιωρὶηαηω
3681 705 4078 851 ονθτιῧωιιε,
4131 698 4247 765 sed

2308 803 2346 848 a
2432 804 2513 848 us
3068 804 3238 848 mur.
3394 804 3477 847 ua
3668 804 3826 848 uum
3938 805 4055 850 eus
4144 805 4249 851 ro·

2309 867 2524 933 hibuit
2567 885 2652 932 ne
2693 799 2851 951 gisel
2885 802 2970 933 fd
3031 888 3249 933 arcam
3315 803 3829 952 inamoe'psspius
3891 806 4246 948 acoedg-et,

2306 965 2423 1020 aut
2459 954 2710 1037 nequis
2752 952 2932 1018 illam
2956 960 3218 1036 praeter
3245 954 3458 1020 solum
3488 974 3819 1020 summum
3842 956 4240 1022 sacerdotem

2306 1042 2736 1192 cantidigeret,
2797 1038 3026 1190 docuitl
3058 1060 3179 1105 nos
3219 1059 3369 1104 cum
3413 1039 3728 1209 uggdesgg
3768 1050 3837 1106 et
3878 1041 4248 1194 Ιιηωίιίἑὲξ

2306 1148 2345 1192 a
2512 1143 2663 1191 eum
2707 1124 2981 1193 acceden
3032 1146 3141 1190 um
3184 1145 3344 1202 esse,
3403 1147 3444 1192 a
3518 1146 3597 1191 ue
3725 1147 3802 1190 eo
3846 1147 4062 1193 eoram

2304 1214 2628 1277 immensa
2697 1220 2767 1276 et
2833 1211 3090 1277 infinita
3143 1211 3487 1277 maiestate
3543 1211 3975 1291 tremendum,
4035 1234 4246 1296 neque

2306 1307 2566 1364 tautum
2624 1296 2810 1363 nobis
2863 1295 3299 1382 arrogandum
3344 1305 3421 1362 ut
3460 1296 3627 1364 scire
3671 1296 3917 1381 aliquid
3962 1297 4245 1382 amplius

2305 1401 2498 1469 quam
2555 1382 2728 1466 quod
2784 1386 2925 1466 ipse
2983 1382 3368 1466 permiserit,
3435 1393 3553 1448 aut
3607 1402 3805 1466 quam
3861 1384 4067 1450 verbo
4124 1401 4242 1451 suo

2302 1471 2443 1553 ipse
2482 1468 2878 1553 patefecerit,
2922 1468 3279 1552 cupiamus.
3365 1469 3576 1534 Porro
3618 1489 3818 1551 quum
3864 1467 4043 1535 solus
4066 1490 4241 1536 sum·-

2304 1573 2451 1621 mus
2493 1553 2794 1621 sacerdos
2836 1573 3052 1621 arcam
3098 1553 3338 1621 dicitur
3379 1563 3828 1634 contrectasse,
3880 1574 3963 1620 ex
4006 1576 4084 1621 eo
4127 1553 4242 1622 do·

2305 1657 2560 1707 cemurt
2617 1637 2979 1706 Dominum
3023 1651 3325 1706 nostrum
3365 1638 3588 1705 Iesum
3631 1639 3985 1718 Christum,
4045 1641 4161 1723 qui
4201 1657 4242 1707 e

2304 1728 2455 1793 sinu
2512 1727 2723 1810 patris
2765 1725 3023 1809 prodiit,
3086 1725 3335 1791 factum
3378 1745 3520 1791 esse
3563 1727 3784 1809 magni
3827 1721 4078 1792 consilii
4122 1746 4242 1792 an·

2306 1813 2545 1899 gelum,
2601 1811 3007 1894 eundemque
3061 1811 3253 1877 nobie
3307 1810 3618 1894 quidquid
3676 1821 3777 1877 est
3832 1809 3914 1876 ad
3959 1812 4236 1878 salutem

2305 1898 2744 1964 necessarium
2796 1897 3103 1963 revelare.
3121 1983 3135 1998 .
3191 1897 3390 1963 Hane
3444 1896 3528 1962 ob
3583 1915 3846 1963 causam
3903 1897 4074 1999 apud
4131 1896 4237 1998 Io-

2303 2003 2545 2137 :3:203
2574 1980 3735 2154 ciliis„‘gilo:1¹ial‘gimgtmx'nz3¹1:itudinsti2
3734 1983 4239 2167 mmm:

2303 2155 2485 2223 sibus
2526 2175 2660 2220 non
2703 2173 2778 2221 ca
2863 2169 2953 2234 re,
2996 2151 3112 2219 sed
3154 2153 3366 2219 fllium
3401 2154 3669 2219 unicum
3704 2154 3815 2252 qui
3852 2161 3954 2219 est
3987 2174 4057 2252 in
4086 2154 4240 2220 sinu

2304 2241 2527 2326 patris,
2572 2257 2725 2306 eum
2812 2259 3016 2307 ocere.
3104 2240 3316 2306 Porro
3362 2237 3534 2322 quod
3568 2240 3637 2304 in
3673 2253 3822 2303 sinu
3859 2247 4062 2321 patris
4097 2259 4239 2306 esse

2304 2328 2557 2406 dicitur,
2601 2346 2678 2392 eo
2717 2324 3160 2409 metaphorice
3201 2325 3528 2391 indicatur
3560 2323 3906 2407 peculiaris
3939 2323 4053 2389 illa
4085 2343 4239 2409 cog-

2305 2413 2482 2496 nitio,
2526 2429 2660 2495 qua
2700 2412 2906 2495 patris
2946 2429 3187 2477 arcana
3225 2410 3448 2476 omnia
3487 2410 3696 2488 novit,
3754 2421 3950 2493 atque
3992 2409 4239 2476 media-

2303 2506 2512 2564 torem
2569 2515 2712 2563 esse
2768 2495 2955 2563 illum
3010 2494 3336 2576 docemur,
3392 2505 3461 2562 et
3511 2494 3782 2578 spiritus
3824 2515 3877 2561 s.
3921 2492 4240 2560 donorum

2302 2584 2591 2650 omnium
2634 2582 3106 2666 plenitudinem
3148 2581 3363 2665 ipsum
3407 2582 3748 2666 accepisse,
3815 2600 3902 2646 ex
3944 2599 4075 2662 quo
4118 2599 4241 2647 noe

2303 2669 2706 2746 hauriamus,
2751 2669 2923 2752 quod
2967 2667 3207 2733 Esaias
3248 2667 3572 2752 propheta
3613 2666 3807 2750 capit.
3874 2659 3979 2732 11.
4023 2674 4090 2731 et
4131 2666 4236 2732 61.

2302 2754 2600 2840 pluribus
2654 2754 3084 2837 pemequitur.
3190 2753 3298 2818 En
3353 2751 3563 2837 igitur
3615 2771 3746 2835 quo
3800 2751 3995 2817 modo
4051 2750 4242 2818 Iesus

2304 2841 2610 2908 Christus
2650 2857 2946 2906 summus
2987 2847 3209 2904 noster
3250 2845 3352 2904 est
3393 2836 3706 2921 pontifex,
3737 2857 3856 2920 per
3872 2855 4064 2919 quem
4089 2855 4241 2920 pro-

2304 2926 2454 3077 ¹'{‚¹¹⁸
2489 2924 2571 2991 ⁸⁶
2607 2925 2822 3074 ³⁰¹¹?
2858 2923 3356 3076 ⁸⁰⁰3223¹²¹³3122⁰
3391 2923 3812 3075 Effiffl‘
3841 2921 4237 3073 ffiffi’

2305 3033 2346 3079 a
2464 3032 2543 3078 eo
2766 3031 2896 3076 iam
3153 3031 3179 3074 ι
4221 3057 4237 3084 ,

2304 3116 2497 3182 quam
2561 3027 2826 3163 cmg'fiabet
2880 3030 3167 3162 motituf.
3252 3096 3358 3161 Ne
3413 3115 3570 3179 ergo
3628 3094 3710 3160 de
3765 3112 3836 3159 se
3890 3092 4236 3176 quisquam

2306 3183 2505 3250 altius
2561 3183 2791 3268 sapiat,
2857 3180 3374 3265 quandoquidem
3428 3202 3552 3248 sua
3597 3179 3832 3262 cuique
3882 3177 4095 3263 portio
4137 3185 4240 3244 est

2304 3268 2640 3349 attributa,
2690 3266 3234 3352 quemadmodum
3277 3266 3465 3333 docet
3506 3265 3855 3364 apostolus,
3896 3272 3966 3329 et
4005 3262 4238 3329 modus

2302 3375 2421 3439 per
2483 3370 2678 3436 quem
2734 3351 3062 3419 Dominus
3117 3360 3340 3419 noster
3396 3350 3586 3419 Iesus
3642 3350 3951 3417 Obrutus
3987 3369 4112 3415 nos
4153 3345 4237 3414 ad

2301 3449 2556 3525 patrem
2613 3438 2906 3504 deducit:
2972 3458 3177 3522 quare
3226 3459 3353 3505 sua
3407 3438 3680 3521 quisque
3732 3435 4030 3519 portione
4086 3449 4240 3500 con—

2302 3533 2527 3592 tentus
2582 3533 2740 3604 esto,
2795 3544 3009 3608 neque
3062 3532 3252 3589 extra
3307 3523 3481 3590 viam
3539 3520 4009 3606 praescriptam
4051 3519 4237 3586 aber·

2303 3619 2465 3694 rato,
2530 3609 2646 3676 sed
2697 3619 2946 3676 rectam
2989 3609 3190 3690 viam,
3247 3608 3411 3674 duce
3451 3606 3619 3688 Deo,
3673 3608 3980 3691 seqnitur,
4039 3614 4239 3689 atque

2301 3698 2478 3762 intra
2520 3696 2838 3763 terminos
2879 3715 2920 3760 a
2960 3717 3011 3761 s.
3054 3697 3381 3778 scriptura
3423 3693 3666 3777 positos
3706 3701 3983 3770 maneto,
4026 3710 4240 3773 neque

2303 3782 2499 3848 aliam
2562 3779 2860 3846 altiorem
2916 3780 3258 3847 scientiam
3314 3799 3509 3864 quam
3553 3798 3720 3861 quae
3762 3776 3951 3844 nobis
3992 3777 4065 3841 in
4107 3775 4242 3842 Dei

2302 3866 2523 3934 schola
2565 3867 2647 3933 ab
2688 3867 2833 3950 ipso
2866 3865 2997 3931 Dei
3034 3866 3170 3931 filio
3204 3865 3590 3949 proponitur
3621 3864 3926 3947 appetito.
4011 3864 4238 3944 Atque

2302 3953 2624 4020 hactenus
2701 3952 2783 4017 de
2844 3951 2991 4018 istis
3048 3951 3296 4018 dictum
3359 3960 3530 4017 estez
3610 3948 3916 4032 deinceps
3977 3948 4236 4034 plagam

2300 4039 2481 4104 illam
2547 4036 2992 4124 expendamus
3045 4035 3554 4103 Bethscbemitis
3608 4035 3987 4113 immissam,
4052 4033 4238 4101 cuius

2302 4144 2436 4190 non
2500 4124 2725 4208 procul
2786 4141 2981 4190 cauea
3041 4120 3452 4206 requirenda,
3515 4118 3690 4204 qnod
3753 4122 3974 4186 minus
4037 4138 4237 4183 excu-

2301 4209 2487 4277 sandi
2568 4216 2786 4275 essent
2859 4207 3200 4275 Israelitae
3275 4225 3472 4291 quam
3552 4205 3919 4272 Philistaei.
4019 4207 4238 4286 Atque

2300 4296 2424 4362 hoc
2486 4294 2659 4362 serio
2721 4293 2914 4361 nobis
2975 4292 3390 4378 coffltandum
3456 4301 3521 4358 et
3582 4290 4050 4358 advertendum
4114 4297 4236 4353 est.

2300 4381 2474 4448 Nam
2543 4383 2790 4448 scimus
2852 4399 3120 4447 servum
3175 4379 3287 4463 qni
3338 4377 3485 4444 heri
3535 4378 3940 4445 voluntatem
3998 4393 4235 4457 cogno-

2300 4463 3784 4619 xsitnmoeffffiffimffifflbt·
3801 4460 4068 4611 mit,
4095 4479 4238 4610 ‘’f-²:

2300 4657 2424 4705 nus
2481 4636 2821 4704 ferendum
2887 4657 3082 4721 quam
3143 4657 3329 4702 error
3391 4643 3511 4700 aut
3571 4631 3960 4718 ignorantia.
4046 4629 4139 4694 At
4179 4630 4236 4697 si

2299 4726 2411 4808 qui
2456 4735 2684 4808 peccat
2725 4743 2809 4788 ex
2852 4724 3247 4807 ignorantia,
3304 4741 3440 4786 non
3484 4718 3631 4784 ideo
3675 4727 3900 4783 tamen
3943 4736 4069 4781 non
4114 4734 4234 4798 pa-

2299 4800 4236 4970 ss‘sssffi5300323‘·2¹233222213323322stans?

2298 4982 2528 5060 uitam,
2600 4991 2823 5048 tamen
2896 4944 3062 5046 Deo,
3111 4979 3450 5057 resistunt,
3509 4995 3729 5041 annon
3788 4974 3919 5039 ista
3971 4971 4237 5038 rebellio

2297 5067 2452 5136 illos
2506 5063 2755 5133 indicat
2807 5088 2839 5133 e
2928 5075 3039 5132 ute
3095 5065 3224 5131 Dei
3281 5083 3426 5129 esse
3477 5060 3775 5127 inimicos
3832 5069 3902 5125 et
3952 5057 4237 5124 iustitiae

2298 5153 2550 5239 ipsius?
2609 5150 2790 5221 Sane
2920 5151 3188 5218 raelitae
3240 5157 3400 5214 sunt
3449 5147 3521 5213 in
3564 5145 3689 5213 hoc
3727 5163 4023 5223 numero,
4081 5164 4234 5210 nam

2299 5243 2512 5329 legem
2555 5239 2903 5320 habebant,
2944 5238 3130 5305 cuim
3170 5236 3371 5302 etiam
3411 5240 3697 5300 menum
3738 5230 4108 5317 intelligere
4127 5228 4242 5297 de·
