5059 6059
859 345 985 413 103

862 559 939 606 eo
997 538 1301 605 remotior
1358 537 1482 615 fui,
1551 537 1722 621 quod
1781 537 2190 621 iniquitatem
2245 538 2314 602 in
2370 557 2477 601 me
2536 536 2791 602 tantum

860 646 1003 692 esse
1046 625 1348 709 cognovi:
1417 622 1967 705 quemadmodum
2013 622 2092 688 de
2136 644 2205 688 se
2249 621 2390 705 ipso
2433 623 2683 688 Paulus
2724 622 2789 688 id

860 713 1069 796 ipsum
1115 711 1477 794 profitetur,
1534 720 1599 775 et
1659 709 1923 792 quidem
1981 728 2108 791 quo
2155 722 2447 791 tempore
2493 719 2624 773 tam
2663 709 2792 773 for-

859 798 1015 862 titer
1050 796 1119 861 in
1163 794 1566 877 apostolatus
1602 796 1811 860 officio
1859 815 1999 860 sese
2045 797 2370 860 exercuit:
2421 794 2568 860 Non
2606 795 2790 875 facio,

856 882 1087 965 inquit,
1131 880 1356 946 bonum
1397 881 1563 963 quod
1605 881 1856 961 vellem,-
1893 880 2073 945 video
2117 881 2281 944 enim
2315 881 2385 945 in
2425 899 2614 945 came
2653 899 2792 944 mea

858 987 1098 1049 seraper
1174 967 1458 1049 aliquam
1534 967 1855 1033 residuam
1931 965 2371 1047 infla-mitatem,
2481 966 2791 1031 Testatur

856 1055 1077 1137 itaque
1142 1052 1390 1117 Paulus
1456 1071 1526 1116 se
1592 1072 1720 1116 non
1787 1060 2157 1116 currentem
2231 1064 2301 1115 ut
2365 1051 2559 1116 officii
2627 1052 2790 1115 ratio

977 1137 1244 1214 tulabat,
1291 1159 1420 1201 non
1467 1138 1678 1202 facere
1724 1137 1961 1203 bonum
2008 1136 2176 1219 quod
2223 1137 2451 1202 vellet:
2500 1136 2611 1201 sed
2657 1156 2792 1200 ma-

856 1160 995 1290 m
1060 1223 1231 1307 quod
1299 1223 1557 1288 odisset.
1669 1225 1884 1288 Deum
1964 1222 2224 1304 quidem
2305 1221 2514 1287 fateor
2590 1242 2791 1305 opera

858 1321 1082 1376 nostra
1123 1310 1413 1394 accipere
1455 1319 1523 1373 et
1566 1308 1806 1375 habere
1846 1317 2054 1392 grata,
2100 1307 2253 1372 licet
2294 1327 2525 1373 manca
2572 1317 2637 1372 et
2672 1309 2791 1372 im-

858 1397 1181 1481 perfecta:
1257 1394 1368 1459 sed
1436 1414 1517 1458 ex
1584 1415 1767 1459 mera
1838 1393 2240 1459 liberalitate.
2353 1392 2573 1475 Quare
2639 1394 2792 1457 licet

859 1481 1046 1547 nobis
1092 1501 1221 1545 non
1267 1481 1471 1545 simus
1517 1480 1753 1546 conscii
1798 1480 1996 1545 ullius
2041 1479 2309 1561 peccati,
2356 1487 2423 1544 et
2465 1500 2600 1544 non
2649 1499 2791 1562 per-

859 1567 1175 1650 cipiamus
1232 1585 1358 1649 qua
1411 1566 1481 1629 in
1543 1586 1613 1630 re
1673 1566 1758 1629 sit
1810 1587 1849 1630 a
1910 1565 2094 1631 nobis
2152 1575 2511 1647 peccatum,
2567 1573 2789 1629 tamen

858 1651 1370 1719 concludendum
1433 1658 1548 1729 est,
1611 1671 1729 1717 nos
1788 1650 2076 1715 voluisse
2131 1650 2414 1732 quidem,
2480 1650 2593 1714 sed
2657 1670 2787 1714 nou

858 1736 1229 1821 implevisse
1293 1745 1512 1801 tamen
1582 1755 1791 1819 neque
1857 1736 2202 1819 perfecisse
2267 1736 2436 1818 quod
2500 1736 2686 1801 Deus
2749 1755 2790 1799 a

862 1825 1046 1889 nobis
1090 1823 1380 1906 requirit..

1031 1907 1345 1991 Sequitur
1406 1904 1732 1973 Samuelis
1797 1907 2147 1990 responsi0‚
2216 1906 2318 1971 his
2385 1907 2634 1972 verbis:
2700 1903 2789 1971 Et

856 2013 1014 2078 quae
1061 2000 1151 2060 eet
1186 1994 1340 2059 haec
1380 2012 1503 2057 vox
1544 2012 1828 2076 yreyum,
1891 2013 2049 2074 quae
2103 1998 2352 2058 resonat
2407 1994 2478 2056 in
2520 1992 2789 2057 auribus

854 2081 1027 2162 meiS,
1094 2085 1151 2144 et
1210 2085 1664 2157 armentorum,
1729 2099 1919 2160 quam
1985 2097 2088 2161 eqo
2150 2078 2398 2143 audio?
2487 2077 2784 2158 Quorum

858 2166 1205 2230 verborum
1265 2184 1496 2230 sensus
1554 2177 1670 2239 est,
1731 2164 1881 2228 licet
1940 2165 2137 2228 boves
2197 2164 2469 2247 opimos,
2538 2183 2784 2242 vaccas,

854 2250 1112 2329 vitulos,
1157 2269 1195 2313 a
1243 2269 1361 2314 nos
1402 2248 1545 2315 Deo
1581 2248 2039 2326 immolaveris,
2087 2259 2158 2313 tu
2206 2270 2331 2313 uon
2377 2249 2520 2313 ideo
2568 2259 2785 2316 tamen

855 2336 983 2401 Dei
1029 2357 1179 2400 man
1229 2344 1337 2400 ata
1383 2336 1725 2417 perfecisti.
1819 2335 1924 2398 Ex
1979 2335 2215 2417 quibus
2262 2345 2528 2417 apparet
2573 2336 2783 2399 conci·

855 2443 997 2488 sum
1037 2421 1233 2486 fuisse
1260 2419 1585 2486 Samuelis
1621 2441 2002 2497 sermonem,
2051 2433 2121 2484 ut
2166 2421 2333 2485 solet
2377 2439 2599 2485 eorum
2646 2440 2785 2484 esse

856 2511 967 2590 qui
1016 2507 1079 2571 in
1126 2506 1399 2571 summis
1445 2507 1646 2570 animi
1693 2506 2010 2588 angustiis
2056 2515 2419 2572 versantur.
2511 2506 2681 2570 Nam
2729 2506 2784 2569 si

856 2594 1003 2675 quis
1046 2610 1192 2656 cum
1237 2589 1613 2674 impudente
1656 2591 1921 2655 homine
1967 2611 2104 2656 rem
2150 2590 2403 2667 habeat,
2465 2613 2591 2656 nou
2640 2589 2782 2674 plu-

853 2677 1031 2742 ribus
1096 2675 1313 2741 verbis
1394 2677 1536 2742 eius
1613 2678 2005 2760 proterviam
2086 2675 2588 2742 demonstrabit:
2671 2676 2783 2740 sed

857 2763 1144 2828 breviter
1208 2762 1385 2826 illam
1462 2769 1804 2847 coarguet:
1880 2762 2049 2845 qnod
2132 2762 2451 2828 brevitate
2524 2763 2784 2828 concisa

854 2849 1063 2914 oratio
1108 2849 1196 2913 sit
1238 2848 1705 2913 vehementior.
1795 2848 1898 2913 Ita
1942 2847 2210 2913 Samuel
2266 2850 2335 2912 in
2397 2849 2782 2930 praesentia,

853 2954 1072 3017 regem
1133 2935 1286 3000 licet
1341 2933 1743 3016 alloquatur:
1799 2954 2008 3016 neque
2065 2935 2235 2998 enim
2298 2934 2631 3018 sigillatim
2681 2955 2781 3000 re-

853 3031 1182 3086 servatum
1251 3019 1333 3084 ab
1398 3019 1511 3083 illo
1579 3039 1796 3103 regem
1864 3018 2269 3099 Amalecum‚
2338 3039 2470 3083 non
2534 3024 2783 3101 opimos

852 3127 1083 3192 greges
1125 3106 1400 3171 arietum
1448 3115 1513 3170 et
1556 3104 1750 3169 boum
1796 3125 1870 3169 ac
1917 3125 2280 3181 vaccarum,
2328 3126 2455 3169 non
2506 3104 2785 3187 denique

852 3192 1067 3277 opima
1134 3191 1426 3256 hostibus
1492 3190 1780 3256 detracta
1859 3190 2063 3272 spolia
2141 3191 2588 3273 conqueritur:
2669 3190 2779 3256 sed

852 3279 1050 3342 verbo
1100 3275 1365 3343 Saulem
1423 3276 1844 3341 constrictum
1902 3285 2099 3353 tenet,
2171 3285 2237 3340 et
2294 3276 2372 3340 ad
2438 3277 2782 3342 veritatem

852 3362 1209 3446 compellit,
1290 3361 1413 3427 etsi
1478 3362 1748 3427 minime
1813 3362 2126 3426 fatentem
2192 3371 2257 3425 et
2323 3370 2781 3446 agnoscentem

853 3448 1159 3514 delictum
1220 3446 1467 3512 habuit.
1554 3447 1723 3513 Nam
1783 3446 2004 3513 statim
2063 3447 2144 3511 ab
2205 3446 2530 3532 hypocrisi
2591 3467 2780 3514 suum

856 3551 1236 3616 responsum
1283 3533 1677 3617 auspicatur,
1722 3541 1787 3598 et
1830 3533 1941 3612 ait,
2003 3530 2314 3615 populum
2361 3553 2594 3617 greges
2637 3533 2783 3599 illos

854 3621 923 3683 in
969 3619 1265 3684 victimas
1308 3631 1374 3683 et
1418 3619 1794 3684 holocausta
1835 3617 1982 3683 Deo
2037 3638 2434 3684 reservasse:
2498 3639 2569 3684 se
2627 3640 2782 3684 vero

855 3706 926 3769 in
967 3702 1225 3769 illorum
1274 3724 1543 3769 numero
1587 3724 1726 3769 esse
1772 3702 2160 3788 dissimulat,
2221 3723 2420 3787 quum
2468 3704 2634 3769 nihil
2681 3716 2778 3769 ta·

856 3807 1008 3854 men
1053 3790 1190 3853 sine
1233 3789 1439 3871 ipsius
1485 3792 1804 3873 permissu
1867 3789 1972 3854 hic
2015 3799 2270 3873 gestum
2316 3791 2420 3855 sit.
2513 3789 2644 3857 Sed
2692 3793 2782 3855 ita

856 3874 1066 3941 solent
1112 3876 1220 3957 qui
1265 3875 1494 3939 nolunt
1538 3877 1759 3941 statim
1804 3875 1885 3938 ab
1930 3876 2117 3939 initio
2164 3897 2305 3941 sese
2349 3877 2586 3942 rationi
2630 3877 2781 3942 sub-

855 3960 1067 4037 iicere,
1134 3959 1414 4025 latebras
1480 3971 1545 4024 et
1608 3962 1850 4045 effugia
1914 3980 2222 4044 quaerere
2279 3982 2362 4026 ne
2422 3961 2781 4045 deprehen-

858 4044 1115 4110 dantur.
1221 4045 1320 4110 Ac
1387 4045 1653 4128 proinde
1720 4048 1911 4129 primi
1978 4046 2154 4111 illius
2220 4048 2509 4131 parentis
2576 4048 2780 4113 nostri

855 4140 1158 4196 naturam
1223 4132 1579 4196 retinemus
1645 4142 1708 4196 et
1775 4132 2065 4215 vestigiis
2131 4132 2338 4216 ipsius
2397 4134 2778 4212 insistimus,

899 4217 962 4282 ui
1038 4216 1323 4298 primum
1390 4217 1557 4282 foliis
1629 4238 1812 4281 suam
1889 4218 2356 4300 turpitudinem
2436 4220 2778 4298 occultare,

855 4240 1091 4366 deiude
1144 4302 1397 4384 culpam
1457 4303 1525 4365 in
1591 4323 1860 4367 uxorem
1917 4322 2112 4385 quam
2175 4324 2212 4367 a
2258 4304 2398 4369 Deo
2441 4313 2781 4388 acceperat

855 4389 1119 4453 reiicere
1161 4399 1429 4454 conatus
1475 4396 1607 4454 est:
1670 4388 1909 4451 femina
1967 4409 2121 4452 vero
2167 4389 2235 4453 in
2280 4401 2678 4472 serpentem,
2741 4412 2780 4455 a

855 4493 984 4556 quo
1029 4494 1099 4537 se
1142 4471 1472 4555 deceptam
1519 4484 1583 4537 et
1628 4472 1872 4537 elusam
1918 4473 2114 4538 fuisse
2161 4477 2592 4556 conqueritur.
2673 4475 2778 4541 Ita

854 4559 1125 4643 quisque
1170 4559 1332 4624 solet
1374 4559 1443 4623 in
1489 4559 1690 4623 alium
1729 4568 1988 4641 peccata
2031 4579 2149 4624 sua
2184 4560 2520 4636 coniicere,
2570 4581 2778 4644 neque

853 4655 1066 4729 potest
1109 4665 1178 4710 se
1223 4664 1408 4709 reum
1455 4657 1685 4726 sponte
1722 4643 1927 4708 fateri.
2029 4643 2143 4709 Sic
2178 4647 2304 4710 iam
2344 4645 2539 4710 Saul:
2586 4667 2777 4730 quem

853 4751 1010 4796 sane
1054 4741 1303 4797 certum
1349 4741 1447 4794 est
1495 4730 1770 4795 voluisse
1815 4728 1974 4794 haec
2018 4730 2221 4811 spolia
2262 4732 2332 4795 in
2369 4732 2773 4815 triumphum

855 4815 1106 4896 ducere,
1146 4829 1219 4882 ut
1263 4816 1544 4898 primum
1589 4836 1809 4899 regem
1855 4825 2228 4891 ostentaret,
2278 4815 2508 4881 deinde
2553 4839 2776 4899 seque-

854 4914 1078 4967 rentur
1118 4923 1289 4980 oves,
1336 4914 1471 4966 tum
1517 4901 1731 4976 boves,
1780 4920 2027 4979 vaccae,
2073 4910 2135 4966 et
2172 4911 2442 4981 caetera,
2491 4913 2775 4985 praeter-

893 5006 1046 5050 nam
1088 4987 1257 5071 quod
1292 4988 1540 5070 optima
1573 5007 1864 5070 quaeque
1901 4986 2192 5071 supellex
2232 4986 2506 5065 abducta
2542 4989 2773 5054 fuerat.

852 5006 1074 5150 Quare
1115 5074 1396 5137 maxime
1443 5094 1659 5139 ,coram
1705 5073 1850 5137 Deo
1892 5093 2043 5137 reus
2087 5081 2228 5138 erat
2271 5072 2459 5138 istius
2503 5074 2772 5157 peccati.

852 5156 1097 5221 Verum
1134 5159 1205 5223 in
1227 5159 1533 5242 populum
1572 5159 1825 5241 culpam
1865 5177 2127 5223 omnem
2163 5157 2405 5237 reiecit,
2451 5168 2526 5223 ut
2562 5159 2774 5226 solent

847 5242 1153 5309 facinoris
1211 5243 1480 5310 alicuius
1537 5245 1628 5308 rei
1696 5246 1955 5327 culpam
2013 5243 2202 5309 modo
2245 5245 2316 5309 in
2362 5243 2541 5309 huuc
2586 5245 2772 5311 modo

2521 345 2935 415 HOMILIA
2980 345 3167 416 LIII.
4661 350 4738 417 104

2894 538 2963 602 in
3006 536 3191 602 illum
3240 536 3523 613 reiicere,
3569 535 4041 619 impunitatem
4085 533 4209 599 hae
4245 533 4501 599 ratione
4532 534 4629 600 sibi
4654 539 4749 620 pol·

2895 623 3177 687 licentes.
3258 621 3495 705 Itaque
3543 641 3781 705 magna
3828 620 3936 686 hic
3982 620 4167 685 nobis
4212 618 4569 685 adhibenda
4602 627 4752 690 cautio

2895 719 3012 783 est,
3070 720 3148 771 nt
3205 706 3286 772 de
3345 707 3587 772 nostris
3647 707 3925 790 peccatis
3983 706 4151 770 serio
4211 706 4581 788 cogitantes,
4632 708 4751 776 ultro

2894 791 3503 858 condemnationem
3550 793 3918 868 subeamus,
3966 791 4036 855 in
4082 789 4334 855 nullum
4382 790 4617 873 culpam
4648 795 4753 860 reii-

2895 878 3159 944 cientes.
3252 877 3522 944 Oertum
3570 878 3742 943 enim
3790 886 3891 943 est
3935 897 4052 941 nos
4097 875 4411 959 quamdiu
4456 876 4574 942 alio
4601 900 4756 961 respe-

2894 965 3206 1039 xerimus,
3270 962 3519 1028 tamdiu
3579 963 3823 1047 effugia
3890 982 4059 1028 vana
4125 964 4528 1045 quaesituros
4584 966 4758 1045 quibus

2894 1050 3022 1115 Dei
3066 1050 3295 1115 iudicis
3340 1049 3559 1114 oculos
3601 1049 3924 1113 fallamus.
3997 1046 4127 1114 Sed
4172 1050 4319 1130 quis
4365 1048 4628 1120 tandem,
4664 1071 4758 1130 oro,

2894 1136 3142 1201 fruetus
3201 1134 3372 1199 erit?
3462 1135 3630 1201 Nam
3697 1154 4116 1218 quaecunque
4156 1134 4399 1217 effugia
4434 1136 4757 1216 quaesiveri-

2896 1239 3057 1300 mus,
3103 1240 3442 1303 nunquam
3490 1230 3706 1284 tamen
3750 1219 3874 1284 Dei
3922 1219 4234 1284 iudicium
4277 1219 4671 1303 effugiemus:
4710 1243 4761 1289 ac

2895 1307 3046 1373 licet
3088 1306 3274 1371 modo
3319 1307 3385 1370 in
3429 1304 3623 1383 huno,
3669 1306 3861 1370 modo
3906 1306 3980 1369 in
4023 1305 4210 1371 illum
4255 1306 4513 1388 culpam
4556 1307 4762 1373 reiicere

2894 1392 3106 1458 conati
3153 1391 3485 1468 fuerimus,
3532 1392 3694 1456 nihil
3740 1390 4008 1464 iuvabit,
4055 1391 4573 1473 quandoquidem
4604 1391 4683 1456 illi
4710 1394 4766 1457 de

2894 1480 3027 1544 suis
3072 1479 3349 1560 peccatis
3390 1497 3634 1559 poenas
3679 1477 3906 1542 luituri
3951 1491 4123 1551 sunt,
4171 1487 4236 1541 et
4278 1479 4551 1560 quisque
4589 1498 4686 1559 pro
4717 1499 4765 1542 se

2894 1564 3034 1628 luat
3092 1584 3336 1645 poenas
3393 1573 3663 1644 oportet.
3751 1560 4191 1644 Quamobrem
4248 1563 4419 1628 serio
4466 1561 4543 1627 de
4580 1564 4768 1629 nostris

2894 1650 3168 1731 peccatis
3235 1649 3602 1733 cogitaturi,
3670 1649 3902 1713 missos
3969 1648 4287 1712 faciamus
4345 1669 4457 1712 eos
4522 1648 4623 1731 qui
4674 1671 4766 1713 nou

2891 1735 3116 1799 iisdem
3168 1735 3499 1799 nobiscum
3546 1735 3828 1814 peccatis
3871 1734 4169 1816 impliciti
4217 1743 4392 1816 sunt,
4439 1749 4547 1797 aut
4585 1733 4768 1816 quibus

2891 1821 2968 1884 ad
3010 1821 3181 1883 male
3224 1819 3587 1885 faciendum
3628 1840 3757 1884 non
3783 1820 3880 1884 usi
3918 1840 4144 1884 sumus
4181 1819 4582 1897 consiliariis,
4615 1840 4768 1902 quan·

2892 1905 3235 1988 doquidem
3302 1906 3590 1987 alioquin
3656 1907 3864 1989 magis
3931 1925 4002 1970 ac
4069 1906 4275 1988 magis
4342 1905 4770 1988 implicaremur

2891 1991 3246 2068 mendacio,
3292 2004 3355 2056 et
3391 2010 3607 2056 coram
3631 1990 3776 2055 Deo
3811 1991 4255 2055 confusionem
4292 1992 4600 2055 maiorem
4634 1989 4773 2055 nobis

2891 2095 3385 2141 accerseremus.
3475 2076 3765 2158 Quisque
3824 2077 4030 2160 igitur
4075 2091 4408 2158 peccatum
4458 2098 4637 2141 suum
4685 2081 4773 2141 rite

2890 2162 3234 2243 expendat,
3295 2173 3355 2226 et
3417 2163 3672 2244 culpam
3736 2182 4090 2243 agnoscens
4135 2162 4521 2244 suppliciter
4568 2162 4776 2226 veniam

2891 2247 3292 2328 deprecetur.
3358 2247 3577 2330 Atque
3620 2248 3747 2312 ista
3790 2248 4130 2312 referenda
4175 2249 4361 2313 nobis
4406 2246 4685 2314 doctrina
4718 2270 4773 2310 ex

2890 2332 3113 2398 Saulis
3173 2334 3486 2415 exemplo,
3541 2334 3610 2397 in
3670 2353 3797 2415 quo
3858 2345 4165 2416 tanquam
4224 2336 4292 2397 in
4351 2334 4615 2418 speculo
4664 2334 4780 2399 licet

2892 2433 3166 2482 naturae
3215 2428 3477 2483 nostrae
3524 2419 3840 2483 malitiam
3886 2428 3952 2483 et
3996 2421 4323 2486 fictionem
4371 2420 4776 2502 contemplari.

2891 2506 2997 2586 qui
3042 2527 3083 2568 a
3128 2502 3435 2570 Samuele
3492 2515 3832 2571 accusatus
3891 2506 3961 2568 in
4021 2506 4328 2588 populum
4375 2506 4636 2588 culpam
4676 2524 4779 2568 om-

2892 2611 3042 2654 nem
3092 2591 3370 2661 reiicere,
3417 2599 3489 2654 ut
3533 2611 3602 2654 se
3637 2612 3677 2654 a
3712 2591 3983 2654 crimine
4018 2591 4344 2667 liberaret,
4388 2603 4655 2655 conatus
4692 2601 4778 2654 eet

3065 2676 3317 2739 Deinde
3352 2696 3512 2740 vero
3538 2674 3804 2742 Samuel
3841 2678 4263 2742 attentionem
4303 2676 4432 2739 sibi
4478 2688 4780 2759 comparat,

2893 2761 2993 2825 his
3040 2760 3291 2825 verbis:
3362 2760 3665 2844 Sineme,
3724 2767 3780 2826 et
3836 2761 4123 2829 indicabo
4176 2761 4290 2826 tibi
4332 2782 4502 2843 quae
4541 2762 4784 2843 ῑοριιιάαε

2888 2848 2970 2911 sit
3015 2846 3101 2911 ad
3142 2863 3239 2911 me
3274 2846 3592 2913 Dominus
3633 2852 3815 2912 noete.
3886 2847 4115 2912 Nonne
4148 2867 4338 2929 quum
4369 2867 4621 2930 pamas
4657 2865 4782 2911 esea

2888 2932 2960 2996 in
3018 2931 3214 2996 oculis
3276 2934 3421 3011 tuisf,
3487 2938 3673 3013 caput
3737 2934 3807 2996 in
3872 2932 4158 2998 tribubus·
4200 2933 4414 2999 Israel
4476 2934 4676 3014 factus
4725 2953 4785 3008 es,

2887 3019 3187 3099 unxitque
3227 3022 3284 3082 te
3322 3017 3640 3083 Dominus
3680 3020 3753 3083 in
3796 3038 3997 3102 reqem
4039 3039 4230 3102 super
4274 3018 4495 3084 Israel
4511 3019 4549 3083 ,2
4618 3017 4781 3099 Quasi

2889 3104 3088 3170 dicat:
3137 3102 3360 3183 Quum
3398 3105 3689 3185 privatus
3727 3104 3941 3168 adhuc
3976 3126 4141 3182 eras,
4189 3112 4259 3168 tu
4298 3117 4361 3169 te
4403 3106 4595 3187 parvi
4638 3105 4786 3169 facie·

2890 3189 3022 3266 bas,
3091 3208 3300 3271 neque
3346 3190 3521 3254 enim
3584 3190 3894 3254 efferendi
3941 3200 4008 3255 te
4052 3190 4462 3256 occasionem
4529 3190 4783 3262 habebas.

2887 3273 3406 3358 quandoquidem
3446 3276 3639 3340 homo
3673 3297 3818 3341 eras
3858 3276 4136 3342 rusticus
4171 3287 4238 3341 et
4272 3276 4589 3360 agrestis:
4629 3294 4786 3359 quare

2888 3380 3045 3444 ergo
3124 3370 3385 3426 evectus
3449 3382 3492 3425 a
3553 3360 3841 3425 Domino
3909 3361 3975 3425 in
4047 3382 4267 3446 regem
4334 3383 4479 3427 non
4558 3361 4785 3445 paruisti

2888 3444 3209 3512 mandatis
3251 3445 3505 3529 ipsius?
3565 3446 3735 3511 Nam
3781 3447 3929 3511 misi
3975 3460 4041 3512 te
4082 3457 4160 3512 ut
4193 3467 4329 3512 una
4373 3448 4785 3513 internecione

2889 3531 3285 3597 Amalecitas
3352 3531 3618 3606 deleres,
3688 3552 3886 3615 quare
3945 3552 4100 3617 ergo
4160 3554 4385 3617 regem
4456 3531 4787 3602 reservant

2887 3637 3076 3700 quem
3124 3620 3405 3701 primum
3442 3638 3483 3682 a
3518 3626 3583 3682 te
3620 3618 3765 3684 neci
3811 3618 3950 3683 dari
3996 3618 4328 3701 oportuit?
4379 3618 4613 3701 Quare
4630 3618 4782 3683 etiam

2888 3723 3116 3768 versus
3161 3702 3242 3767 ad
3289 3702 3593 3786 praedam
3649 3705 3902 3787 opimas
3945 3725 4231 3788 quasque
4279 3706 4574 3788 pecudes
4616 3724 4785 3770 reser-

2886 3789 3079 3866 vasti,
3140 3809 3301 3872 quas
3358 3789 3693 3854 interdicti
3740 3809 3916 3854 more
3961 3788 4145 3855 Deus
4189 3791 4305 3856 abs
4350 3800 4420 3857 te
4470 3791 4670 3857 deleri
4706 3809 4787 3851 vo-

2884 3874 3103 3940 lebat?
3193 3873 3380 3940 Itane
3440 3896 3592 3942 vero
3640 3877 3779 3941 Deo
3824 3886 3887 3940 te
3931 3875 4334 3960 morigerum
4381 3887 4454 3942 et
4500 3878 4789 3958 obtempe-

2885 3972 3138 4025 rantem
3187 3959 3579 4043 praebuisti?
3668 3961 4037 4046 Conspicua
4084 3963 4150 4026 in
4213 3963 4355 4028 istis
4400 3962 4709 4028 fortitudo
4743 3971 4787 4024 et

2884 4047 3392 4130 magnanimitas
3451 4046 3839 4130 prophetae,
3899 4045 4167 4114 Saulem
4216 4050 4467 4114 acriter
4516 4045 4787 4133 urgentis,

2884 4141 2949 4196 et
2994 4153 3231 4197 vanam
3278 4130 3456 4198 illius
3492 4133 3972 4198 excusationem
4013 4136 4473 4212 monstrantis,
4514 4145 4589 4201 ut
4620 4135 4789 4199 solent

2885 4218 3105 4282 inania
3162 4218 3406 4302 effugia
3469 4238 3778 4302 quaerere
3835 4220 3944 4301 qui
4004 4239 4074 4284 se
4132 4220 4235 4286 vel
4284 4222 4475 4285 omni
4522 4242 4605 4286 ex
4644 4225 4787 4303 porte

2883 4304 3075 4386 culpa
3118 4303 3394 4368 liberare
3437 4304 3691 4380 volunt,
3755 4304 3860 4369 vel
3918 4305 4153 4369 saltem
4210 4307 4544 4372 minorem
4588 4307 4785 4372 facem:

2883 4389 3115 4471 quibus
3173 4398 3390 4453 tamen
3452 4391 3629 4454 nullo
3686 4388 3875 4454 modo
3936 4389 4301 4457 cedendum
4346 4404 4477 4477 est,
4522 4393 4634 4458 sed
4674 4408 4784 4477 grs-

2883 4476 3053 4538 viter
3096 4485 3253 4540 sunt
3296 4474 3635 4559 arguendi.
3724 4477 3813 4540 Et
3853 4476 3951 4540 illi
3997 4475 4280 4561 quidem,
4336 4478 4578 4558 fateor,
4619 4476 4783 4542 maxi·

2883 4581 3051 4624 mam
3092 4561 3234 4624 fieri
3270 4560 3392 4625 sibi
3427 4561 3737 4626 iniuriam
3775 4573 4285 4644 conquerentur,
4319 4564 4457 4629 nisi
4494 4561 4778 4631 excusatio

2879 4646 3168 4728 ipsorum
3232 4646 3643 4711 admittatur:
3704 4646 3820 4712 sed
3877 4655 4016 4712 toto
4071 4649 4249 4713 coelo
4314 4663 4569 4715 errant.
4648 4648 4777 4714 Nam

2881 4732 3006 4796 nisi
3051 4730 3699 4814 reprehenderentur,
3745 4734 3811 4797 in
3858 4742 4121 4816 stupore
4166 4744 4233 4798 et
4280 4747 4559 4802 veterno
4588 4737 4775 4800 retine

2879 4827 3135 4883 rentur:
3180 4821 3381 4881 immo
3426 4819 3493 4881 in
3540 4819 3704 4883 vitia
3746 4818 4161 4902 procliviores
4204 4821 4349 4886 sine
4397 4821 4542 4888 ullo
4575 4819 4775 4906 pudore

2878 4901 3342 4968 redderentur:
3411 4914 3477 4968 et
3520 4925 3851 4987 nunquam
3899 4904 3979 4968 de
4033 4906 4315 4987 petenda
4354 4909 4559 4973 venia
4600 4928 4637 4972 a
4672 4906 4773 4971 Do-

2878 4989 3055 5053 mino
3102 5009 3218 5072 pro
3265 4988 3517 5054 delictis
3561 5009 3636 5055 co
3687 4990 3960 5055 'tarentz
4009 4990 4123 5055 sed
4166 4992 4628 5074 impunitatem
4667 5011 4774 5074 per·

2876 5085 3141 5157 petuam
3197 5083 3532 5157 sperantes
3589 5094 3627 5139 a
3716 5096 3908 5142 omne
3953 5075 4202 5141 malum
4249 5076 4551 5145 habenas
4593 5077 4770 5144 remit·

2877 5171 3110 5226 terent.
3177 5159 3614 5241 Quamobrem
3654 5161 3714 5226 si
3742 5181 3866 5227 nos
3900 5162 3970 5227 in
4004 5161 4233 5229 multis
4274 5163 4411 5229 labi
4448 5162 4767 5249 contigerit,

2875 5254 2940 5312 et
3005 5246 3085 5312 de
3149 5246 3279 5311 illis
3343 5246 3753 5331 reprehendi,
3821 5265 4228 5332 summopere
4294 5252 4651 5319 cavendnm
4704 5267 4765 5312 ne
