5059 6059
866 315 992 384 607

867 495 1010 574 D'eo
1066 522 1263 569 suum
1316 499 1637 569 auxilium
1691 495 2056 581 pollicente,
2123 507 2191 561 et
2253 515 2370 560 suo
2431 495 2628 560 verbo
2686 509 2808 559 nos

866 587 1069 656 fidere
1113 586 1392 666 iubente,
1439 603 1570 650 non
1616 593 1838 649 tamen
1883 601 1967 648 ex
2002 579 2272 647 arbitrio
2308 588 2528 647 nostro
2567 589 2809 645 temere

869 673 1188 759 quidlibet
1243 668 1757 756 aggrediendum
1816 664 2385 750 suscipiendumve
2442 673 2564 743 est,
2624 665 2810 748 quasi

870 761 975 829 vel
1017 760 1234 843 ipsum
1281 771 1434 824 aera
1476 756 1582 823 vel
1628 773 1806 821 mare
1847 753 2054 818 simus
2096 751 2456 818 tranaturi:
2503 751 2618 817 sed
2662 769 2811 818 con-

869 856 972 914 tra
1072 843 1221 910 ositi
1267 841 1350 909 ab
1406 842 1546 926 ipso
1601 841 1769 905 fines
1813 836 2158 923 diligenter
2201 836 2594 903 observandi
2638 843 2811 916 sunt,

869 953 952 999 ne
995 866 1077 996 ab
1122 930 1261 995 eius
1303 927 1633 993 mandatis
1679 924 1783 992 vel
1827 924 2034 989 latum
2078 941 2365 1007 unguem
2410 921 2808 1000 recedamus,

867 1026 937 1084 et
979 1015 1395 1082 difficultates
1436 1032 1665 1078 omnes
1710 1008 2112 1093 superandae
2168 1015 2326 1076 sunt
2368 1016 2563 1091 atque
2606 1008 2810 1108 impe·

868 1103 1161 1169 dimenta
1201 1100 1422 1165 omnia
1465 1097 1700 1181 quihus
1740 1094 1915 1162 facili
1960 1093 2043 1159 ad
2086 1109 2238 1159 eum
2280 1111 2540 1159 accessu
2586 1094 2810 1193 prolu—

869 1190 1205 1255 beremur:
1244 1187 1314 1250 in
1348 1185 1554 1270 ipsius
1590 1203 1733 1250 esse
1766 1187 2085 1265 potestate
2118 1188 2584 1264 cognoscentes
2613 1187 2812 1279 victo:

871 1275 1040 1340 riam
1096 1271 1281 1340 nobis
1338 1269 1496 1335 dare
1554 1267 1634 1334 de
1692 1265 1995 1334 omnibus
2054 1285 2221 1348 quae
2279 1271 2542 1331 nostrae
2605 1265 2808 1330 saluti

869 1358 1196 1426 contraria
1239 1365 1410 1422 sunt.
1471 1352 1911 1436 Quamobrem
1957 1371 2087 1418 non
2132 1356 2291 1417 sunt
2330 1370 2369 1417 a
2410 1369 2481 1416 se
2526 1350 2811 1417 invicem

869 1444 1001 1512 duo
1060 1444 1190 1509 ista
1246 1439 1634 1518 divellenda,
1692 1457 1857 1528 quae
1894 1435 2430 1505 coniunctissima
2464 1444 2638 1515 sunt,
2683 1435 2812 1501 Dei

869 1528 1178 1595 nimirum
1244 1525 1607 1612 promissio,
1668 1523 1748 1589 de
1806 1522 2111 1590 adfuturo
2169 1522 2498 1605 praesenti
2565 1521 2812 1587 auxilio

866 1636 988 1683 nos
1032 1613 1341 1679 certiores
1384 1612 1648 1690 faciens,
1693 1618 1762 1675 et
1805 1607 2184 1675 mandatum
2227 1607 2478 1690 placide
2520 1607 2591 1672 in
2627 1623 2810 1691 prae-

865 1700 1128 1785 scriptis
1169 1698 1411 1765 finibus
1454 1704 1521 1764 et
1562 1695 1901 1764 vocatione
1959 1692 2041 1758 ad
2086 1711 2281 1777 quam
2326 1692 2543 1760 vocati
2584 1711 2813 1759 sumus

869 1784 1268 1866 ambulandi,
1325 1793 1393 1850 et
1436 1782 1562 1871 ipsi
1603 1801 1753 1849 cum
1809 1780 1992 1846 omni
2036 1778 2406 1844 humilitate
2447 1778 2815 1859 obediendi,

871 1880 938 1940 et
995 1870 1164 1937 nihil
1221 1881 1466 1937 temere
1511 1888 1596 1933 ex
1640 1866 1907 1932 arbitrio
1950 1873 2176 1930 nostro
2220 1864 2649 1948 suscipiendi:
2699 1864 2815 1930 sed

870 1957 1172 2025 omnibus
1234 1955 1316 2022 iis
1381 1973 1548 2038 quae
1603 1947 1891 2018 voluerit
1947 1960 2015 2016 et
2071 1949 2245 2016 bona
2303 1971 2445 2016 esse
2502 1949 2815 2016 iudicabit

870 2040 1344 2127 acquiescendi,
1403 2048 1470 2105 et
1527 2037 1819 2104 debitum
1886 2037 2171 2104 officium
2236 2035 2535 2102 faciendi.
2625 2035 2813 2116 Quae

874 2130 1001 2195 duo
1046 2128 1104 2195 si
1147 2129 1421 2212 iungere
1481 2123 1918 2203 didicerimus,
1980 2128 2233 2190 certum
2294 2130 2395 2187 est
2436 2119 2565 2187 Dei
2626 2122 2814 2187 nobis

870 2213 1186 2280 auxilium
1241 2230 1579 2295 nunquam
1638 2207 2035 2275 defuturum.
2124 2206 2365 2288 Quare,
2427 2225 2630 2291 quum
2691 2206 2813 2274 Sa-

869 2300 1046 2366 muel
1120 2298 1301 2364 iubet
1366 2295 1639 2364 Saulem
1716 2294 1885 2379 quod
1949 2294 2288 2360 obvenerit
2366 2295 2591 2359 manui
2656 2309 2813 2362 suae

870 2385 1102 2465 facere,
1164 2405 1294 2449 non
1338 2383 1402 2448 ei
1445 2391 1689 2447 temere
1724 2379 2079 2464 quidquam
2123 2378 2550 2464 aggrediendi
2592 2379 2807 2461 potes-

871 2479 1075 2538 tatem
1130 2468 1303 2548 fecit,
1368 2467 1482 2533 sed
1528 2467 1701 2534 idem
1738 2474 1838 2532 est
1877 2483 1953 2532 ac
1996 2464 2052 2531 si
2088 2465 2382 2531 iussisset
2414 2483 2568 2530 eum
2593 2464 2813 2532 facere

872 2574 1294 2640 quaecunque
1326 2551 1524 2622 officii
1559 2553 1663 2619 sui
1696 2554 1862 2618 ratio
1896 2550 2279 2635 postularet,
2315 2560 2381 2616 et
2403 2552 2588 2630 Deus
2623 2557 2813 2636 grata

872 2641 998 2708 sibi
1042 2661 1183 2707 esse
1226 2640 1630 2724 patefaceret.
1697 2637 1778 2703 In
1820 2655 2023 2702 manu
2066 2635 2287 2721 itaque
2323 2657 2469 2702 esse
2508 2645 2577 2702 et
2616 2639 2811 2702 obve-

873 2728 1017 2793 nire
1076 2725 1401 2804 diountur,
1457 2743 1591 2790 non
1658 2741 1823 2807 quae
1888 2730 2138 2788 temere
2203 2725 2271 2787 et
2334 2721 2814 2788 inconsiderate

870 2813 1353 2895 suscipiuntur:
1415 2809 1531 2876 sed
1575 2830 1740 2894 quae
1785 2809 1964 2875 Deus
2006 2808 2145 2892 ipse
2180 2808 2481 2891 proponit
2516 2808 2599 2874 ad
2644 2827 2814 2892 quae

872 2897 1166 2968 studium
1210 2917 1405 2962 omne
1449 2903 1748 2962 nostrum
1792 2892 2210 2978 applicemus.
2299 2895 2517 2977 Atque
2559 2894 2813 2961 facilius

870 2986 1003 3051 ista
1027 2981 1470 3069 percipientur
1490 2981 1638 3047 istis
1674 2979 2235 3060 similitudinibus,
2272 2980 2457 3046 velut
2492 2977 2572 3058 si,
2593 2997 2813 3047 exem-

867 3070 962 3154 pli
1005 3069 1235 3154 gratia,
1281 3066 1481 3135 velim
1525 3087 1645 3156 ego
1704 3085 1906 3131 manu
1949 3085 2114 3149 quae
2156 3083 2360 3149 supra
2401 3073 2598 3149 caput
2639 3077 2811 3147 sunt,

868 3163 937 3224 et
970 3154 1180 3222 nubes
1222 3161 1540 3240 superant
1582 3152 2000 3252 contingere:
2041 3152 2099 3217 si
2142 3171 2346 3236 supra
2379 3154 2602 3219 nubes·
2633 3152 2810 3236 ipsas

865 3239 1059 3312 ferri:
1120 3239 1178 3306 si
1223 3239 1503 3323 denique
1556 3237 1736 3303 ultra
1778 3255 1953 3303 vires
1998 3236 2354 3322 quidquam
2398 3236 2811 3324 aggrederer,

868 3349 1088 3398 nonne
1132 3325 1447 3392 stultitiae
1490 3333 1557 3390 et
1599 3324 1987 3390 temeritatis
2029 3322 2222 3391 istius
2266 3324 2536 3392 meritas
2569 3339 2812 3409 poenas

866 3411 1165 3480 luerem?
1255 3409 1335 3478 Si
1388 3412 1636 3477 flumen
1695 3408 1863 3475 sine'
1902 3409 2169 3495 navigio
2214 3416 2477 3475 tranare
2518 3413 2811 3493 conarer,

869 3507 937 3566 et
978 3499 1051 3563 in
1106 3517 1345 3581 aquam
1405 3515 1635 3586 praece
1684 3516 1715 3562 s
1759 3495 1987 3574 ferrer,
2047 3514 2267 3562 nonne
2310 3505 2584 3582 repente
2625 3497 2812 3599 aquis

868 3582 1224 3650 obruerer?
1327 3581 1421 3649 Et
1501 3580 1618 3665 qui
1664 3601 1769 3646 em
1835 3580 2086 3661 merito,
2167 3580 2335 3663 quod
2403 3582 2592 3646 ultra‘
2633 3602 2812 3649 vires

867 3690 1047 3735 meas
1090 3668 1269 3735 istud
1314 3667 1726 3754 aggrederer.
1794 3664 2018 3747 Quare
2062 3665 2412 3750 diligenter
2454 3667 2812 3734 observan-

869 3754 1044 3832 dum,
1113 3755 1180 3820 in
1239 3754 1541 3820 manibus
1598 3751 1843 3818 nostris
1904 3772 2048 3818 esse
2090 3750 2237 3833 dici,
2296 3761 2382 3831 ot,
2433 3753 2579 3819 fieri
2637 3754 2838 3837 quod'

868 3837 1171 3906 manibus
1214 3839 1494 3918 obvenit,
1535 3836 1705 3923 quod
1747 3838 1890 3921 ipse
1932 3836 2120 3903 Deus
2165 3837 2487 3922 proponit,
2534 3847 2600 3905 et
2642 3840 2813 3923 quod

869 3938 971 3994 est
1027 3925 1226 3994 officii
1282 3925 1516 3991 nostri:
1579 3941 1790 4007 neque
1833 3921 2021 3990 datas
2063 3923 2250 3990 nobis
2287 3924 2462 3991 vires
2504 3932 2571 3991 et
2611 3926 2811 3991 facul·

867 4020 1037 4078 tates
1093 4018 1380 4096 superat.
1466 4010 1897 4094 Perspicuum
1953 4008 2159 4095 igitur
2212 4016 2314 4075 est
2370 4029 2564 4095 quam
2632 4012 2813 4079 utili-

866 4106 1070 4163 tatem
1115 4109 1199 4161 e‘x
1242 4116 1403 4162 sana
1441 4095 1641 4162 huius
1698 4093 1824 4161 loci
1872 4093 2424 4179 'interpretatione
2480 4098 2813 4181 percipere

867 4182 1240 4263 debeamus,
1285 4192 1352 4247 et
1388 4181 1735 4267 diligenter
1768 4201 1809 4246 a
1842 4179 2032 4248 nobis
2066 4179 2566 4264 observandum,
2611 4205 2810 4268 quum

868 4269 1254 4353 praesertim
1332 4267 1607 4333 nimium
1673 4266 2061 4351 plerumque
2126 4268 2331 4333 simus
2394 4267 2675 4336 audaces
2738 4271 2811 4336 in

865 4353 1298 4437 suscipiende,
1342 4363 1408 4420 et
1452 4351 1601 4438 plus
1642 4351 1831 4419 nobis
1872 4353 2031 4437 ipsis
2074 4374 2271 4435 quam
2315 4353 2510 4420 liceat
2546 4349 2810 4438 permit-

866 4453 1101 4519 tamus,
1148 4445 1394 4518 contra,
1477 4443 1629 4503 uar‘n
1664 4458 1900 4522 segnes
1935 4447 2002 4503 et
2035 4439 2207 4526 pigri
2244 4439 2326 4503 ad
2365 4438 2511 4505 Deo
2549 4442 2811 4508 vocanti

865 4526 1322 4593 obediendum.
1498 4545 1604 4590 am
1677 4539 1880 4590 novas
1936 4524 2213 4590 subinde
2286 4525 2515 4610 effugii
2582 4545 2812 4595 causas

864 4613 1236 4696 quaerimus
1313 4616 1380 4676 et
1437 4610 1644 4677 multa
1686 4618 1951 4675 nostrae
2007 4609 2303 4676 tarditati
2346 4614 2809 4695 praeteximus.

866 4698 1000 4763 Nos
1046 4720 1199 4763 vero
1242 4662 1401 4763 binc
1446 4693 1773 4784 discamus
1810 4695 1960 4761 forti
1997 4716 2137 4762 esse
2182 4697 2419 4776 animo,
2481 4699 2636 4764 freti
2680 4701 2808 4765 Dei

864 4781 1415 4868 promissionibus,
1474 4780 1554 4847 ab
1611 4781 1817 4865 ipsius
1874 4801 2073 4848 manu
2135 4781 2534 4849 validissima
2575 4791 2643 4849 et
2705 4785 2808 4850 in-

870 4869 1226 4936 victissima
1268 4877 1557 4954 tempore
1592 4875 1957 4954 opportuno
1986 4867 2310 4936 auxilium
2341 4877 2808 4952 exspectantes,

868 4978 1199 5038 nunquam
1266 4955 1662 5021 defuturum.
1752 4953 1843 5019 Et
1907 4951 2173 5018 interim
2238 4954 2672 5023 nihilominus
2735 4958 2806 5022 in

867 5041 1238 5107 humilitate
1283 5049 1350 5106 et
1393 5040 1713 5106 modestia
1746 5059 1867 5107 nos
1902 5040 2364 5119 contineamus,
2409 5038 2494 5106 ad
2528 5041 2597 5107 id
2633 5045 2803 5126 quod

864 5125 1193 5192 Dominus
1236 5125 1375 5209 ipse
1411 5126 1634 5190 manui
1668 5134 1931 5192 nostrae
1967 5125 2230 5192 obiiciet
2263 5127 2556 5192 animum
2594 5139 2806 5196 atten-

864 5212 1109 5291 dentes,
1146 5211 1311 5277 nihil
1358 5220 1580 5278 autem
1627 5221 1869 5279 temere
1912 5212 2357 5296 suscipientes.
2449 5212 2802 5281 Caeterum

2451 289 2867 374 HommA
2908 299 3253 372 mm.
4684 315 4772 385 503

2905 492 3077 558 hanc
3135 493 3496 596 doctrinam
3557 513 3692 598 non
3749 493 3944 561 aliter
4001 513 4129 563 nos
4195 507 4611 581 usurpaturus
4659 505 4783 569 scia-

2908 580 3937 764 ffiffbblggslaaupgssmabnbufiiffc
3946 580 4782 754 ddfftgurmaes’offlgetmx

2911 769 2960 816 a-
3009 750 3245 833 quibus
3305 751 3427 817 sibi
3483 771 3677 817 nemo
3731 750 3928 818 debet
3990 754 4478 822 immunitatem
4537 757 4778 840 polliceri,

2910 853 3113 918 quum
3162 837 3363 901 variis
3398 836 3606 903 modis
3639 836 3938 905 diabolus
3972 838 4056 904 ad
4093 853 4333 907 munus
4371 840 4620 925 aliquod
4649 861 4784 910 vou-

2911 929 3016 986 tos
3075 931 3322 986 terrere
3379 922 3599 988 soleat.
3687 922 3879 1002 Nam,
3937 924 4224 1012 exempli
4282 925 4514 1011 gratia,
4573 929 4782 996 verbum

2912 1005 3044 1072 Dei
3103 1005 3561 1090 praedicaturo
3614 1008 3857 1075 multas
3914 1009 4212 1093 undique
4273 1012 4598 1079 molestias
4636 1015 4785 1082 saeu-

2911 1091 3094 1170 tabit,
3131 1092 3365 1176 quibus
3401 1093 3506 1160 vel
3547 1091 3632 1160 ab
3666 1094 3796 1160 hoc
3825 1113 4025 1160 onere
4061 1096 4476 1180 suscipiendo
4491 1099 4783 1184 Μυκη

2911 1177 3020 1243 vel
3063 1179 3121 1243 si
3177 1180 3480 1264 suscepit,
3539 1180 3623 1245 ad
3666 1177 4102 1246 abiiciendum
4146 1183 4464 1266 impellat,
4519 1198 4621 1250 aut
4653 1196 4786 1251 reat

2910 1261 3318 1350 fugiendum,
3364 1266 3490 1332 nisi
3535 1265 3664 1330 Dei
3697 1266 4131 1349 promissione
4166 1267 4396 1351 fretus,
4430 1291 4503 1335 se
4531 1272 4787 1336 nimirum

2914 1350 3161 1415 virtute
3218 1350 3323 1414 sui
3380 1350 3646 1434 spiritns
3688 1352 3829 1436 ipse
3872 1351 4275 1431 adfuturum,
4333 1355 4652 1439 intrepide
4682 1357 4788 1422 istis

2913 1435 3384 1503 tentationibus
3427 1437 3709 1504 resistat.
3768 1438 3957 1504 Idem
3998 1437 4086 1504 de
4123 1441 4405 1524 regibus,
4449 1442 4790 1525 principibus

2916 1529 2984 1585 et
3024 1520 3520 1605 magistratibus
3555 1530 3696 1589 esto
3738 1521 4003 1591 dictum.
4049 1524 4224 1591 Nam
4257 1525 4539 1610 improbi
4570 1527 4790 1610 quidem,

2915 1604 3147 1694 quibus
3205 1625 3418 1689 neque
3475 1607 3684 1676 divini
3726 1609 3960 1689 cultus,
4016 1629 4101 1675 ne
4147 1629 4228 1676 ue
4285 1611 4661 1696 populorum
4697 1613 4795 1678 alls

2914 1707 3075 1758 cura
3117 1701 3237 1772 est,
3279 1692 3588 1760 audacter
3632 1694 3952 1778 quidquid·
3986 1631 4188 1762 libido
4233 1694 4580 1764 diowverit
4612 1715 4794 1782 aggre-

2916 1771 3196 1858 dientur,
3239 1778 3749 1861 praedabuntur,
3793 1781 4253 1864 compilabunt,
4288 1784 4430 1848 sine
4469 1795 4636 1851 metu
4666 1783 4797 1849 deni·

2916 1883 3043 1946 que
3077 1862 3326 1946 rapinis
3369 1864 3839 1950 indulgebunt:
3888 1881 4095 1950 quum
4139 1877 4372 1934 eontra
4416 1867 4566 1934 boni
4605 1869 4794 1953 ³²8¹*-

2915 1955 3128 2014 tratus
3195 1949 3452 2032 trepide
3519 1951 3834 2017 iustitiam
3893 1964 4259 2030 exerceant,
4345 1969 4482 2020 nen
4539 1953 4660 2021 nisi
4703 1953 4797 2019 Dei

2914 2034 3471 2118 promissionibus
3502 2037 3814 2103 nitentum
3872 2037 4043 2104 Nam
4088 2039 4146 2103 si
4191 2037 4273 2105 de
4313 2037 4648 2126 flagitiosis
4684 2057 4798 2122 sup·

2917 2121 3185 2203 plicium
3241 2139 3499 2187 sumere
3557 2125 3772 2206 parati
3827 2133 4006 2204 sunt,
4063 2125 4324 2190 multos
4363 2127 4587 2191 statim
4628 2124 4798 2192 viden

2915 2204 3045 2272 illis
3098 2226 3237 2271 esse
3294 2206 3781 2291 impedimento,
3839 2209 3946 2274 vel
4011 2223 4130 2276 eos
4179 2211 4420 2276 nimiae
4481 2211 4799 2278 meaa

2917 2309 3241 2371 accusare,
3303 2295 3407 2358 vel
3454 2295 3652 2359 etiam
3695 2295 4208 2373 obmurmurare,
4255 2305 4323 2362 et
4365 2315 4542 2363 nova
4579 2295 4798 2364 nomilia

2919 2379 3234 2445 adversus
3289 2377 3466 2461 ipsos
3525 2380 3712 2463 inire,
3777 2390 3852 2447 ut
3921 2389 4104 2447 metu
4159 2381 4244 2447 ab
4297 2381 4518 2449 officie
4559 2378 4801 2448 misum

2913 2462 3309 2529 deterreant.
3341 2464 3536 2531 'Hinc
3575 2467 3656 2530 fit
3697 2476 3772 2532 ut
3811 2466 4046 2549 quibus
4082 2467 4372 2533 iustitiae
4400 2483 4564 2536 eura
4595 2467 4802 2533 deman-

2917 2549 3074 2615 data
3114 2558 3234 2628 est,
3289 2555 3385 2614 tot
3436 2551 3921 2635 impedimentis
3964 2552 4178 2619 territi
4223 2553 4668 2637 despondeant
4700 2552 4802 2618 ani-

2915 2651 3119 2713 mum,
3164 2644 3240 2700 et
3274 2637 3358 2700 ab
3398 2636 3612 2703 officio
3655 2637 3981 2719 recedant,
4025 2639 4153 2706 nisi
4197 2638 4518 2707 hac-freti
4559 2641 4684 2706 sint
4707 2636 4800 2702 Dei

2916 2721 3364 2804 promissione,
3423 2721 3656 2788 Deum·
3701 2724 3928 2808 ipsum
3979 2737 4124 2791 esse
4176 2741 4324 2791 cum
4387 2726 4564 2809 ipsis·
4610 2737 4673 2790 et
4721 2741 4798 2788 em

2917 2807 3166 2872 virtute
3231 2823 3350 2872 sua
3411 2808 3660 2875 iuvare.
3749 2813 3972 2893 Atque
4036 2809 4118 2875 de
4179 2811 4274 2876 iis=
4317 2812 4436 2894 qui
4495 2811 4578 2877 ad
4629 2825 4800 2875 rerum

2917 2890 3359 2977 gubernacula
3413 2893 3640 2959 sedent
3703 2895 3832 2961 ista
3893 2894 4067 2960 dicta
4130 2904 4358 2962 sunto:
4426 2897 4552 2964 sed
4606 2892 4800 2978 alimid

2917 2977 3202 3061 amplius
3251 2978 3450 3060 etiam
3509 2980 3909 3048 adiiciamus.
3999 2981 4196 3063 Quot,
4250 2979 4516 3066 quaeso,
4579 2980 4799 3065 impedi

2915 3074 3141 3129 menta
3196 3081 3338 3130 sese
3397 3065 3499 3130 vel
3545 3067 3820 3149 privato,
3875 3067 3986 3133 cui
4027 3066 4324 3134 familiae·
4361 3070 4562 3136 unius
4597 3078 4664 3134 et
4689 3065 4801 3150 qui·

2915 3150 3066 3215 dem·
3121 3161 3362 3233 parvae
3423 3165 3583 3217 cura
3643 3155 3990 3220 commissa
4052 3163 4169 3230 est,
4236 3155 4584 3222 offeruntur
4671 3155 4801 3220 Nam

2916 3234 3115 3301 etiam
3173 3236 3354 3302 solus
3410 3235 3606 3302 horne
3664 3237 4028 3305 diffidentia
4081 3239 4422 3319 laborabit,
4485 3242 4612 3308 uisi
4661 3247 4798 3307 certo

2912 3322 3041 3388 sibi
3095 3321 3495 3406 persuadeat
3526 3323 3742 3390 Deum
3787 3341 4014 3392 secum·
4053 3337 4220 3408 esse;
4281 3337 4359 3393 ao
4402 3327 4672 3411 proinde
4703 3345 4802 3392 son

2913 3426 3056 3474 esse
3099 3407 3272 3492 quod
3316 3418 3588 3489 metuat&
3632 3411 3746 3476 sed
3789 3425 3958 3493 quae
3990 3412 4258 3478 vooafio=
4285 3413 4518 3496 ipsius*
4551 3411 4799 3499 pontum,

2957 3494 3272 3576 raestanti
3315 3495 3536 3561 animo
3570 3496 3881 3579 perficiat.
3926 3497 4105 3564 Hinc
4141 3505 4405 3566 nostrae
4439 3500 4596 3568 fidei
4626 3515 4802 3583 appro-

2997 3579 3242 3645 tionem
3289 3580 3689 3661 habebimus,
3750 3590 3818 3648 et
3858 3603 4030 3667 quae
4067 3584 4151 3649 ad
4197 3582 4324 3650 Dei
4370 3586 4648 3671 gloriam
4686 3583 4802 3649 asi·

2915 3674 3038 3731 unt
3081 3665 3599 3750 diiudicabimus,
3642 3670 3702 3734 si
3743 3669 3894 3734 forti
3937 3679 4007 3735 et
4047 3672 4378 3753 praesen&
4421 3673 4645 3739 animo
4677 3686 4802 3754 quae

2913 3753 3128 3819 officii·
3173 3754 3380 3819 nostri
3445 3767 3606 3820 sunt·
3665 3754 4142 3840 aggrediamur.
4231 3754 4630 3844 Quicunque
4683 3773 4802 3822 vero

2914 3838 3081 3905 altos
3137 3839 3391 3906 animos
3450 3847 3696 3925 gerunt
3751 3848 3820 3907 et
3861 3840 4245 3922 efferuntur,
4301 3851 4518 3928 atque·
4554 3843 4694 3912 huic
4723 3839 4800 3904 vel

2909 3924 3010 3989 illi
3063 3931 3325 4008 praeter
3379 3925 3483 3994 ius
3527 3935 3593 3992 et
3633 3943 3916 4009 aequum
3959 3927 4442 4012 gratificantur,
4501 3929 4798 4017 ingratitu-

2915 4010 3085 4076 dinis
3137 4011 3444 4093 convicti,
3501 4013 3768 4079 tandem
3819 4013 4020 4079 etiam
4080 4014 4408 4097 patefacta
4694 4014 4802 4079 dim

2912 4115 3156 4181 poenas
3209 4097 3474 4164 dabunt.
3564 4098 3701 4180 Qui
3760 4119 3912 4166 vero
3962 4109 4144 4165 metu
4201 4101 4487 4184 quodam
4623 4099 4803 4175 torna,

2913 4184 3181 4266 segnius
3235 4203 3384 4248 rem·
3441 4193 3692 4268 gerent,
3757 4186 3955 4251 etiam
4020 4203 4170 4252 oum
4235 4185 4556 4255 dedecore
4617 4207 4654 4253 a
4697 4186 4800 4250 Deo

2912 4268 3253 4353 propalam
3315 4269 3387 4335 in
3452 4270 3892 4353 spectaculum
3967 4272 4480 4352 exhibebuntur,
4561 4287 4638 4340 ut
4685 4291 4800 4340 sune

2914 4354 3228 4420 vanitatis
3275 4362 3346 4420 et
3396 4349 3766 4422 ambitionis
3809 4367 4052 4441 poenas
4093 4357 4302 4424 luant.
4392 4360 4644 4426 Oontra
4688 4377 4798 4423 vero

2912 4439 3023 4524 qui
3086 4439 3168 4506 ad
3225 4440 3486 4524 publica
3540 4443 3768 4509 munia
3825 4444 4036 4511 vocati
4088 4442 4342 4510 faciunt
4407 4446 4705 4523 officium,
4754 4453 4798 4505 et

2910 4525 3235 4610 intrepide
3289 4541 3364 4592 ae
3406 4528 3607 4594 veluti
3651 4529 3892 4595 clausis
3933 4529 4144 4596 oculis
4190 4529 4334 4595 sine
4373 4535 4797 4616 προσωκοληῳ

2910 4611 3228 4678 iustitiam
3264 4623 3592 4695 exercent,
3638 4623 3712 4679 et‘
3739 4612 3820 4680 de
3852 4615 3997 4680 iure
4025 4615 4200 4680 nihil
4233 4617 4610 4697 remittunt,
4647 4614 4796 4681 fidem

2875 4717 3098 4764 ‘suam
3158 4697 3550 4782 approbant:
3612 4713 3813 4783 seque
3869 4708 4199 4767 testantur
4241 4721 4486 4770 revera
4527 4702 4649 4768 Dei
4685 4717 4794 4785 prc-

2907 4784 3329 4850 missionibus
3367 4784 3594 4865 fretos,
3646 4795 3712 4850 et
3754 4786 4045 4852 eiusdem
4090 4788 4231 4871 regi
4269 4788 4558 4871 spiritut
4599 4805 4670 4855 ac
4705 4780 4794 4851 Dei

2957 4870 3452 4938 remissionibus
3487 4872 3769 4938 nitentes
3808 4871 4102 4938 debitum
4138 4873 4462 4940 honorem
4496 4875 4626 4940 illis
4653 4869 4793 4939 exhi·

2952 4973 3081 5038 ere,
3135 4965 3209 5022 ut
3249 4957 3561 5024 adversus
3618 4976 4045 5043 quaecunque
4071 4958 4552 5044 ⁸impedimenta
4591 4959 4793 5027 fortiter

2907 5050 2975 5107 et
3029 5043 3356 5127 intrepide
3411 5063 3554 5111 sese
3619 5054 3871 5130 gerant,
3927 5061 4140 5130 mque
4202 5061 4504 5130 unquam
4567 5068 4606 5112 a
4663 5053 4792 5112 rem

2906 5127 3251 5196 declinent.

3075 5213 3223 5280 Iam
3267 5235 3440 5298 vero,
3485 5216 3721 5283 fratres
3764 5218 3956 5303 agite,
4002 5222 4105 5284 etc.
