5059 6059
347 303 458 368 261

344 489 488 555 nino
543 488 934 570 deficiamus,
1000 512 1120 557 sua
1174 492 1434 577 quidem
1496 493 1684 563 nobis
1742 495 1910 562 dona
1954 495 2255 583 largitur,

342 575 445 642 sed
499 575 716 641 multis
776 574 1071 643 admixta
1128 578 1441 646 molestiis
1485 593 1552 645 et
1596 582 2113 664 difficultatibus,
2174 581 2255 648 ad

342 661 535 727 nostri
577 661 1127 730 emendationem:
1182 677 1375 748 atque
1433 665 1592 733 adeo
1638 668 2079 738 beneficiando
2125 689 2254 734 non

343 748 613 831 quiescit,
668 747 793 812 etsi
848 760 1107 817 nostrae
1162 751 1480 818 voluntati
1541 775 1665 820 non
1726 755 2076 840 respondet
2118 754 2259 822 eius

339 831 695 900 liberalitas.
742 833 939 901 Novit
1000 838 1174 902 enim
1211 839 1454 921 optime
1498 837 1813 907 bonorum
1858 840 2260 906 abundantia

340 938 754 1002 prosperoque
836 941 1057 987 rerum
1121 926 1418 990 omnium
1482 947 1786 994 successu
1851 927 2158 993 mortales
2217 950 2258 994 a

340 1004 466 1069 Deo
506 1004 647 1070 fieri
694 1005 1055 1084 alieniores,
1102 1008 1205 1074 his
1249 1029 1436 1076 suam
1479 1012 1890 1093 industriam,
1933 1013 2068 1080 illis
2101 1034 2257 1080 suos

336 1091 574 1158 labores
618 1091 1165 1177 praedicantibus,
1208 1095 1355 1162 aliis
1394 1098 1979 1177 murmurantibus,
2032 1101 2255 1182 paucis

336 1173 595 1259 denique
636 1178 759 1242 Dei
807 1178 1322 1247 benedictionem
1366 1181 1888 1267 agnoscentibus,
1931 1195 1997 1252 et
2040 1187 2107 1252 in
2148 1186 2253 1251 beÎ‡

333 1261 683 1328 nedictione
724 1263 1103 1332 bonitatem.
1171 1267 1647 1344 Verumtamen
1691 1270 1845 1338 licet
1888 1272 2077 1337 multi
2121 1273 2253 1338 sint

331 1349 576 1433 ingrati,
626 1349 807 1416 Deus
844 1351 925 1416 ab
960 1352 1091 1416 illis
1134 1353 1369 1419 colitur
1411 1356 1520 1438 qui
1567 1377 1686 1422 sua
1729 1358 1951 1423 omnia
1991 1368 2256 1441 accepta

330 1433 430 1500 ille
482 1435 716 1501 ferunt.
818 1436 1028 1504 Porro
1086 1439 1269 1505 Deus
1336 1440 1508 1508 vires
1567 1452 1826 1510 nostras
1882 1443 2255 1527 exploratas

331 1520 532 1599 habet,
577 1543 652 1587 ac
699 1520 871 1587 dona
913 1544 1031 1590 sua
1075 1525 1411 1608 paulatim,
1473 1538 1544 1592 ut
1587 1528 1775 1594 nobis
1817 1528 2062 1596 iudicat
2102 1551 2252 1615 pro-

327 1607 547 1686 futura,
592 1607 948 1675 distribuit.
1037 1610 1128 1675 Et
1168 1611 1330 1677 haec
1375 1613 1635 1695 quidem
1681 1613 2015 1682 hactenus.

482 1692 798 1776 Sequitur
862 1694 1127 1762 Annam
1208 1698 1291 1763 ab
1365 1701 1629 1765 aemula
1692 1701 1785 1767 sic
1848 1703 2250 1785 exagitatam

328 1789 461 1862 post
518 1792 856 1863 sumptum
921 1782 1141 1849 cibum
1207 1784 1584 1864 secessisse,
1664 1797 1732 1850 et
1808 1786 1878 1852 in
1946 1789 2251 1856 maximis

330 1867 511 1932 animi
542 1867 869 1951 angustiis
904 1879 1302 1935 moerentem
1337 1870 1408 1935 in
1445 1873 1888 1940 sanctuarium
1916 1886 2250 1941 oraturam

332 1954 577 2019 venisse.
671 1952 753 2017 In
814 1955 1049 2035 quibus
1106 1955 1321 2022 verbis
1378 1956 1645 2024 subesse
1702 1959 2021 2042 quaedam
2069 1960 2252 2028 vide-

333 2055 430 2104 tur
467 2038 918 2105 contradictio:
973 2061 1123 2104 nam
1172 2042 1352 2124 prius
1397 2044 1643 2110 dictum
1688 2056 1804 2125 est,
1848 2066 1992 2111 eam
2040 2068 2251 2131 neque

329 2123 516 2191 edisse
558 2146 777 2207 neque
825 2125 1080 2205 bibisse,
1127 2127 1233 2194 hic
1277 2150 1432 2196 vero
1477 2138 1626 2211 post
1658 2144 1993 2214 sumptum
2028 2134 2249 2200 cibum

330 2210 521 2276 Deum
587 2224 1006 2294 precaturam
1074 2215 1351 2280 venisse.
1437 2214 1572 2282 Sed
1631 2236 1762 2281 non
1822 2218 2047 2302 ignota
2091 2221 2249 2287 satis

326 2298 540 2362 usitata
584 2296 870 2380 phrasis,
916 2308 992 2362 ut
1034 2319 1235 2381 quum
1283 2321 1573 2367 moerore
1616 2312 1685 2368 et
1731 2305 1997 2370 tristitia
2031 2306 2249 2372 cibum

319 2385 624 2465 capientes
695 2404 928 2467 parum
995 2383 1197 2449 edant
1261 2386 1589 2463 bibantve,
1662 2387 1826 2453 nihil
1892 2392 2247 2459 comedisse

319 2466 618 2549 dicantur,
669 2490 806 2533 non
851 2469 1109 2552 quidem
1141 2471 1315 2553 quod
1346 2474 1610 2538 omnino
1655 2474 1817 2541 cibis
1860 2475 2244 2559 abstineant,

319 2556 418 2618 sed
461 2557 625 2639 quod
678 2557 939 2638 parcius
984 2570 1274 2623 utantur.
1364 2558 1572 2624 Porro
1617 2559 1683 2624 in
1732 2562 2097 2627 istiusmodi
2141 2585 2245 2629 so-

316 2639 624 2708 lemnibus
673 2642 1033 2719 sacrificiis,
1078 2643 1291 2708 Deum
1340 2645 1608 2721 oraturi,
1655 2646 1852 2710 etiam
1912 2648 1980 2711 in
2037 2648 2245 2732 ipsius

315 2738 647 2810 conspectu
719 2726 968 2792 edendo
1048 2726 1480 2812 bibendoque,
1563 2751 1706 2796 sese
1785 2734 2246 2801 exhilarabant

315 2811 841 2896 oblectabantque
918 2836 1001 2880 ex
1078 2813 1283 2896 ipsius
1362 2815 1680 2883 institute.
1805 2822 2003 2886 Anna
2088 2844 2243 2889 vero

314 2913 522 2965 contra
564 2918 894 2975 moerens,
940 2899 1119 2963 nulla
1167 2922 1234 2965 re
1278 2901 1663 2983 oblectatur,
1704 2904 1914 2971 sedin
1939 2907 2243 2974 maximis

314 2986 498 3049 animi
534 2984 886 3069 angustiis,
932 2986 1149 3050 cibum
1194 2998 1413 3052 tamen
1459 2990 1719 3072 parcius
1764 2991 1987 3058 sumit.
2076 2992 2241 3060 an-

317 3081 505 3135 terum
564 3092 736 3154 quae
797 3072 1082 3136 maxima
1137 3072 1206 3136 in
1258 3073 1533 3138 muliere
1579 3075 1789 3141 virtus
1833 3077 2243 3146 observanda

312 3167 417 3233 est,
458 3158 774 3224 conviciis
819 3157 1065 3223 mutuis
1109 3170 1176 3223 et
1220 3160 1477 3226 iniuriis
1523 3182 1653 3225 uon
1699 3162 1890 3227 modo
1934 3164 2240 3244 abstinet,

311 3241 572 3309 sedDeo
618 3264 765 3308 rem
811 3264 1091 3322 omnem,
1136 3245 1416 3328 supplex
1459 3245 1542 3310 ad
1585 3248 1796 3330 ipsum
1835 3250 2239 3337 confugiens,

312 3330 633 3410 permittit.
752 3332 849 3394 Ac
913 3350 1091 3410 sane,
1155 3329 1308 3398 lieet
1369 3352 1495 3398 non
1564 3333 1807 3416 exigua
1873 3335 2083 3401 virtus
2138 3348 2241 3404 est

312 3413 565 3480 iniurias
630 3434 1055 3497 quascunque
1120 3417 1444 3501 patienter
1511 3418 1822 3500 tolerare,
1900 3442 2029 3486 non
2093 3421 2240 3490 ideo

312 3510 511 3565 tamen
568 3522 734 3566 vera
791 3515 987 3583 atque
1046 3503 1326 3584 perfecta
1382 3515 1499 3569 est.
1590 3504 1763 3570 Nam
1808 3526 2002 3588 saepe
2044 3510 2239 3575 corde

310 3587 651 3666 premimus
711 3585 917 3654 altum
975 3587 1286 3667 dolorem,
1343 3610 1537 3672 saepe
1591 3591 1804 3656 multa
1863 3593 1965 3657 vel
2028 3593 2237 3660 bomi-

311 3691 454 3737 num
513 3684 718 3743 metu.
778 3672 880 3737 vel
936 3674 1185 3740 sinistri
1247 3674 1493 3757 aliquid
1550 3676 1894 3743 molientes
1952 3681 2237 3746 occulta-

310 3777 458 3825 mus.
542 3758 786 3839 Itaque
830 3778 958 3823 non
1010 3760 1115 3825 bie
1158 3760 1667 3842 subsistendum,
1710 3761 1827 3827 sed
1869 3765 2237 3834 simultates

313 3851 372 3905 et
422 3843 560 3910 odia
627 3844 1036 3927 deponenda,
1096 3845 1329 3929 quibus
1384 3845 1567 3912 Deus
1626 3869 1665 3912 a
1719 3849 1904 3915 nobis
1962 3852 2236 3918 alienior

314 3927 468 3994 effici
522 3943 760 4014 potest.
850 3929 1182 4011 Quorsum
1232 3932 1409 3997 enim
1472 3932 1686 3998 Deum
1746 3935 2045 4017 precibus
2088 3938 2232 4003 fati-

311 4014 612 4097 gabimus,
665 4016 790 4082 nisi
829 4017 1132 4083 omnibus
1167 4017 1435 4085 abiectis
1471 4019 1914 4086 simultatibus
1949 4036 2016 4087 et
2052 4022 2235 4103 odiis,

314 4111 608 4183 tanquam
655 4103 727 4167 in
773 4103 914 4167 eius
956 4103 1175 4169 sinum
1219 4126 1411 4170 curas
1470 4118 1727 4172 nostras
1787 4106 2234 4189 deponamus?

312 4183 662 4254 Patientiae
728 4188 989 4271 quidem
1054 4189 1312 4258 laudem
1395 4190 1671 4257 iniurias
1750 4191 2236 4262 dissimulantes

308 4291 506 4337 coram
554 4273 937 4339 hominibus
981 4276 1236 4358 assequi
1298 4289 1587 4358 possunt,
1649 4286 1721 4342 ut
1780 4280 1971 4344 multi
2021 4282 2231 4363 philo-

309 4357 498 4439 sophi,
556 4380 721 4441 quos
765 4369 949 4424 tanta
994 4362 1311 4444 patientia
1356 4360 1627 4429 donatos
1675 4363 1874 4429 fuisse
1923 4366 2233 4447 videmus,

309 4457 375 4506 ut
411 4442 478 4507 in
524 4443 742 4511 Deum
792 4448 1157 4531 respexisse
1203 4446 1721 4531 videripossint.
1788 4450 2014 4533 Neque
2057 4455 2232 4519 enim

309 4528 447 4595 ullis
502 4531 609 4596 vel
669 4534 1078 4598 contumeliis
1141 4535 1245 4598 vel
1302 4535 1557 4600 iniuriis
1621 4537 2232 4605 commovebantur:

307 4616 452 4694 quin
533 4617 668 4682 imo
748 4631 1040 4684 caeteros
1105 4619 1403 4685 homines
1467 4620 1547 4686 ob
1629 4642 1765 4686 rem
1835 4623 2229 4690 levissimam

309 4699 654 4768 irascentes
695 4705 926 4769 merito
963 4705 1366 4785 deridebant,
1412 4723 1483 4771 ut
1530 4716 1723 4772 notus
1760 4718 1859 4773 est
1894 4711 2228 4776 cuiusdam

308 4784 466 4852 inter
508 4789 656 4855 illos
699 4789 903 4856 risus:
967 4791 1138 4870 Quid
1187 4793 1240 4856 si
1286 4794 1507 4858 asinus
1549 4793 1726 4860 calce
1772 4816 1874 4857 me
1918 4797 2229 4879 petiisset,

309 4891 457 4937 num
522 4885 590 4940 et
656 4875 722 4939 in
791 4877 893 4942 ius
965 4876 1297 4944 vocarem?
1407 4876 1661 4944 Omitto
1727 4880 1965 4946 similia
2022 4884 2232 4948 multa

312 4959 614 5024 virtutum
661 4962 1044 5028 simulacra:
1091 4985 1302 5047 neque
1345 4964 1520 5029 enim
1567 4965 1803 5031 animis
1839 4988 2062 5032 veram
2108 4969 2234 5034 vir-

309 5050 502 5109 tutem
570 5046 883 5124 colebant,
952 5060 1066 5116 aut
1134 5073 1285 5118 vere
1345 5061 1785 5134 temperantes
1849 5066 2053 5131 erant,
2115 5055 2228 5120 sed

312 5129 514 5196 verbis
574 5134 790 5199 fucum
857 5136 1199 5202 faciebant.
1288 5135 1728 5218 Quamobrem
1787 5136 1909 5203 hoc
1966 5141 2228 5206 unicum

312 5227 439 5281 esto
504 5218 861 5286 remedium
927 5220 1008 5289 ad
1069 5243 1287 5288 veram
1346 5224 1730 5305 patientiam
1799 5246 1994 5307 quam
2051 5226 2230 5292 Deus

1700 304 1799 370 IN
1840 306 1893 373 1.
1940 306 2121 375 LIB.
2169 305 2573 374 SAMUEL.
2620 307 2818 374 CAP.
2866 309 2921 372 I.
4003 353 4016 382 Î¹

4172 312 4306 390 262

2360 497 2679 581 praecipit
2737 496 3167 577 efficiendam,
3225 506 3297 563 ut
3341 496 3424 564 ad
3469 518 3622 563 eum
3670 506 3983 582 tanquam
4030 501 4303 572 unicum

2361 582 2619 668 asylum
2688 584 3173 668 confugiamus,
3256 598 3318 648 et
3396 584 3464 649 in
3531 604 3684 649 eum
3750 605 3977 651 omnes
4044 598 4303 658 nostras

2361 688 2554 735 curas
2573 690 2650 734 ac
2670 670 3139 736 sollieitudines
3162 669 3550 750 reiieiamus,
3595 669 4051 754 supplicesque
4075 695 4300 755 prece-

2360 775 2509 820 mur
2554 756 2696 821 eius
2741 758 3165 835 maiestatem,
3215 767 3284 821 ut
3327 755 3384 821 si
3430 756 3511 821 ab
3557 755 3930 823 hominibus
3967 760 4301 828 reiicimur

2360 861 2435 906 ac
2479 842 2978 916 contemnimur,
3039 842 3183 925 ipse
3242 842 3444 907 nostri
3504 861 3724 908 euram
3769 845 4102 927 suscipiat.
4192 847 4298 912 En

2359 948 2477 991 eur
2521 925 2739 991 David
2801 927 3098 1012 querelas
3141 948 3293 994 suas
3337 928 3401 992 in
3449 927 3595 993 sinu
3639 926 3908 994 Domini
3958 952 4297 1013 reponens,

2360 1012 2488 1076 ait:
2545 1011 2810 1079 Inimici
2865 1014 2987 1079 mei
3039 1014 3241 1080 verbis
3288 1013 3423 1079 odii
3478 1012 4016 1081 circumdederunt
4070 1038 4185 1100 me,
4244 1024 4302 1088 et

2357 1118 2455 1178 me
2496 1103 3012 1182 oppuynaverunt
3043 1100 3181 1165 sine
3218 1119 3435 1180 causa,
3473 1119 3598 1183 pro
3641 1098 3963 1167 dilectione
4004 1123 4141 1169 mea
4185 1104 4301 1170 adÎ‡

2355 1190 2689 1250 versantur
2752 1185 2930 1266 mihi,
2997 1191 3053 1250 et
3110 1206 3219 1268 eye
3278 1185 3365 1251 ad
3427 1204 3642 1268 preces
3704 1186 3998 1270 eenfuyio
4015 1236 4029 1262 â€š
4111 1191 4300 1272 quasi

2361 1269 2552 1355 dieat,
2614 1272 2783 1336 mihi
2844 1272 3108 1338 unicum
3152 1282 3448 1354 superest
3490 1291 3755 1354 precum
3800 1273 4191 1357 perfugium,
4233 1284 4306 1342 et

2358 1357 2762 1423 tutissimum
2805 1358 3081 1442 asylum,
3136 1356 3207 1421 in
3254 1376 3381 1439 quo
3424 1377 3555 1422 uno
3596 1359 4006 1439 conquiesco:
4071 1370 4139 1425 tu
4184 1384 4308 1446 paÎ‡

2357 1462 2495 1508 cem
2561 1442 2726 1507 mihi
2768 1464 2940 1509 unus
2984 1442 3290 1509 concilias
3337 1443 3446 1525 qui
3503 1443 3837 1526 passiones
3894 1444 4161 1528 detegis,
4225 1462 4300 1513 ut

2357 1528 2870 1594 consolationem
2924 1527 3198 1594 adferas.
3278 1526 3463 1594 Istud
3512 1527 3699 1593 nobis
3741 1532 4157 1597 contumeliis
4201 1533 4295 1601 la-

2357 1616 2608 1680 cessitis
2652 1614 2823 1698 quod
2889 1614 3214 1698 scriptura
3278 1613 3658 1697 praescribit
3730 1616 4153 1697 sequendum,
4223 1626 4300 1688 ut

2361 1700 2575 1765 Deum
2637 1702 2888 1767 sincere
2950 1711 3017 1764 et
3074 1699 3215 1765 sine
3272 1700 3688 1767 simulatione
3729 1721 4088 1783 precemur,
4142 1726 4294 1770 conÎ‡

2355 1784 2540 1852 iectis
2607 1787 2674 1851 in
2740 1808 2889 1854 eum
2949 1786 3128 1851 omni
3194 1806 3349 1851 eura
3411 1805 3487 1851 ac
3549 1785 3985 1852 sollicitudine
4049 1799 4294 1875 nostra,

2355 1893 2481 1953 quo
2547 1871 2836 1938 favorem
2902 1872 3045 1936 eius
3112 1883 3454 1955 paternum
3524 1890 3600 1935 ac
3662 1869 4177 1939 benevolentiam
4222 1876 4292 1942 in

2356 1957 2659 2023 maximis
2705 1958 2947 2024 nostris
2990 1957 3311 2040 angustiis
3355 1958 3790 2040 experiamur,
3844 1969 3912 2022 et
3966 1959 4037 2023 in
4081 1962 4292 2029 officio

2354 2044 2776 2110 retineamur.
2865 2044 2969 2108 Ex
3018 2064 3094 2108 eo
3138 2063 3295 2108 vero
3340 2041 3508 2125 quod
3553 2041 3753 2108 Anna
3795 2041 4032 2109 dieitur
4074 2048 4289 2114 animo

2355 2150 2579 2195 amare
2617 2129 2849 2212 fuisse,
2905 2150 2980 2196 ae
3023 2128 3161 2194 Dee
3204 2128 3569 2210 supplicans
3609 2128 3986 2194 vehementer
4018 2131 4288 2219 flevisse,

2353 2214 2752 2292 discendum,
2807 2215 2977 2298 quod
3042 2224 3299 2297 tempus
3353 2214 3441 2279 sit
3485 2215 3782 2297 precibus
3826 2227 4286 2299 opportunum.

2349 2298 2605 2384 Nempe
2669 2302 2858 2365 malis
2915 2299 3393 2385 ingruentibus,
3452 2311 3518 2364 et
3574 2299 3777 2364 veluti
3837 2322 3956 2365 nos
4009 2302 4289 2371 obruen-

2352 2385 2544 2464 tibus,
2588 2387 2914 2454 ineendiis
2960 2386 3114 2452 hinc
3158 2386 3308 2464 inde
3350 2384 3817 2469 grassantibus,
3874 2397 3940 2452 et
3983 2389 4111 2454 iam
4157 2391 4287 2457 iam

2348 2494 2488 2555 nos,
2544 2473 2685 2539 sine
2733 2473 2860 2537 Dei
2913 2469 3430 2538 extraordinaria
3488 2481 3554 2536 et
3614 2470 3795 2536 velut
3851 2469 3974 2536 á¼€Ï€á½¸
4022 2482 4295 2557 Î¼Î·Ï‡Î±Î½á¿†Ï‚

2348 2578 2489 2641 ope,
2559 2559 3061 2641 consumpturis.
3170 2557 3443 2634 Fateor,
3511 2557 3821 2639 quotidie,
3890 2581 4100 2640 mane,
4167 2564 4289 2628 sub

2349 2665 2711 2727 vesperam,
2756 2647 2887 2709 ime
2930 2643 3210 2728 singulis
3255 2642 3433 2708 horis
3469 2642 3700 2722 Deumâ¸
3727 2644 4178 2725 invocandum,
4226 2657 4294 2713 et
4360 2694 4363 2697 -

2348 2730 2415 2794 iu
2456 2752 2679 2795 rerum
2716 2730 3013 2795 omnium
3050 2750 3351 2795 successu
3392 2751 3508 2793 nos
3553 2730 3694 2793 eius
3729 2730 3973 2795 auxilio
4003 2733 4290 2800 maxime

2350 2815 2662 2902 indigere,
2725 2837 2926 2898 quum
2987 2816 3067 2881 ab
3124 2815 3276 2894 eius,
3310 2814 3700 2880 liberalitate
3762 2817 3984 2881 omnia
4029 2838 4289 2900 proma-

2348 2916 2508 2968 ueut
2565 2901 2756 2985 bona,
2812 2913 2879 2967 et
2934 2901 3161 2967 iisdem
3218 2900 3361 2965 eius
3419 2898 3862 2966 misericordia
3928 2902 4076 2967 freti
4147 2917 4286 2969 uta-

2346 3010 2513 3054 mur.
2604 2988 2894 3071 Tempus
2928 2986 3187 3070 quidem
3235 2995 3334 3051 est
3377 2985 3705 3051 hilarandi
3741 3008 3828 3063 se,
3877 2987 4018 3053 Deo
4062 3009 4287 3055 rerum

2346 3095 2718 3141 successum
2765 3094 3146 3157 prosperum
3192 3071 3406 3152 dante,
3451 3072 3547 3136 ita
3591 3079 3814 3135 tamen
3862 3083 3934 3138 ut
3976 3094 4287 3142 excessus

2345 3174 2412 3226 et
2455 3160 2706 3243 gratiae
2749 3160 2953 3243 ipsius
2997 3159 3236 3224 abusus
3282 3159 3484 3223 absit:
3543 3178 3694 3222 nam
3753 3156 3819 3222 in
3865 3159 4007 3224 Deo
4057 3170 4287 3226 nostra

2343 3245 2586 3330 gaudia
2649 3266 2791 3311 esse
2849 3255 3120 3328 oportet.
3224 3242 3573 3311 Caeterum
3638 3242 3863 3308 eodem
3925 3246 4110 3310 nobis
4168 3246 4284 3311 ad-

2345 3352 2605 3396 versum
2672 3331 2832 3414 quid
2877 3330 3308 3413 immittente,
3363 3339 3622 3413 tempus
3678 3338 4121 3413 opportunum
4185 3341 4285 3400 est

2343 3418 2660 3500 precibus,
2707 3428 2779 3481 ut
2821 3415 3330 3483 consolationem
3374 3416 3785 3499 accipiamus.
3855 3415 4083 3499 Neque
4128 3439 4282 3483 vero

2344 3505 2626 3568 maximo
2693 3523 2913 3568 rerum
2970 3501 3263 3568 omnium
3329 3522 3649 3580 successu,
3716 3511 3783 3566 et
3843 3502 4058 3567 omnis
4124 3504 4283 3570 mali

2338 3590 2629 3656 carentia
2687 3589 2779 3654 sic
2836 3610 2956 3654 nos
3009 3586 3319 3652 oblectari
3382 3608 3499 3670 par
3553 3596 3670 3666 est,
3737 3599 3809 3651 ut
3876 3588 4114 3654 bestias
4173 3598 4290 3655 aut

2338 3693 2491 3740 sues
2535 3673 2863 3740 abdomini
2910 3674 3378 3739 inservientes:
3434 3672 3547 3738 sed
3609 3672 3825 3755 potius
3873 3675 4286 3758 agnoscenda

2341 3761 2468 3826 Dei
2510 3759 2945 3826 beneficentia
2988 3768 3104 3838 est,
3158 3759 3406 3824 virtute
3449 3758 3653 3824 sancti
3703 3761 3807 3823 sui
3850 3760 4119 3841 spiritus
4165 3782 4285 3828 nos

2339 3846 2764 3931 protegentis,
2809 3859 2886 3911 ut
2921 3866 3039 3931 pro
3085 3854 3181 3909 tot
3217 3844 3545 3927 tantisque
3590 3845 3728 3908 eius
3773 3843 4103 3912 beneficiis
4138 3866 4285 3930 gra-

2341 3933 2463 3996 tias
2541 3932 2632 3996 illi
2715 3953 3006 4016 agamus.
3133 3928 3460 4011 Quoniam
3552 3951 3711 3994 vero
3808 3950 4276 4015 nonnunquam

2340 4017 2838 4101 tempestatibus
2880 4018 2962 4083 iis
3005 4016 3348 4101 agitamur,
3414 4015 3651 4098 quibus
3712 4016 3856 4081 sine
3907 4017 4030 4081 Dei
4097 4019 4278 4084 auxiÎ‡

2338 4103 2426 4168 lio
2506 4103 2792 4168 ferendis
2846 4122 3139 4170 essemus
3211 4102 3402 4185 longe
3468 4102 3828 4184 inferiores,
3896 4103 4279 4186 plerumque

2340 4190 2435 4268 fit,
2501 4203 2578 4254 ut
2644 4188 2961 4254 donorum
3013 4188 3134 4252 Dei
3195 4186 3376 4251 obliti
3439 4188 3654 4269 potius
3715 4185 4166 4271 indignatione
4210 4198 4278 4254 et

2338 4276 2574 4341 mentis
2604 4285 2787 4341 aestu
2819 4276 3048 4360 agitati
3094 4280 3575 4340 sacrosanctum
3624 4273 3766 4339 eius
3812 4294 4048 4339 nomen
4099 4273 4272 4338 blasÎ‡

2335 4361 2591 4445 phemis
2638 4361 2902 4427 vocibus
2946 4359 3301 4437 laedamus,
3360 4379 3551 4442 quam
3599 4357 3681 4424 ad
3722 4380 3943 4442 preces
3978 4380 4271 4426 recurra-

2336 4468 2513 4512 mus:
2583 4458 2837 4530 oportet
2899 4469 3017 4512 nos
3080 4446 3151 4510 in
3209 4445 3581 4510 istiusmodi
3639 4445 4075 4510 tentationum
4127 4465 4273 4527 pro-

2332 4531 2513 4598 cellis
2602 4532 2679 4596 ad
2761 4554 2986 4616 preces
3050 4549 3123 4597 ut
3193 4551 3447 4595 sacram
3528 4551 3831 4597 ancoram
3902 4530 4272 4613 confugere,

2332 4617 2855 4702 quandoquidem
2901 4632 3264 4703 opportuno
3309 4625 3617 4699 tempore,
3677 4616 3739 4680 id
3797 4625 3896 4679 est
3948 4616 4017 4679 in
4067 4615 4275 4680 maxiÎ‡

2332 4708 2455 4769 mis
2481 4704 2824 4788 angustiis,
2861 4715 2928 4768 et
2951 4703 3248 4769 omnibus
3283 4700 3429 4767 aliis
3464 4703 3768 4767 remediis
3804 4699 4271 4779 deficientibus,

2334 4789 2552 4855 Deum
2611 4791 2917 4856 invocare
2974 4790 3291 4866 iubemur,
3368 4798 3439 4852 ut
3497 4785 4276 4884 caecutientiumflculos

2330 4877 2600 4958 aperiat,
2647 4874 2727 4939 ad
2753 4876 3069 4941 auxilium
3116 4874 3322 4959 ipsius
3345 4874 3750 4955 intuendum,
3797 4882 3861 4936 et
3888 4871 4072 4937 nobis
4103 4883 4272 4938 temÎ‡

2330 4983 2484 5046 pore
2505 4972 2871 5045 opportuno
2892 4960 3367 5045 applicandum.
3393 4956 3829 5039 Quamobrem
3853 4965 3921 5055 et
3941 4957 4276 5056 prosperis

2328 5059 2397 5114 et
2440 5046 2733 5113 adversis
2778 5049 2969 5113 rebus
3013 5045 3329 5112 orandum
3369 5056 3485 5110 est.
3574 5045 3935 5126 Prosperis,
3980 5065 4270 5127 inquam,

2333 5151 2404 5199 ut
2448 5133 2619 5199 dona
2659 5135 2865 5216 ipsius
2906 5152 3353 5217 agnoscamus,
3400 5132 3772 5212 gratiasque
3816 5149 3935 5212 pro
3971 5130 4098 5196 illis
4130 5132 4272 5197 Deo

2330 5220 2564 5306 dignas
2609 5240 2912 5303 agamus:
2974 5218 3264 5284 adversis
3308 5224 3544 5293 autem,
3603 5225 3677 5279 ut
3721 5215 3974 5280 nullum
4021 5215 4274 5282 aditum

3771 5317 3875 5371 17Â¹â¸Î‡
