5059 6059
827 302 955 368 451

833 505 1233 580 erepturum,
1285 506 1349 560 et
1387 503 1749 560 momento:
1815 512 2015 575 quum
2063 511 2167 557 res
2212 490 2770 575 deploratissimae

839 581 1245 661 videbuntur,
1289 580 1627 665 suppetias
1671 578 2117 643 laborantibus
2150 577 2462 642 laturum.

1002 669 1441 733 Transeamus
1484 666 1564 731 ad
1609 665 1725 730 illa
1762 665 1977 739 verba,
2024 661 2259 746 quibus
2294 661 2532 728 dicitur
2569 662 2772 728 Abia·

830 753 1017 818 tharo
1079 753 1356 837 fugienti
1400 750 1616 836 ephod
1660 752 1727 814 in
1775 748 2078 815 manibus
2123 748 2362 815 habere
2395 749 2768 832 contigisse.

826 839 958 906 Hic
1013 840 1275 924 fingunt
1320 840 1611 922 papistae
1657 847 1723 901 et
1764 835 2106 910 increduli,
2177 845 2248 899 ut
2292 842 2448 933 sunt
2490 837 2770 901 miracu-

827 925 1040 990 lorum
1087 925 1516 991 amantissimi
1577 933 1642 987 et
1685 923 1754 987 in
1800 942 1877 987 ea
1920 920 2433 1004 propensissimi,
2491 921 2769 986 miracu-

826 1011 961 1077 lose
1005 1011 1368 1076 Abiatharo
1413 1009 1687 1094 fugienti
1734 1007 1951 1072 Deum
1997 1005 2211 1090 ephod
2254 1007 2322 1070 in
2368 1025 2603 1071 manus
2648 1007 2768 1071 im·

824 1097 1104 1162 misisse.
1193 1095 1328 1163 Sed
1374 1117 1588 1180 nugae
1632 1095 1794 1159 istae
1837 1094 2154 1158 facessere
2200 1112 2239 1156 a
2283 1092 2468 1156 nobis
2512 1092 2769 1167 debent,

827 1191 893 1248 et
949 1204 1082 1247 non
1152 1182 1561 1266 quaerendae
1620 1181 1847 1244 inanes
1903 1178 2491 1260 interpretationes.
2562 1199 2771 1261 neque

832 1289 1008 1334 vana
1049 1269 1304 1335 somnia
1347 1267 1532 1332 nobis
1577 1263 1918 1349 fingenda:
1964 1263 2349 1346 simpliciter
2392 1263 2600 1345 igitur
2645 1264 2770 1329 hoc

825 1353 1287 1438 intelligamus,
1333 1373 1569 1436 nempe
1603 1350 2041 1417 Abiatharum
2078 1368 2206 1413 non
2247 1359 2489 1413 temere
2525 1348 2770 1432 fugisse

827 1438 943 1506 sed
991 1439 1223 1523 ephod,
1266 1439 1332 1504 id
1377 1449 1474 1506 est
1516 1436 1984 1504 sacerdotalem
2028 1445 2353 1513 ornatum,
2397 1455 2618 1500 secum
2666 1457 2767 1502 as-

828 1528 1199 1611 sumpsisse.
1303 1524 1432 1592 Ubi
1525 1521 2007 1589 observandum
2091 1519 2259 1602 quod
2338 1534 2490 1584 ante
2571 1523 2768 1587 verbo

830 1613 1035 1696 attigi,
1102 1611 1319 1676 Deum
1363 1609 1749 1694 incogitanti
1791 1605 2159 1672 Davidi-de
2206 1606 2492 1670 remedio
2537 1603 2769 1672 adver-

829 1719 939 1762 sus
982 1718 1219 1780 graves
1265 1697 1658 1761 tentationes
1702 1693 2087 1778 providisse.
2176 1691 2346 1755 Nam
2393 1690 2609 1757 David
2649 1693 2771 1759 hoc

827 1783 1037 1866 ephod
1099 1805 1258 1848 usus
1318 1793 1419 1848 est
1475 1781 1556 1846 ad
1613 1777 2155 1863 interrogandum
2216 1798 2287 1841 os
2344 1776 2636 1862 Domini,
2696 1789 2770 1843 ut

826 1867 997 1932 nihil
1050 1868 1195 1933 Deo
1253 1869 1620 1935 inconsulto
1674 1864 2155 1950 aggrederetur,
2213 1863 2767 1961 quemadmodum

826 1962 894 2018 et
935 1952 1044 2018 hic
1087 1956 1326 2019 factum
1373 1962 1489 2034 est,
1534 1963 1609 2018 ut
1652 1951 1944 2018 consulto
1991 1951 2130 2014 Deo
2177 1961 2261 2013 sit
2306 1969 2505 2014 ausus
2537 1950 2767 2014 adver-

827 2060 939 2104 sus
999 2041 1504 2105 Philistaeorum
1565 2060 1801 2122 agmen
1847 2036 2185 2120 proficisci,
2251 2043 2318 2098 et
2363 2034 2767 2101 Oeilensibus

827 2124 1272 2192 laborantibus
1316 2124 1486 2189 ferre
1531 2125 1881 2209 suppetiae,
1930 2132 2003 2186 ut
2048 2133 2353 2202 tanquam
2402 2134 2619 2185 erecto
2655 2144 2769 2187 ve·

825 2209 986 2276 xillo
1044 2211 1264 2276 David
1319 2211 1401 2275 ad
1446 2212 1765 2295 praelium
1812 2208 2127 2273 adversus
2171 2205 2396 2270 hostes
2442 2207 2770 2272 excitatus

825 2298 932 2361 sit.
1019 2296 1280 2362 Deinde
1340 2296 1565 2361 eodem
1629 2295 1840 2379 ephod
1887 2315 2063 2373 usus,
2128 2290 2290 2355 urbe
2327 2292 2422 2389 ,sit
2465 2314 2769 2377 egressus

824 2403 910 2446 ne
956 2384 1025 2446 in
1069 2382 1290 2448 Saulis
1335 2390 1724 2464 potestatem
1770 2380 1851 2445 ab
1895 2380 2124 2444 incolis
2159 2377 2456 2461 proditus
2493 2381 2765 2445 veniret.

825 2468 973 2534 Hoc
1016 2469 1222 2551 igitur
1264 2468 1633 2551 profugium
1682 2465 1902 2531 David
1947 2466 2015 2528 in
2061 2464 2360 2548 angustis
2404 2465 2603 2530 rebus
2648 2465 2766 2530 ha·

825 2554 1006 2618 buit:
1051 2553 1131 2618 de
1176 2575 1301 2636 quo
1346 2555 1482 2635 ipse
1528 2553 1807 2636 quidem,
1853 2570 2055 2634 quum
2102 2547 2286 2613 Nobe
2332 2551 2763 2630 transivisset,

823 2659 952 2705 non
1001 2640 1420 2721 cogitaverat,
1477 2653 1544 2704 et
1587 2640 1667 2704 ab
1713 2633 2174 2703 Achimelecho
2220 2643 2472 2734 tantum
2519 2648 2585 2699 et
2630 2648 2762 2701 tam

821 2724 1156 2791 excellens
1218 2725 1603 2791 beneficium
1660 2745 1789 2789 non
1837 2723 2143 2806 petierat:
2199 2740 2354 2801 quin
2403 2740 2535 2785 imo
2580 2742 2764 2785 vere—

822 2811 1059 2878 cundia
1103 2823 1169 2875 et
1260 2809 1456 2875 udore
1500 2810 1869 2894 impeditus,
1937 2829 2064 2873 non
2113 2825 2309 2871 ausus
2355 2807 2582 2871 fuisset
2622 2829 2762 2890 spe·

821 2918 971 2963 rare
1029 2905 1162 2960 tam
1249 2895 1548 2962 audabile
1607 2896 1817 2961 divini
1861 2893 2105 2959 favoris
2151 2892 2595 2957 testimonium
2642 2895 2764 2959 sibi

820 3002 1201 3050 concessum
1263 2981 1364 3058 iri,
1431 2981 1603 3065 quod
1662 2991 1878 3046 tamen
1941 2978 2064 3062 ipsi
2110 2979 2491 3061 incogitanti
2539 2978 2764 3043 datum

820 3075 940 3145 est,
1007 3077 1073 3132 et
1130 3067 1393 3148 quidem
1441 3081 1579 3133 tum
1627 3068 1910 3133 maxime
1955 3084 2151 3148 quum
2205 3065 2412 3128 virtus
2454 3065 2658 3147 ipsius
2701 3078 2767 3131 et

817 3153 1328 3238 magnanimitas
1387 3154 1869 3239 languesceret,
1936 3162 2004 3216 et
2061 3169 2209 3234 spes
2253 3152 2466 3216 omnis
2510 3152 2767 3234 perdita

823 3240 1178 3308 videretur.
1267 3240 1476 3306 Porro
1521 3240 1688 3323 quod
1734 3237 1830 3302 illi
1878 3238 2059 3302 Deus
2106 3236 2315 3318 ephod
2362 3256 2507 3301 cum
2552 3259 2766 3305 sacer-

823 3327 974 3393 dote
1029 3325 1212 3389 misit
1253 3327 1467 3392 maius
1511 3326 1768 3411 pondus
1812 3321 1983 3406 apud
2029 3322 2216 3386 illum
2264 3322 2510 3400 habuit,
2572 3344 2766 3407 quam

825 3414 885 3479 si
943 3412 1125 3477 Deus
1181 3411 1305 3495 ipsi
1365 3412 1638 3497 triginta
1698 3407 1879 3475 mille
1937 3408 2217 3475 militum
2278 3409 2611 3492 suppetias
2655 3409 2767 3476 de·

825 3499 1043 3563 disset.
1131 3496 1300 3561 Nam
1365 3499 1486 3564 etsi
1544 3497 1774 3563 multis
1832 3494 2117 3561 strenuis
2172 3506 2237 3558 et
2277 3493 2554 3561 fortibus
2599 3496 2767 3561 mili-

823 3583 1003 3649 tibus
1071 3583 1372 3665 stipatus,
1454 3605 1587 3650 non
1655 3595 1876 3650 tamen
1941 3601 2061 3644 sua
2123 3580 2190 3645 vi
2257 3590 2322 3646 et
2384 3581 2768 3648 fortitudine

826 3670 1055 3736 fuisset
1108 3678 1431 3751 servatus,
1489 3681 1563 3737 ut
1618 3670 1894 3753 ipsemet
1936 3665 2112 3733 Psal.
2159 3665 2243 3766 33
2288 3665 2493 3766 docet,
2541 3688 2766 3769 regem

830 3775 962 3822 non
1025 3754 1277 3819 servari
1336 3757 1578 3821 virtute
1634 3778 1770 3833 sua,
1830 3773 2043 3836 neque
2097 3772 2246 3834 equi
2306 3752 2496 3818 fortis
2541 3755 2767 3818 celeri-

825 3850 997 3907 tate:
1056 3838 1172 3905 sed
1231 3838 1311 3903 ab
1366 3862 1495 3906 uno
1551 3841 1695 3906 Deo
1738 3840 2016 3906 salutem
2058 3838 2455 3921 contingere.
2547 3837 2769 3919 Quare

827 3928 979 3994 licet
1074 3925 1434 3991 multorum
1510 3927 1794 3991 militum
1884 3923 2137 3990 viribus
2216 3922 2437 3988 David
2536 3934 2768 3991 auctus

825 4013 1078 4095 fuisset,
1160 4030 1291 4076 non
1361 4021 1578 4078 tamen
1633 4023 1769 4077 tam
1827 4020 2078 4077 certum
2136 4008 2369 4073 fuisset
2425 4011 2766 4090 auxilium,

825 4120 1021 4184 quam
1068 4116 1274 4180 quum
1319 4098 1528 4180 ephod
1575 4098 1838 4181 aceepit.
1927 4096 2098 4161 Nam
2143 4115 2262 4178 per
2305 4093 2514 4178 ephod
2554 4095 2769 4163 aditus

825 4185 907 4253 ad
976 4183 1191 4248 Deum
1259 4182 1383 4265 ipsi
1452 4184 1677 4267 patuit,
1744 4189 1821 4248 ut
1887 4181 2044 4266 quid
2103 4179 2169 4244 in
2231 4179 2425 4246 rebus
2470 4184 2769 4281 angustis

825 4274 994 4338 facto
1052 4279 1226 4335 esset
1279 4271 1404 4351 ipsi
1464 4290 1624 4353 opus
1682 4268 2111 4353 intelligeret:
2186 4275 2253 4332 et
2310 4266 2494 4333 Deus
2552 4289 2768 4351 ipsum

824 4356 1033 4423 veluti
1099 4375 1300 4420 manu
1356 4355 1899 4439 comprehensum
1958 4353 2298 4419 certiorem
2358 4353 2621 4439 faceret,
2698 4377 2769 4420 se

825 4451 1238 4529 praesentem
1285 4441 1414 4524 ipsi
1458 4440 1684 4506 adfore
1729 4441 1796 4504 in
1839 4439 2143 4506 omnibus
2187 4438 2514 4521 periculis,
2575 4451 2639 4506 et
2685 4463 2769 4506 ex

823 4528 1128 4596 omnibus
1185 4525 1443 4593 salvum
1513 4537 1582 4591 et
1644 4524 2037 4592 incolumem
2080 4526 2572 4608 praestiturum.
2662 4527 2767 4592 En

826 4636 954 4700 qua
1012 4613 1267 4679 ratione
1325 4613 1512 4679 Deus
1570 4613 1780 4679 servis
1838 4612 1979 4677 suis
2022 4610 2104 4675 de
2146 4609 2338 4675 rebus
2386 4613 2768 4679 necessariis

823 4700 1148 4786 providet,
1193 4699 1274 4763 de
1318 4697 1554 4782 quibus
1601 4708 1820 4764 tamen
1863 4696 1959 4761 illi
2004 4715 2340 4779 nunquam
2377 4698 2767 4780 cogitarant.

825 4787 965 4852 Nos
1008 4784 1268 4869 quidem
1314 4806 1473 4850 sane
1508 4806 1644 4849 non
1680 4792 1935 4867 oportet
1969 4782 2127 4847 adeo
2161 4781 2573 4866 negligentes
2608 4805 2767 4864 esse,

821 4881 901 4939 ut
960 4893 1090 4936 non
1136 4869 1409 4937 sollicite
1454 4872 1923 4956 investigemus
1966 4889 2130 4952 quae
2172 4867 2359 4932 nobis
2403 4872 2771 4936 necessaria

827 4965 1001 5037 sunt,
1046 4965 1121 5022 ut
1165 4957 1379 5022 Deum
1427 4956 1725 5040 precibus
1761 4977 1878 5040 pro
1914 4955 2046 5020 illis
2080 4953 2519 5032 sollicitemus,
2567 4955 2770 5022 donec

826 5042 1096 5109 tandem
1161 5042 1242 5107 ab
1299 5042 1442 5127 ipso
1519 5043 1959 5125 impetremus.
2072 5039 2294 5121 Quare
2367 5059 2495 5122 quo
2568 5043 2770 5108 maio-

826 5129 1013 5195 ribus
1055 5126 1342 5210 undique
1384 5130 1712 5214 cingimur
1752 5127 2078 5212 periculis,
2145 5148 2219 5192 eo
2263 5123 2643 5209 diligentius
2687 5127 2769 5193 ad

826 5217 1049 5282 Deum
1085 5213 1433 5298 confugere
1468 5213 1809 5281 debemus:
1847 5223 1912 5281 et
1950 5233 2151 5297 quum
2188 5211 2535 5280 fecerimus
2569 5233 2767 5296 quae·

2392 301 2804 369 HOMILIA
2850 301 3218 368 LXXXII.
4634 309 4721 374 452

2874 509 3133 573 cunque
3174 491 3245 556 in
3290 502 3515 557 nostra
3556 501 3745 559 erant
3788 504 4124 578 potestate,
4172 517 4256 561 ne
4290 509 4503 564 tamen
4536 521 4569 564 a
4595 502 4730 569 nohis

2874 576 3034 658 ipsis
3098 587 3395 646 nostram
3455 578 3734 645 salutem
3792 601 4091 647 manasse
4150 583 4600 651 existimemus:
4651 590 4732 655 sed

2874 661 3186 743 quidquid
3229 663 3765 747 praestiterimus,
3812 667 4028 733 Deum
4075 667 4363 735 dicamus
4406 691 4519 735 sua
4552 673 4734 739 virtute

2874 757 3236 831 operatum,
3295 757 3361 812 et
3403 750 3674 815 consilia
3736 763 3963 818 nostra
4005 753 4087 818 ad
4132 763 4421 837 optat-um
4466 758 4635 823 finem
4668 761 4736 824 di·

2875 834 3141 898 rexisse.
3231 831 3484 900 Idcirco
3564 835 3720 903 dicit
3789 840 4107 923 propheta
4170 842 4386 906 Deum
4454 842 4591 908 filiis
4641 847 4739 911 suis

2875 918 3345 984 dormientibus
3397 918 3613 986 cibum
3670 932 3737 989 et
3790 936 4016 1007 potum
4075 926 4513 1011 suppeditare:
4565 929 4620 993 id
4655 943 4738 1008 est,

2875 1005 3161 1086 quietem
3222 1006 3243 1069 i
3293 1006 3383 1071 sis
3427 1006 3601 1086 dare,
3658 1009 4080 1077 frementibus
4121 1012 4274 1078 licet
4315 1014 4655 1091 incredulis,
4697 1035 4741 1081 et

2874 1092 3056 1154 miris
3135 1110 3203 1154 m
3290 1092 3345 1156 is
3415 1112 3558 1159 sese
3623 1097 4095 1178 torquentibus,
4173 1106 4239 1163 et
4303 1098 4601 1165 adversus
4654 1102 4741 1166 Dei

2872 1174 3046 1241 filios
3103 1176 3373 1242 consilia
3431 1179 3793 1261 perniciosa
3852 1183 4242 1262 ineuntibus,
4309 1184 4540 1267 quibus
4577 1186 4746 1252 fideles

2877 1261 3297 1326 vehementer
3362 1272 3630 1345 possent
3689 1271 4102 1348 commoveri,
4177 1270 4291 1336 sed
4358 1269 4569 1336 Deum
4624 1273 4745 1337 filios

2873 1366 3026 1411 suos
3106 1344 3499 1415 dormientes
3579 1363 4026 1419 servaturum:
4112 1355 4176 1420 id
4241 1366 4343 1423 est
4407 1378 4446 1421 e
4504 1359 4749 1440 periculis

2872 1441 3268 1515 erepturum,
3312 1434 3440 1498 etsi
3481 1456 3691 1519 neque
3736 1440 4003 1521 viribus,
4048 1462 4260 1525 neque
4303 1442 4564 1507 consilio
4601 1453 4655 1509 et
4680 1445 4749 1508 in·

2873 1517 3140 1596 dustria,
3196 1538 3406 1601 neque
3449 1522 3887 1589 sollicitudine
3931 1548 4119 1592 suam
4164 1529 4447 1592 salutem
4491 1529 4604 1612 ipsi
4640 1550 4749 1612 que-

2871 1613 2989 1669 ant
3028 1624 3428 1687 promovere.
3519 1607 3623 1671 En
3671 1613 3990 1690 quomodo
4035 1613 4219 1678 Deus
4264 1625 4523 1679 nostras
4563 1618 4751 1700 cogita-

2873 1690 3083 1754 tiones
3148 1701 3429 1772 superat,
3497 1705 3564 1757 et
3627 1697 3815 1760 nobis
3880 1698 4385 1781 incogitantibus
4454 1713 4517 1765 et
4569 1703 4752 1765 nesciis

2870 1777 3236 1840 necessaria
3294 1777 3611 1857 providet,
3669 1794 3744 1844 ut
3800 1783 3995 1847 etiam
4042 1784 4236 1868 longe
4279 1785 4517 1852 melius
4556 1799 4617 1852 et
4650 1787 4754 1850 feli-

2870 1861 3010 1925 cius
3070 1880 3173 1924 res
3231 1861 3420 1927 nobis
3477 1865 3846 1947 succedant,
3908 1889 4102 1951 quam
4149 1892 4415 1954 sperare
4461 1874 4596 1937 ausi
4633 1893 4754 1938 esse

2869 1966 3034 2010 mus.
3125 1945 3564 2026 Quamobrem
3608 1950 3715 2017 hic
3759 1952 3938 2019 locus
3982 1968 4081 2020 est
4125 1956 4553 2041 dignissimus
4590 1959 4759 2024 obser-

2868 2032 3150 2110 vatione,
3192 2053 3393 2113 quum
3436 2034 3647 2118 ephod
3694 2037 3971 2122 legimus
4014 2041 4282 2107 allatum
4329 2044 4417 2109 ab
4456 2044 4759 2109 Abiathnro

2869 2115 3131 2196 Davidi,
3191 2140 3322 2181 non
3370 2120 3632 2202 quidem
3680 2128 3949 2207 petenti,
4009 2148 4218 2212 neque
4263 2127 4341 2193 de
4392 2138 4575 2194 tanto
4613 2131 4759 2195 bene·

2868 2203 3016 2267 ficio
3061 2204 3404 2286 cogitanti:
3470 2207 3582 2270 sed
3632 2209 3771 2274 Deo
3816 2211 4021 2294 ipsius
4064 2215 4446 2296 miserante,
4503 2236 4676 2299 quem
4709 2217 4757 2278 iu

2872 2287 3366 2355 difficultatibus
3410 2291 3651 2376 alioqui
3696 2297 3834 2361 sine
3881 2298 4149 2364 consilio
4191 2300 4329 2365 fore
4366 2301 4758 2385 praevidebat.

2870 2375 3221 2458 Caeterum
3288 2376 3500 2441 Deum
3543 2380 3803 2462 quidem
3847 2394 4096 2450 certum
4142 2395 4242 2451 est
4284 2407 4423 2453 non
4470 2387 4657 2453 fuisse
4690 2390 4765 2452 isti

2870 2461 3084 2542 ephod
3143 2460 3503 2545 alligatum,
3572 2475 3638 2529 et
3694 2468 3832 2532 sine
3890 2470 4001 2535 illo
4061 2473 4343 2554 potuisse
4405 2493 4585 2539 suam
4628 2495 4765 2557 pne·

2871 2547 3147 2611 sentiam
3192 2559 3260 2611 et
3302 2549 3620 2613 auxilium
3663 2553 3908 2619 Davidi
3946 2559 4467 2625 communicare:
4514 2559 4619 2626 sed
4654 2582 4766 2642 quo·

2870 2632 3044 2695 niam
3092 2631 3518 2714 inquirendae
3563 2636 3825 2704 divinae
3872 2643 4225 2708 voluntatis
4274 2644 4454 2711 hane
4496 2647 4763 2710 rationem

2875 2718 3053 2780 Deus
3107 2719 3176 2781 in
3230 2718 3374 2802 lege
3434 2725 3957 2807 praescripserat,
4017 2729 4251 2795 idcirco
4310 2730 4591 2796 eandem
4632 2734 4767 2815 sequi

2872 2802 3097 2880 voluit,
3151 2814 3222 2866 ut
3267 2802 3482 2869 David
3526 2807 3598 2871 in
3644 2809 3874 2876 timore
3919 2824 3984 2878 et
4030 2818 4405 2881 reverentia
4450 2817 4643 2882 divini
4680 2840 4767 2882 nu·

2869 2889 3067 2953 minis
3122 2890 3532 2955 retineretur.
3620 2894 3765 2961 Hoc
3808 2898 4014 2981 igitur
4057 2900 4269 2984 ephod
4314 2902 4553 2969 Iudaei
4594 2902 4768 2968 admo·

2871 2974 3220 3054 nebantur,
3263 2996 3333 3040 se
3375 2975 3446 3039 in
3492 2977 3619 3042 Dei
3664 2984 3976 3064 populum
4021 2986 4260 3051 eleetos
4304 2989 4536 3068 fuisse,
4592 3001 4649 3053 et
4684 3010 4767 3070 per

2868 3058 3212 3124 sacerdotii
3285 3062 3567 3144 gratiam
3632 3064 3704 3129 in
3769 3088 3990 3134 amore
4056 3070 4184 3137 Dei
4248 3074 4548 3140 retineri.
4649 3074 4769 3139 Erat

2869 3145 3045 3208 enim
3081 3145 3509 3213 sacerdotium
3547 3151 3861 3231 quaedam
3901 3156 4293 3224 introductio
4328 3160 4418 3225 ad
4458 3160 4767 3225 Dominum

2870 3246 3170 3296 nostrum
3228 3232 3451 3297 Iesum
3492 3232 3868 3303 Christum:
3925 3242 4097 3324 quod
4141 3265 4181 3309 a
4224 3264 4295 3309 se
4336 3245 4515 3311 nihil
4558 3247 4768 3312 firmum

2871 3326 2939 3381 et
2996 3316 3280 3382 solidum
3340 3318 3636 3398 habebat,
3705 3326 3815 3390 sed
3863 3339 4003 3392 erat
4048 3337 4305 3395 tantum
4356 3333 4596 3398 umbra
4628 3345 4685 3397 et
4716 3331 4769 3394 fi·

2869 3421 3038 3486 gura
3081 3403 3423 3469 sacerdotii
3470 3405 3737 3477 Christi.
3828 3410 4049 3492 Quum
4092 3415 4294 3500 igitur
4339 3417 4536 3484 Deus
4576 3438 4641 3482 se
4674 3415 4769 3480 Da-

2870 3486 3004 3551 vidi
3027 3508 3165 3586 ‘per
3209 3489 3419 3572 ephod
3462 3495 3785 3576 patefecit,
3832 3519 3909 3564 ea
3952 3500 4166 3583 ipsum
4204 3501 4474 3569 ratione
4508 3503 4767 3587 magisne

2868 3593 3078 3657 magis
3134 3576 3201 3639 in
3259 3576 3397 3641 suis
3455 3582 4007 3664 promissionibus,
4076 3595 4142 3651 et
4199 3588 4266 3651 in
4314 3611 4444 3672 spe
4487 3605 4769 3672 nunquam

2870 3658 3156 3723 detuturi
3220 3661 3345 3726 sibi
3410 3664 3639 3729 auxilii
3703 3668 3911 3736 divini
3977 3673 4435 3739 confirmavit:
4511 3673 4769 3760 quemad·

2867 3743 3135 3810 modum
3176 3748 3584 3831 experientia
3625 3754 3784 3819 satis
3819 3776 4144 3840 superque
4179 3768 4429 3827 testata
4465 3773 4565 3827 est
4599 3761 4767 3827 Deum

2870 3831 3068 3895 fuisse
3124 3833 3401 3898 Davidis
3455 3849 3856 3905 servatorem
3910 3851 3977 3907 et
4020 3853 4508 3926 protectorem:
4573 3857 4635 3913 et
4668 3847 4771 3930 ipse

2872 3927 3005 3980 tam
3050 3936 3244 4002 saepe
3289 3919 3544 4001 publico
3589 3926 3957 3993 testimonio
4000 3932 4332 4012 professus
4377 3943 4504 4000 est.

3042 4001 3355 4086 Sequitur
3397 4006 3466 4070 in
3504 4015 3721 4089 textu,
3782 4011 4107 4081 Davidem
4155 4029 4510 4102 postquam
4556 4016 4773 4086 Saulem

2869 4087 3301 4156 intellexisset
3357 4090 3660 4177 colligere
3718 4101 4077 4165 exercitum
4135 4117 4207 4166 ut
4267 4124 4338 4169 se
4386 4106 4460 4169 in
4504 4105 4617 4170 ills
4652 4103 4772 4167 urbe

2870 4173 3056 4239 Oeila
3113 4176 3542 4260 opprimeret,
3587 4180 3856 4249 iussisse
3916 4187 4317 4254 sacerdotem
4380 4191 4771 4257 Abiatharum

2869 4259 3085 4342 ephod
3153 4264 3430 4328 adferre.
3520 4266 3728 4332 Porro
3785 4290 3917 4335 non
3975 4275 4497 4341 existimandum
4545 4286 4638 4341 est
4676 4275 4773 4339 Da·

2871 4346 3091 4410 videm
3158 4348 3369 4431 aliqua
3438 4356 3900 4433 superstitione
3964 4360 4101 4424 vim
4165 4359 4463 4444 aliquam
4535 4361 4773 4426 divinam

2872 4431 3084 4514 ephod
3139 4433 3233 4497 illi
3288 4436 3607 4514 attulisse,
3674 4448 3750 4504 nt
3789 4443 4004 4508 solent
4049 4447 4223 4530 magi
4265 4455 4333 4511 et
4380 4450 4773 4514 incantatores

2872 4518 3119 4583 chartis
3163 4520 3549 4602 quibusdam
3594 4535 3661 4587 et
3704 4527 3849 4593 aliis
3892 4530 4258 4596 istiusmodi
4297 4535 4508 4618 nugis
4540 4533 4771 4598 multum

2871 4605 3178 4685 tribuere,
3235 4628 3275 4671 a
3324 4606 3578 4674 Satana
3636 4610 3847 4679 delusi
3890 4625 3957 4680 et
4022 4617 4359 4684 fascinati:
4434 4631 4500 4684 et
4563 4617 4771 4703 quidem

2872 4689 2952 4753 ab
3009 4690 3152 4772 ipsa
3198 4693 3323 4758 Dei
3367 4693 3511 4777 lege
3556 4696 3662 4759 vel
3707 4701 4052 4785 evangelio
4097 4703 4488 4788 descriptis:
4542 4713 4617 4769 ut
4652 4701 4771 4795 solt}

2872 4774 3170 4843 diabblus
3228 4793 3539 4862 tanquam
3585 4783 3775 4849 simia
3815 4786 3945 4852 Dei
3990 4809 4189 4873 opera
4231 4789 4511 4870 imitari,
4573 4790 4648 4855 ad
4685 4806 4771 4851 ml·

2872 4866 3035 4928 seris
3081 4865 3456 4932 hominibus
3500 4867 3989 4953 imponendum,
4036 4876 4147 4958 qui
4192 4885 4259 4939 et
4300 4877 4435 4960 ipsi
4480 4887 4547 4942 et
4584 4873 4773 4966 inune

2874 4949 3065 5017 nibus
3108 4953 3312 5036 ipsius
3356 4953 3736 5021 adhaerent.
3827 4957 3962 5024 Sed
4007 4959 4231 5027 David
4280 4961 4477 5028 nulla
4518 4971 4769 5045 superest

2874 5035 3051 5102 tione
3129 5038 3363 5106 ductus
3428 5047 3546 5117 est,
3642 5043 4166 5128 quandoquidem
4233 5068 4456 5132 neque
4524 5048 4772 5114 inventor

2871 5123 3081 5207 ephod
3141 5125 3372 5205 fuerat,
3432 5145 3642 5210 neque
3696 5130 3762 5194 in
3822 5131 3938 5196 illo
4000 5131 4332 5211 haerebat,
4407 5136 4525 5201 sed
4566 5133 4629 5199 in
4664 5127 4769 5194 Deo

2871 5232 3056 5296 spem
3101 5214 3483 5299 reponebat,
3529 5232 3684 5280 usus
3726 5225 3951 5285 tamen
3995 5218 4208 5304 ephod
4252 5228 4577 5305 tanquam
4606 5213 4768 5283 medio
