5059 6059
305 333 417 401 321

295 521 514 589 rendae
582 528 775 587 erant
837 522 1165 590 molliores
1233 534 1301 590 et
1365 525 1786 607 remissiores,
1852 525 1958 593 vel
2020 528 2217 593 etiam

295 608 525 692 pudore
595 616 662 673 et
739 607 1104 692 ignominia
1180 611 1615 693 afficerentur,
1694 613 1808 696 qui
1871 613 1943 677 in
2006 614 2218 680 officio

297 692 791 778 negligentiores
844 706 1052 775 erant,
1111 696 1283 779 quod
1339 717 1565 762 eorum
1613 698 2218 781 magnanimitatem

294 780 618 863 oportebat
658 800 798 845 esse
843 779 1195 847 mulierum
1242 781 1480 848 animis
1524 787 1942 868 superiorem.
2018 785 2218 851 Prae·

294 873 458 931 terea
513 866 606 930 sic
666 865 872 932 voluit
910 866 1091 933 Deus
1137 867 1354 949 palam
1397 869 1542 933 fieri
1585 891 1856 935 suarum
1903 890 2216 936 manuum

293 970 445 1036 opus
501 970 662 1028 esse,
722 950 893 1033 quod
953 962 1086 1017 tam
1146 953 1426 1018 infirmis
1470 954 1925 1021 instrumentis
1971 957 2218 1038 perfec·

290 1046 423 1101 tum
477 1044 595 1102 est.
685 1035 1124 1118 Quamobrem
1171 1038 1414 1104 Davidi
1459 1040 1664 1105 maior
1707 1040 1925 1106 oblata
1968 1053 2068 1107 est
2110 1060 2217 1106 oc·

290 1122 451 1189 casio
508 1120 727 1187 Deum
771 1120 1098 1201 laudandi,
1164 1135 1231 1189 et
1272 1124 1665 1208 agnoscendi
1710 1147 1781 1193 se
1826 1127 1951 1192 Dei
1998 1128 2217 1210 provi-

287 1208 502 1273 dentia
590 1228 673 1272 ex
759 1208 1130 1274 imminenti
1205 1211 1433 1276 mortis
1497 1210 1786 1294 periculo
1852 1212 2217 1291 liberatum,

284 1314 477 1377 quum
532 1293 757 1359 uxoris
810 1296 1081 1360 consilio
1140 1315 1258 1378 per
1317 1295 1673 1363 fenestram
1727 1297 2037 1365 dimissus
2096 1311 2216 1375 est,

284 1400 470 1463 quam
551 1381 610 1447 si
683 1379 991 1445 humanis
1060 1380 1305 1447 viribus
1369 1382 1631 1449 adiutus
1699 1384 1943 1449 suisset.
2048 1384 2219 1449 Nam

283 1485 480 1547 quum
536 1466 737 1546 solus,
796 1465 940 1532 sine
1000 1467 1196 1532 ullius
1254 1468 1499 1532 auxilio
1561 1470 2001 1547 remansisset,
2069 1470 2221 1535 licet

281 1550 464 1616 multi
523 1551 787 1635 quidem
846 1571 932 1617 ex
988 1555 1123 1618 suis
1168 1553 1482 1619 militibus
1526 1555 1845 1620 auxilium
1889 1555 1984 1620 illi
2030 1555 2217 1621 tulis-

277 1646 434 1714 sent,
492 1638 551 1702 si
610 1637 981 1723 potuissent
1024 1651 1090 1704 et
1130 1639 1270 1703 ausi
1316 1650 1554 1719 essent,
1620 1650 1688 1705 et
1731 1662 1897 1706 uxor
1937 1641 2034 1706 illi
2077 1640 2217 1707 sola

273 1735 661 1805 superesset,
736 1722 893 1807 quid
963 1746 1153 1807 posse
1218 1723 1566 1791 videbatur
1620 1725 1936 1794 adversus
1995 1726 2218 1793 Saulis

275 1807 610 1875 furorem?
702 1807 916 1894 Saepe
959 1813 1038 1875 fit
1079 1811 1256 1875 enim
1296 1823 1369 1875 ut
1408 1811 1510 1877 vel
1551 1811 1964 1879 audacissimi
2002 1813 2217 1878 fortis·

274 1894 549 1976 simique
626 1896 753 1961 viri
825 1896 1285 1979 obstupescant
1343 1896 1424 1960 ad
1481 1917 1709 1981 regum
1769 1897 2078 1977 furorem,
2150 1909 2219 1964 et

269 1991 448 2045 metu
494 1982 672 2047 vires
716 1982 1009 2064 ipsorum
1053 1982 1479 2048 collabantur.
1570 1981 2013 2064 Quamobrem
2062 1983 2217 2049 hinc

267 2076 539 2150 apparet
581 2066 805 2131 Deum
850 2069 974 2133 sibi
1021 2068 1145 2132 soli
1183 2068 1466 2133 voluisse
1502 2067 1774 2152 gloriam
1813 2070 2216 2136 liberationis

263 2151 549 2218 Davidis
609 2151 831 2233 tribui,
897 2174 1028 2218 non
1077 2153 1228 2219 ullis
1272 2152 1575 2220 humanis
1620 2155 1872 2221 viribus
1917 2155 2215 2222 adscribi.

265 2238 372 2303 Ex
436 2239 719 2304 istorum
787 2259 944 2305 vero
1009 2239 1389 2304 narratione
1453 2240 1614 2307 satis
1679 2251 1952 2324 apparet
1999 2242 2216 2306 Deum

267 2344 454 2407 posse
522 2345 678 2391 suos
744 2324 889 2390 sine
953 2325 1103 2390 ullis
1167 2324 1471 2391 humanis
1539 2325 1880 2407 praesidiis
1939 2327 2217 2393 liberare

269 2410 787 2492 quotiescunque
842 2411 964 2495 ipsi
1029 2411 1372 2495 videbitur,
1428 2433 1510 2477 ex
1570 2414 1845 2477 summis
1891 2414 2215 2497 periculis,

266 2516 347 2561 ex
391 2497 635 2580 quibus
680 2495 904 2562 nullus
951 2496 1292 2562 hominum
1333 2498 1635 2580 opinione
1680 2498 2028 2564 videbatur
2074 2500 2213 2564 exi·

264 2591 366 2647 tus
411 2582 562 2647 dari
607 2603 816 2665 posse.
905 2582 1096 2659 Nam,
1156 2583 1439 2666 exempli
1484 2585 1715 2666 gratia,
1784 2583 2064 2650 Davidis
2109 2584 2216 2650 do·

265 2688 445 2732 mum
492 2669 844 2749 cingebant
886 2669 1124 2733 armati
1169 2666 1391 2735 Saulis
1436 2670 1773 2751 satellites,
1818 2692 2096 2754 eumque
2132 2670 2213 2735 ad

264 2765 550 2819 mortem
589 2754 1002 2837 quaerebant.
1076 2754 1145 2820 Is
1184 2775 1254 2820 se
1291 2775 1407 2836 per
1443 2756 1790 2821 fenestram
1828 2757 2216 2840 proripiens,

263 2859 391 2904 non
460 2849 687 2905 tamen
745 2839 961 2906 adhuc
1018 2841 1240 2907 salvus
1298 2853 1363 2905 et
1422 2841 1765 2907 incolumis
1810 2863 2003 2907 omne
2047 2842 2217 2924 peri-

259 2925 484 2992 culum
559 2937 875 2992 evaserat.
964 2926 1134 2991 Nam
1198 2926 1273 2990 in
1336 2942 1621 2992 armatos
1686 2927 1833 2992 illos
1901 2928 2217 2993 satellites

261 3021 526 3094 poterat
573 3010 877 3087 incidere,
921 3033 961 3076 a
997 3013 1231 3095 quibus
1266 3011 1496 3079 domus
1531 3013 1737 3096 ipsius
1776 3012 2216 3095 obsidebatur,

259 3110 325 3161 et
368 3098 453 3162 ab
501 3098 667 3181 ipsis
712 3098 816 3162 vel
861 3097 1003 3180 ipso
1047 3108 1379 3163 momento
1423 3099 1729 3180 interfici,
1776 3099 1878 3164 vel
1924 3099 2005 3164 ad
2051 3097 2218 3165 Sau-

259 3182 388 3248 lem
481 3183 976 3249 interficiendus
1057 3183 1309 3249 deduci.
1395 3184 1649 3250 Verum
1730 3186 1946 3251 hostes
2010 3185 2215 3268 ipsius

255 3267 444 3335 Deus
492 3271 592 3335 sic
637 3269 1026 3347 excaecavit,
1071 3279 1148 3334 ut
1182 3269 1403 3336 salvus
1439 3279 1504 3335 et
1540 3271 1884 3337 incolumis
1918 3269 2210 3354 ipsorum

254 3375 500 3421 manus
564 3355 866 3421 evaserit.
956 3354 1181 3437 Quare
1237 3354 1535 3421 divinum
1585 3358 1690 3422 hic
1733 3356 2052 3422 auxilium
2097 3378 2214 3442 ag·

251 3461 615 3507 noscamus
667 3461 798 3523 quo
852 3462 984 3505 non
1048 3463 1134 3506 ex
1191 3440 1325 3507 levi
1383 3443 1601 3526 aliquo
1645 3441 2041 3522 discrimine,
2097 3443 2211 3508 sed

254 3547 338 3591 ex
406 3528 630 3611 ipsius
695 3529 974 3608 sepulcri
1043 3527 1333 3593 faucibus
1403 3527 1620 3595 David
1701 3528 2015 3595 liberatus
2093 3539 2217 3596 est.

254 3612 430 3678 Nam
490 3634 657 3678 sane
715 3613 961 3679 centies
1017 3623 1298 3678 mortem
1344 3627 1652 3698 oppetere
1697 3616 2028 3698 potuisset,
2092 3616 2217 3680 nisi

249 3695 384 3763 Dei
474 3719 685 3763 manu
763 3698 1147 3764 admiranda
1224 3712 1525 3767 servatus
1604 3713 1796 3779 esset,
1884 3702 2216 3785 vitamque

247 3784 459 3849 veluti
534 3804 778 3850 novam
849 3785 929 3849 ab
996 3786 1137 3867 ipso
1195 3787 1565 3868 accepisset.
1655 3787 1833 3853 Hinc
1889 3786 2217 3853 discamus

244 3867 313 3933 in
377 3869 687 3935 Domino
775 3869 1083 3937 fiduciam
1141 3881 1437 3936 nostram
1498 3871 1834 3951 collocare,
1894 3892 2025 3937 non
2071 3874 2216 3955 qui·

250 3954 401 4021 dem
469 3966 556 4021 ut
615 3955 781 4020 ratio
846 3958 1134 4021 humana
1192 3957 1554 4040 dictaverit,
1614 3968 1682 4023 et
1738 3959 1944 4024 nostri
1987 3979 2219 4025 sensus

248 4041 860 4125 apprehenderint:
909 4041 1020 4108 sed
1066 4042 1136 4107 in
1180 4043 1326 4125 ipsa
1362 4054 1567 4110 morte
1604 4065 1963 4127 speremus,
2010 4064 2218 4128 quan·

251 4126 619 4210 doquidem
680 4128 860 4193 Deus
903 4130 974 4193 in
1018 4128 1228 4211 ipsam
1270 4139 1548 4196 mortem
1594 4130 1945 4214 imperium
1991 4143 2059 4196 et
2102 4130 2217 4196 do·

251 4214 698 4279 minationem
746 4215 1017 4279 obtinet.

431 4301 655 4366 Porro
698 4303 993 4382 sequitur
1030 4300 1196 4365 alius
1230 4298 1493 4383 quidam
1533 4301 1722 4366 dolus
1751 4322 1946 4385 quem
1971 4301 2220 4367 Michol

250 4387 521 4462 nexuit,
572 4396 647 4449 ut
693 4385 930 4450 Davidi
980 4397 1235 4468 tempus
1279 4384 1598 4451 evadendi
1643 4400 1710 4453 et
1754 4386 2041 4468 fugiendi
2079 4388 2216 4452 lon·

247 4472 404 4554 gius
454 4472 754 4551 daretur,
801 4493 882 4537 ex
928 4492 1054 4554 quo
1104 4492 1217 4553 per
1259 4472 1608 4538 fenestram
1647 4473 1953 4539 dimissus
1989 4473 2217 4539 fuerat.

246 4556 430 4621 Nam
500 4559 712 4623 sensit
768 4570 1019 4640 patrem
1065 4558 1239 4623 illico
1284 4559 1598 4624 satellites
1642 4559 2061 4626 dimissurum
2105 4559 2216 4642 qui

243 4642 603 4709 Davidem
658 4644 1152 4727 investigarent,
1222 4652 1288 4708 et
1348 4645 1691 4709 inventum
1752 4644 1894 4711 neci
1952 4644 2213 4709 darent:

247 4748 469 4809 quare
534 4750 650 4812 pro
710 4728 958 4794 viribus
1015 4750 1277 4812 operam
1340 4729 1516 4796 dedit
1561 4743 1634 4796 ut
1677 4729 1964 4813 deceptis
2008 4740 2221 4796 custo-

245 4812 452 4881 dibus
537 4815 793 4899 longius
867 4825 1125 4898 tempus
1188 4816 1428 4883 Davidi
1486 4817 1568 4882 ad
1630 4817 1854 4902 fugam
1915 4815 2213 4881 daretur:

244 4899 622 4966 Caeterum
687 4921 888 4983 quum
955 4901 1228 4967 subinde
1294 4903 1476 4967 missi
1543 4904 1856 4968 satellites
1914 4923 1954 4967 a
2013 4901 2216 4968 Saule

241 4983 597 5052 Davidem
664 4987 1196 5069 comprehensuri
1265 4987 1589 5068 dicuntur,
1657 5010 1739 5054 ex
1804 5009 1878 5053 eo
1946 4997 2215 5070 apparet

238 5084 512 5153 quanto
587 5073 806 5137 furore
883 5073 1046 5139 Saul
1129 5072 1446 5140 adversus
1523 5074 1712 5139 illum
1792 5074 2211 5140 exaestuarit.

239 5157 573 5223 Primum
632 5160 811 5224 enim
869 5159 1231 5224 intromissi
1285 5160 1596 5226 satellites
1641 5159 1968 5224 Davidem
2015 5158 2210 5243 quae-

237 5256 411 5310 runt
463 5243 555 5309 ad
600 5255 905 5312 mortem:
971 5266 1164 5327 quem
1208 5266 1408 5327 quum
1454 5267 1537 5312 ex
1584 5244 1823 5313 Michol
1873 5256 2213 5330 aegrotare

427 5346 664 5404 calvata·
696 5363 884 5417 opera.
963 5349 1078 5404 Vol.
1105 5347 1301 5404 XXX.

1600 336 1700 402 IN
1743 337 1799 405 1.
1844 338 2026 407 LIB.
2073 339 2477 409 SAMUEL.
2521 340 2724 410 GAP.
2766 343 2964 411 XIX.

4154 347 4289 416 322

2325 529 2667 613 dixissent,
2711 544 2777 597 et
2817 530 2899 596 ad
2947 530 3215 599 Saulem
3260 533 3659 614 retulissent,
3702 535 3898 601 iussit
3930 546 4281 622 aegrotum

2322 615 2403 681 ad
2442 638 2513 682 se
2550 617 2767 699 ipsum
2802 618 2871 682 in
2911 618 3078 685 lecto
3117 620 3361 702 portari
3399 640 3600 685 manu
3636 640 3756 686 sua
3792 622 4272 704 perimendum.

2323 702 2470 766 Non
2517 705 2685 768 tanti
2730 704 3101 769 faciendum
3147 704 3287 770 eius
3332 707 3625 771 morbum
3672 707 3782 789 qui
3826 728 3982 773 mox
4026 709 4114 774 sit
4157 730 4275 793 pe·

2321 789 2679 855 rimendus.
2769 789 3014 854 Ratum
3075 792 3297 874 itaque
3357 793 3626 856 verbum
3673 813 3815 858 esse
3859 793 4031 875 vult;
4083 803 4277 862 tanta

2319 885 2419 939 est
2465 872 2684 940 Saulis
2729 875 3030 951 amentia,
3070 887 3295 941 tantus
3332 875 3534 943 furor.
3593 877 3772 944 Hinc
3806 890 4081 961 apparet
4117 880 4272 948 huic

2319 960 2577 1025 mulieri
2625 960 2967 1025 consilium
3013 982 3053 1025 a
3096 961 3385 1026 Domino
3429 972 3834 1046 suggestum,
3879 974 3949 1029 et
3984 965 4271 1047 pruden-

2323 1046 2483 1110 tiam
2546 1065 2672 1128 qua
2719 1047 2921 1128 patris
2965 1062 3336 1113 occurreret
3382 1048 3695 1114 insaniae.
3783 1049 3936 1125 Nae,
3997 1062 4071 1115 ut
4114 1062 4272 1118 ante

2322 1129 2478 1210 dixi,
2524 1132 2717 1214 pauci
2762 1131 2844 1196 ad
2887 1132 3254 1198 istiusmodi
3303 1154 3573 1215 pavores
3616 1134 3907 1199 animum
3948 1137 4272 1204 retinent:

2321 1217 2666 1282 consilium
2724 1216 2898 1282 enim
2960 1218 3223 1283 nonnisi
3267 1219 3462 1284 rebus
3506 1220 3744 1303 quietis
3788 1231 3855 1286 et
3897 1222 4275 1304 tranquillis

2323 1304 2527 1386 accipi
2574 1302 2758 1379 solet,
2805 1312 2870 1367 et
2915 1301 3069 1368 dato
3113 1324 3145 1369 s
3195 1305 3324 1368 atio
3361 1303 3440 1369 ad
3483 1304 3975 1371 deliberandum
4013 1306 4272 1377 idoneo.

2323 1386 2547 1469 Quare
2589 1388 2646 1454 si
2688 1389 3070 1471 repentinus
3116 1409 3154 1453 a
3183 1390 3349 1472 iquis
3394 1389 3709 1456 incideret
3752 1411 3973 1473 pavor,
4035 1415 4275 1462 sensus

2324 1474 2793 1556 obstupefiunt,
2857 1482 2924 1538 et
2989 1495 3122 1540 non
3190 1476 3467 1541 veniunt
3531 1476 3600 1540 in
3667 1478 4050 1543 memoriam
4106 1500 4274 1562 quae

2323 1559 2520 1625 rebus
2587 1560 2958 1643 tranquillis
3023 1569 3090 1624 et
3150 1561 3398 1643 pacatis
3464 1560 3547 1626 ad
3614 1574 3861 1627 rectum
3924 1565 4271 1631 consilium

2322 1656 2698 1711 occurrunt.
2802 1644 3248 1727 Quamobrem
3310 1646 3623 1712 miraculo
3682 1648 3963 1732 quodam
4022 1650 4274 1718 factum

2322 1730 2607 1808 videtur,
2653 1743 2726 1796 ut
2770 1731 3047 1797 Micholi
3090 1740 3361 1815 repente
3404 1733 3667 1799 venerit
3709 1736 3778 1798 in
3816 1746 4105 1800 mentem
4143 1746 4275 1801 sta·

2323 1827 2503 1882 tuam
2561 1817 2633 1880 in
2693 1816 2970 1883 Davidis
3028 1816 3196 1883 lecto
3239 1818 3575 1895 collocare,
3642 1819 3812 1904 pelle
3857 1822 4124 1902 caprina
4168 1823 4271 1886 in-

2322 1902 2638 1981 volutam,
2706 1914 2771 1969 et
2839 1902 3254 1970 vestimentis
3320 1918 3633 1988 opertam,
3700 1904 3783 1968 ad
3850 1907 4277 1974 iniiciendam

2322 1987 2618 2054 hostibus
2653 1988 2934 2055 Davidis
2969 2009 3240 2068 moram,
3286 2011 3368 2054 ne
3403 2005 3671 2072 repente
3707 1992 4068 2075 fugientem
4100 2013 4271 2058 asse·

2319 2085 2714 2157 querentur3
2781 2076 2968 2157 quasi
3027 2095 3135 2140 res
3194 2085 3460 2159 pacatae
3517 2088 3738 2141 essent
3782 2089 3850 2141 et
3894 2098 4009 2159 per
4052 2078 4274 2144 iocum

2320 2169 2387 2225 et
2430 2168 2622 2225 extra
2657 2160 3025 2243 periculum
3060 2162 3414 2227 constituta
3448 2162 3654 2226 risum
3684 2170 4043 2245 quaereret.
4094 2161 4272 2229 Sane

2320 2244 2477 2311 facti
2514 2246 2710 2311 huius
2746 2246 2963 2311 Deum
3002 2256 3069 2311 et
3101 2263 3395 2313 autorem
3435 2256 3503 2312 et
3536 2258 3970 2328 promotorem
4009 2269 4049 2314 a
4076 2249 4269 2315 nobis

2321 2332 2584 2415 agnosci
2650 2351 2771 2415 par
2829 2343 2947 2409 est,
3015 2333 3126 2414 qui
3189 2332 3461 2398 Micholi
3519 2334 3860 2399 consilium
3918 2335 4271 2419 suggessit,

2321 2417 2510 2501 eique
2568 2418 2878 2481 maritum
2932 2416 3234 2482 servandi
3296 2417 3637 2484 audaciam
3692 2418 3933 2497 iniecit,
3992 2439 4068 2485 ac
4112 2440 4275 2504 pru-

2323 2502 2613 2567 dentiam
2674 2500 2851 2567 dedit
2907 2503 2976 2568 in
3020 2502 3283 2587 incepto
3327 2504 3662 2588 pergendi,
3733 2526 3816 2570 ne
3859 2506 3928 2569 in
3972 2505 4265 2572 hostium

2323 2589 2537 2671 ipsum
2610 2588 3092 2671 insequentium
3164 2610 3398 2655 manus
3473 2589 3827 2656 deveniret.
3920 2590 4275 2658 Diseamus

2322 2676 2543 2757 itaque
2588 2672 2811 2741 divino
2857 2674 3104 2739 auxilio
3148 2697 3231 2740 ex
3278 2675 3583 2758 periculis
3627 2677 3831 2759 erepti
3868 2676 4086 2760 ipsum
4124 2699 4279 2762 pre·
4379 2707 4383 2710 >

2322 2761 2456 2824 cari
2529 2770 2603 2824 ut
2674 2780 2869 2825 suum
2932 2780 3095 2842 opus
3160 2761 3474 2845 perficiat,
3554 2782 3768 2845 neque
3832 2764 4272 2846 conquiescat,

2324 2845 2529 2912 donec
2588 2843 2669 2909 ad
2729 2866 2921 2910 suum
2977 2847 3176 2911 finem
3237 2845 3602 2912 deduxerit.
3693 2846 3951 2912 Deinde
3996 2869 4276 2932 cognos-

2321 2951 2547 2997 camus
2606 2930 2825 2996 Deum
2880 2951 3025 2996 esse
3078 2931 3191 3014 qui
3235 2932 3506 3014 pedibus
3550 2933 3981 3016 manibusque
4028 2936 4275 3000 nostris

2324 3018 2497 3082 vires
2542 3016 2949 3100 suppeditat:
2997 3018 3109 3101 qui
3155 3020 3397 3083 nostris
3444 3016 3769 3083 mentibus
3816 3018 4160 3085 consilium
4207 3030 4276 3085 et

2322 3102 2736 3186 prudentiam
2792 3105 3123 3168 immittit:
3182 3105 3291 3187 qui
3353 3105 3604 3169 animos
3659 3105 3816 3170 facit
3861 3104 3942 3169 ad
3988 3104 4055 3169 id
4100 3105 4274 3189 quod

2323 3189 2485 3253 utile
2530 3198 2646 3268 est,
2704 3198 2771 3254 et
2814 3189 2895 3253 ad
2941 3189 3111 3272 quod
3158 3190 3239 3254 ab
3285 3190 3424 3272 ipso
3470 3210 3779 3256 vocamur
3823 3189 4081 3254 fortiter
4124 3212 4275 3274 per-

2319 3275 2691 3340 finiendum.
2778 3274 2957 3339 Hinc
3027 3275 3221 3339 etiam
3285 3275 3353 3339 in
3414 3272 3715 3340 omnibus
3776 3274 4272 3343 difficultatibus

2318 3372 2386 3425 et
2448 3360 2769 3444 angustiis
2834 3358 2917 3425 ad
2982 3361 3199 3444 ipsum
3265 3363 3615 3460 confugere
3675 3360 4018 3441 discamus,
4085 3364 4274 3445 eique

2318 3467 2579 3512 omnem
2604 3457 2869 3511 nostrae
2892 3447 3293 3512 liberationis
3317 3448 3593 3532 gloriam
3620 3448 3926 3526 tribuere,
3960 3462 4273 3513 caventes

2318 3551 2730 3614 summopere
2794 3554 2878 3597 ne
2922 3553 3030 3597 eos
3075 3533 3412 3598 imitemur
3455 3534 3564 3615 qui
3612 3534 3679 3597 in
3726 3542 3980 3615 partem
4026 3534 4270 3618 gloriae

2318 3639 2470 3684 cum
2514 3619 2655 3700 ipso
2698 3618 3264 3700 venire-cupiunt.
3355 3619 3524 3684 Nam
3571 3618 3760 3683 multi
3810 3621 4094 3683 fatentur
4129 3621 4270 3703 qui·

2321 3702 2470 3768 dem
2515 3725 2585 3769 se
2620 3703 2889 3768 Domini
2925 3704 3182 3770 adiutos
3218 3725 3440 3781 manu,
3487 3705 3602 3770 sed
3639 3703 3762 3768 sibi
3801 3704 4000 3768 etiam
4035 3704 4273 3772 salutis

2322 3797 2573 3873 partem
2609 3788 2959 3867 ascribunt,
3008 3798 3392 3873 tantumque
3436 3789 3516 3855 de
3565 3790 3687 3855 Dei
3728 3788 3920 3855 laude
3957 3800 4024 3855 et
4059 3792 4268 3874 gloria

2324 3875 2694 3941 detrahunt.
2787 3873 2926 3940 Soli
2986 3875 3111 3959 ipsi
3155 3877 3376 3958 itaque
3421 3875 3641 3941 deberi
3687 3896 3943 3940 omnem
3991 3877 4270 3959 gloriam

2322 3976 2498 4028 certo
2563 3963 2874 4045 persuasi,
2954 3982 3036 4026 ne
3102 3960 3474 4027 dubitemus
3540 3963 3700 4044 quin
3764 3960 3846 4025 ad
3913 3962 4127 4045 ipsum
4194 3963 4266 4029 in

2324 4047 2622 4132 angustis
2684 4045 2875 4111 rebus
2917 4067 3065 4112 cum
3111 4046 3329 4112 debita
3371 4049 3741 4113 reverentia
3784 4057 3852 4111 et
3897 4048 4267 4117 humilitate

2323 4133 2776 4215 confugientes
2835 4131 3159 4199 exaudiat.
3256 4133 3347 4197 Et
3389 4134 3444 4197 si
3486 4133 3555 4198 in
3602 4135 3796 4199 rebus
3841 4135 4107 4198 incertis
4153 4155 4266 4198 au·

2326 4219 2560 4284 xilium
2651 4218 2820 4297 tulit,
2903 4216 3075 4283 idem
3142 4217 3288 4282 aliis
3353 4218 3808 4304 ingruentibus
3879 4219 4269 4286 effecturum

2323 4306 2627 4387 sciamus,
2685 4323 3014 4387 suumque
3068 4325 3230 4387 opus
3287 4305 3379 4369 ita
3436 4307 3897 4387 perfecturum,
3965 4313 4038 4368 ut
4097 4325 4270 4369 nun-

2322 4410 2516 4473 quam
2563 4391 2961 4465 deseramur,
3007 4390 3198 4455 modo
3234 4412 3356 4457 nos
3392 4392 3663 4474 spiritus
3700 4390 3906 4473 ipsius
3942 4389 4269 4473 sapientia

2321 4477 2460 4560 regi
2506 4476 2819 4553 sinamus,
2862 4475 3176 4559 verbique
3220 4477 3424 4559 ipsius
3470 4478 3713 4540 virtute
3759 4475 3993 4539 armati
4039 4476 4265 4543 simus.

2494 4559 2689 4641 Quod
2750 4580 2905 4625 vero
2964 4562 3353 4627 nominatim
3400 4561 3640 4626 dicitur
3684 4559 3934 4624 Micbol
3979 4570 4265 4627 statuam

2320 4646 2650 4730 quandam
2717 4648 3057 4730 accepisse,
3125 4660 3191 4712 et
3255 4651 3325 4712 in
3392 4648 3555 4711 lecto
3614 4644 3893 4710 Davidis
3949 4647 4267 4729 posuisse,

2319 4752 2514 4816 saepe
2556 4733 2628 4796 in
2672 4733 2876 4798 sacris
2915 4754 3045 4798 vox
3083 4733 3195 4798 illa
3229 4732 3585 4815 Teraphim
3622 4733 3690 4796 in
3728 4730 3969 4794 malam
4008 4742 4264 4814 partem

2319 4819 2667 4900 accipitur:
2757 4816 2870 4883 sed
2951 4839 3085 4883 non
3158 4816 3668 4882 existimandum
3735 4829 3837 4880 est
3902 4816 4265 4886 Micholam

2317 4904 2526 4970 ullum
2602 4901 2905 4970 habuisse
2980 4904 3155 4968 domi
3213 4903 3635 4969 simulacrum
3695 4900 3864 4985 quod
3925 4900 4261 4974 adoraret:

2317 5010 2529 5074 neque
2576 4989 2854 5072 legimus
2900 4987 3186 5067 Saulem,
3231 4991 3354 5055 etsi
3399 4988 3762 5054 coniectum
3800 4989 3866 5052 in
3906 4990 4260 5071 reprobum

2315 5095 2603 5155 sensum,
2684 5096 2971 5160 unquam
3042 5081 3265 5141 tamen
3331 5075 3453 5140 sibi
3521 5074 3790 5139 finxisse
3855 5071 4031 5139 idola
4096 5095 4262 5157 quae

2314 5163 2575 5239 coleret,
2656 5168 2771 5225 aut
2849 5160 2987 5227 ulla
3051 5159 3509 5242 superstitione
3576 5160 3779 5225 fuisse
3850 5172 4259 5243 occupatum.

2315 5247 2540 5329 Quare
2593 5266 2727 5312 non
2787 5253 2889 5314 est
2942 5246 3297 5312 verisimile
3355 5244 3715 5313 Micholam
3772 5243 3911 5310 ulla
3955 5243 4268 5319 habuisse

3882 5347 3951 5404 21
