5059 6059
304 210 425 280 593
1581 208 1681 275 IN
1724 209 1780 276 Ι.
1827 208 2006 274 LIB.
2052 202 2458 276 SAMUEL.
2503 207 2705 274 OAP.
2751 205 3006 274 XXVI.
4154 208 4288 277 594

464 399 670 465 Porro
713 416 883 481 quae
939 407 1308 483 sequuntur
1350 395 1629 463 Davidis
1689 396 1888 462 verba
1933 397 2237 463 videntur

307 485 538 569 aliquid
602 483 949 549 insolentis
1014 482 1290 563 habere,
1368 502 1569 566 quum
1645 483 1773 548 ait:
1861 482 1940 549 Si
2005 482 2237 549 Ieltova

306 572 577 640 incitavit
639 574 695 634 te
757 574 971 635 contra
1025 588 1123 633 me
1185 570 1473 635 odoretm
1534 589 1797 652 munus,
1862 571 1968 635 ein
2031 574 2237 635 motem

303 658 585 735 hmine-3,
629 655 944 721 maledicti
984 656 1115 720 sint
1155 674 1369 721 coram
1413 654 1660 721 Iehova.
1736 654 1907 720 Nam
1952 655 2074 720 etsi
2119 655 2235 720 ho-

301 746 504 809 mines
562 741 831 808 Saulem
892 741 1209 807 adversus
1269 740 1593 806 Davidem
1653 740 2046 820 incitabant,
2106 761 2236 805 non

301 840 513 895 tamen
557 829 703 894 sine
756 828 879 892 Dei
941 826 1279 892 voluntate
1336 826 1402 891 id
1460 828 1677 910 fiebat,
1738 848 1889 893 nam
1951 826 2234 908 exempli

298 918 506 1001 gratia
548 915 674 979 etsi
717 913 1005 978 latrones
1050 913 1330 979 fortunis
1374 913 1660 996 spoliant
1714 924 1782 977 et
1840 914 1978 977 vita
2034 912 2236 977 etiam

297 1003 559 1086 privant
616 1001 901 1065 viatores
945 1021 1063 1063 suc
1110 999 1290 1079 vitio,
1335 998 1673 1064 fatendum
1720 1009 1942 1064 tamen
1985 999 2053 1063 id
2101 1018 2234 1062 non

297 1088 436 1153 sine
502 1087 629 1152 Dei
695 1085 1035 1150 voluntate
1099 1087 1516 1168 contingere,
1597 1085 1751 1168 quin
1836 1085 2031 1149 etiam
2096 1085 2236 1166 ipse

297 1172 516 1238 David
563 1173 673 1237 lib.
720 1171 781 1237 2.
827 1170 1010 1236 Sam.
1069 1191 1208 1254 cap.
1260 1171 1360 1237 16.
1420 1191 1621 1254 quum
1680 1191 1720 1234 a
1776 1169 1999 1237 Semei
2073 1170 2235 1252 lapi·

294 1260 483 1324 dibus
528 1267 863 1340 peteretur
905 1267 975 1322 et
1018 1255 1386 1322 maledictis
1429 1258 1836 1335 obrueretur,
1879 1267 1948 1320 et
1992 1255 2237 1320 vellent

290 1345 498 1428 ipsius
541 1343 787 1408 milites
831 1345 902 1407 in
949 1341 1338 1408 maledicum
1377 1342 1597 1408 Semei
1644 1342 1861 1409 facere
1895 1342 2233 1424 impetum,

292 1432 417 1495 ait:
465 1428 672 1496 Sinite
712 1430 945 1511 ipsum,
999 1448 1151 1492 nam
1192 1431 1254 1494 si
1300 1428 1531 1495 Ichova
1585 1429 1783 1494 edixit
1841 1429 1917 1506 ci,
1974 1427 2238 1493 maledic

291 1516 562 1598 Danieli,
607 1518 755 1597 quis
787 1516 975 1593 dicat,
1036 1535 1230 1597 quare
1272 1516 1366 1580 sic
1403 1514 1621 1596 sacis?
1686 1513 1953 1580 Saulem
2014 1514 2237 1595 itaque

292 1602 441 1668 licet
486 1602 829 1666 hominum
875 1600 1127 1664 malitia
1172 1599 1488 1666 adversus
1532 1599 1856 1665 Davidem
1913 1600 2234 1676 incitaret,

290 1700 357 1754 et
378 1686 930 1755 calumniatorum
978 1687 1337 1752 aulicorum
1375 1707 1450 1751 ac
1484 1686 2039 1772 sycophantarum
2057 1685 2234 1750 viru-

288 1775 468 1839 lenta
515 1773 749 1857 lingua
793 1773 1178 1855 impelleret,
1224 1793 1352 1836 non
1401 1782 1613 1837 tamen
1663 1774 1804 1837 sine
1848 1772 2075 1837 divina
2096 1790 2238 1853 per-

286 1860 600 1925 missione
644 1869 711 1923 et
748 1859 1084 1923 voluntate
1128 1859 1344 1935 fiebat,
1392 1870 1465 1923 ut
1510 1857 1811 1923 videatur
1850 1856 2066 1923 David
2117 1857 2238 1921 hac

283 1948 352 2011 in
407 1955 601 2028 parte
644 1944 908 2009 modum
969 1943 1302 2019 excedere,
1362 1957 1430 2009 et
1464 1946 1587 2025 ‚sui
1648 1944 1841 2009 officii
1902 1942 2233 2009 oblivisci:

282 2052 489 2114 quum
554 2032 681 2096 ait:
754 2029 832 2095 Si
873 2029 1058 2095 Deus
1122 2035 1180 2094 te
1236 2030 1475 2109 incitat,
1542 2035 1656 2095 aut
1718 2031 1778 2094 si
1832 2029 2113 2094 hmines
2167 2029 2238 2094 id

277 2117 546 2201 faciunt.
656 2115 789 2182 Sed
850 2117 1015 2179 alius
1075 2126 1176 2179 est
1235 2117 1583 2182 verborum
1646 2114 1924 2180 Davidis
1985 2134 2232 2191 sensus,

280 2223 523 2286 nempe
568 2222 660 2281 se,
719 2204 773 2267 si
819 2204 1162 2286 agnoverit
1206 2200 1350 2265 Deo
1392 2202 1768 2285 impellente
1828 2222 1902 2267 ac
1964 2201 2237 2265 faciente

278 2288 509 2374 affligi,
558 2310 694 2354 non
740 2288 979 2353 habere
1023 2286 1191 2370 quod
1238 2286 1645 2369 obloquatur,
1691 2286 1804 2352 sed
1850 2306 2233 2368 oscompes-

278 2395 448 2452 cere,
511 2374 631 2440 sed
694 2374 747 2438 si
806 2395 938 2438 non
1006 2374 1282 2439 faciente
1338 2373 1515 2449 Deo,
1574 2383 1832 2437 tantum
1887 2372 2233 2451 ,homiuum

276 2461 541 2526 malitia
570 2458 733 2527 Saul
778 2459 1108 2543 incitatur,
1155 2460 1396 2524 habere
1438 2482 1509 2525 se
1545 2461 1950 2525 occasionem
1996 2459 2234 2523 iustam

277 2545 359 2612 de
426 2548 599 2629 ipsis
665 2544 1136 2628 conquerendi,
1217 2544 1565 2628 divinoque
1643 2545 1877 2609 iudicio
1962 2541 2235 2609 sistendi

275 2635 464 2716 quasi
515 2632 730 2697 dicat:
780 2630 852 2698 Si
899 2632 1123 2695 nullus
1169 2651 1273 2696 me
1318 2631 1491 2714 apud
1531 2645 1595 2695 te
1638 2645 1739 2694 est
1782 2630 2232 2707 calumniatus,

268 2728 342 2782 et
386 2718 751 2783 adversum
810 2739 917 2781 me
976 2718 1312 2793 incitavit,
1373 2718 1769 2783 occasionem
1832 2715 2038 2781 hamo
2093 2716 2233 2780 cul-

272 2822 429 2887 pam
482 2803 762 2881 fatendi,
807 2816 873 2867 et
919 2803 1311 2885 agnoscendi
1356 2824 1556 2868 manu
1598 2803 1722 2867 Dei
1770 2803 2007 2868 factum
2055 2800 2232 2865 istud

270 2890 387 2973 qui
458 2892 567 2954 ita
636 2910 739 2955 me
804 2890 1098 2973 castiget.
1210 2889 1497 2971 Ideoque
1561 2889 1724 2953 mihi
1790 2888 1914 2953 hoc
1980 2899 2232 2952 tantum

271 2986 591 3058 superest
637 2986 709 3040 ut
763 2975 1045 3058 supplex
1100 2975 1183 3040 ad
1240 2976 1450 3058 ipsius
1508 2973 2018 3040 misericordiam
2078 2992 2234 3039 con—

270 3061 567 3146 fugiam,
626 3060 738 3125 sed
784 3080 983 3144 quum
1034 3060 1288 3125 videam
1350 3061 1649 3126 homines
1692 3078 1836 3124 esse
1879 3060 2090 3124 instar
2131 3059 2233 3127 in-

269 3147 789 3221 cendiariorum,
834 3161 901 3212 et
942 3147 1350 3212 fiabellorum
1397 3147 1477 3211 ad
1523 3168 1716 3212 suum
1754 3147 2033 3212 furorem
2078 3165 2235 3228 erga

266 3254 377 3298 me
447 3233 913 3308 excitandum,
994 3253 1273 3317 agnosco
1346 3234 1610 3316 quidem
1690 3232 1853 3297 mihi
1934 3230 2230 3314 praeberi

268 3321 695 3385 occasionem
757 3332 862 3382 me
916 3339 1130 3383 eoram
1193 3319 1338 3383 Deo
1405 3318 1778 3393 deficiendi,
1850 3319 1991 3383 sine
2048 3316 2233 3383 cuius

270 3405 638 3470 voluntate
684 3404 870 3470 video
916 3403 978 3468 id
1029 3426 1156 3469 non
1198 3406 1372 3469 fieri:
1434 3404 1544 3470 sed
1592 3406 1790 3471 etiam
1834 3403 2119 3487 amplam
2165 3404 2247 3466 et'

262 3492 520 3556 iustam
574 3491 977 3556 occasionem
1026 3490 1231 3555 habeo
1275 3491 1355 3555 de
1400 3491 1482 3556 iis
1525 3489 1967 3574 conquerendi
2012 3509 2051 3554 a
2095 3489 2232 3572 qui-

262 3578 395 3642 bus
443 3577 808 3642 adversum
857 3597 961 3641 me
1000 3577 1311 3655 incitaris,
1370 3588 1435 3640 et
1490 3599 1646 3642 vere
1702 3598 1962 3659 possum
2020 3572 2232 3641 dicere

258 3663 451 3746 ipsos
500 3683 653 3728 esse
696 3661 1026 3745 improbos
1069 3673 1136 3726 et
1179 3663 1557 3729 maledictos
1595 3662 1913 3739 homines,
1958 3681 2231 3743 quorum

259 3749 633 3814 calumniis
679 3760 747 3812 et·
790 3744 1257 3813 malevolentia
1300 3748 1550 3812 nullam
1597 3747 1999 3813 occasionem
2046 3767 2233 3828 prae-

261 3834 402 3900 bui.
523 3837 751 3918 Atque
823 3836 945 3898 iste
1011 3833 1275 3899 videtur
1344 3854 1488 3899 esse
1548 3833 1896 3899 verberum
1956 3832 2234 3897 Davidis

254 3941 534 3987 sensus.

450 4007 676 4072 Porro
718 4027 916 4088 quum
966 4007 1060 4071 ait
1103 4025 1173 4069 se
1217 4005 1413 4069 malle
1455 4027 1604 4071 cum
1655 4007 1796 4071 Deo
1840 4024 2035 4088 quam
2082 4025 2229 4068 cum

255 4094 667 4159 hominibus
714 4093 1046 4173 negotium
1107 4090 1364 4168 habere,
1426 4090 1971 4175 quemadmodum
2032 4091 2228 4154 etiam

254 4200 483 4263 quum
534 4178 636 4242 illi
683 4198 720 4240 a
766 4176 1054 4241 Domino
1099 4177 1269 4241 facta
1315 4189 1416 4242 est
1468 4179 1664 4259 optio,
1726 4190 1840 4243 aut
1906 4176 2055 4241 belli
2117 4184 2232 4240 aut

252 4267 464 4330 famis
534 4274 658 4328 aut
713 4265 930 4345 pestis,
999 4283 1128 4346 qua
1184 4276 1314 4326 tam
1383 4266 1519 4346 ipse
1587 4285 1781 4347 quam
1850 4262 2125 4345 populus
2192 4282 2231 4325 a

252 4350 580 4415 Domino
618 4352 986 4431 puniretur,
1031 4348 1203 4431 quod
1230 4350 1539 4431 populum
1566 4370 1904 4415 recensere
1951 4349 2229 4413 voluisse

248 4449 510 4503 contra
579 4435 844 4499 Domini
903 4434 1322 4515 mandatum,
1391 4456 1519 4499 non
1581 4434 1850 4500 dubium
1911 4444 2011 4499 est
2065 4434 2227 4516 quin

246 4521 642 4607 agnoverit
704 4520 874 4603 quod
940 4522 1082 4603 ipse
1146 4522 1213 4585 in
1300 4522 1568 4604 psalmis
1649 4523 1989 4605 profitetur
2054 4518 2227 4603 apud

247 4609 494 4675 Deum
551 4627 696 4672 esse
740 4606 956 4672 locum
1001 4606 1502 4687 misericordiae,
1554 4607 1667 4672 sed
1711 4606 1881 4689 apud
1930 4606 2228 4670 homines

250 4710 546 4760 tantum
594 4694 908 4757 saevitiae
953 4707 1017 4757 et
1061 4692 1451 4759 crudelitati.
1536 4694 1822 4775 Ideoque
1868 4704 2113 4775 pestem
2156 4702 2225 4758 et

247 4781 437 4847 bello
493 4790 573 4844 et
617 4780 769 4843 fami
817 4781 1258 4860 anteposuerit
1305 4779 1481 4843 illam
1528 4799 1889 4862 agnoscens
1928 4799 2073 4843 esse
2097 4777 2223 4843 Dei

243 4886 557 4933 manum
600 4865 1080 4947 particularem.
1149 4863 1324 4945 Quid
1357 4866 1446 4929 ita
1471 4865 1663 4930 vero?
1702 4864 1893 4939 Nam,
1941 4865 2223 4940 obsecro,

241 4973 502 5021 nonne
556 4966 625 5013 ct
649 4950 890 5015 bellum
916 4951 1045 5014 Dei
1086 4950 1412 5031 flagellum
1440 4951 1584 5015 est?
1634 4950 1843 5017 Sane:
1887 4948 2000 5014 sed
2046 4950 2224 5016 locus

242 5040 371 5105 ille
424 5057 580 5121 quc
623 5032 841 5100 David
888 5038 1229 5118 profitetur
1270 5057 1344 5100 se
1386 5037 1583 5101 malle
1628 5040 1693 5101 in
1741 5035 1866 5100 Dei
1911 5056 2106 5118 quam
2155 5037 2220 5099 in

242 5125 638 5192 hominum
683 5142 919 5188 manus
961 5122 1246 5187 incidere
1292 5121 1536 5188 indicat
1578 5122 1791 5207 ipsum
1837 5123 2031 5188 malle
2074 5143 2220 5189 cum

426 5221 672 5280 Calvina·
711 5238 899 5292 opera.
976 5223 1096 5279 Vol.
1128 5221 1324 5277 XXX.

2339 396 2484 460 Deo
2528 414 2724 479 quam
2769 416 2914 462 cum
2961 392 3335 464 hominibus
3393 394 3637 462 hebere
3693 397 4070 482 negotium:
4126 418 4284 464 nam

2340 480 2423 546 ad
2467 482 2676 564 ipsius
2717 481 3232 548 misericordiam
3278 482 3660 568 confugiens
3702 491 3772 547 et
3813 503 4034 550 coram
4076 484 4285 568 ipsius

2340 567 2594 632 iustitia
2637 588 2907 650 prorsus
2950 567 3421 646 obmutescens,
3481 577 3550 633 et
3606 582 3870 651 peccata
3925 570 4287 652 confessus,

2341 654 2738 735 veniamque
2777 655 3069 737 ipsorum
3117 653 3520 736 deprecatus,
3577 665 3801 738 sperat
3856 675 3927 720 se
3982 656 4171 722 facile
4211 658 4284 721 in

2342 740 2626 823 gratiam
2673 758 2710 803 a
2734 739 2879 803 Deo
2923 749 3259 822 receptum
3305 739 3409 817 iri,
3453 761 3585 807 non
3631 748 3854 805 autem
3879 739 3963 805 ab
3998 741 4287 808 homini·

2342 825 2498 905 bus,
2559 827 2668 908 qui
2727 826 2890 890 mihi
2953 823 3369 890 dominantes
3426 834 3496 890 et
3552 847 3622 890 se
3678 826 3902 892 ulcisci
3960 828 4282 911 cupiente,

2338 911 2593 976 nullam
2635 931 2817 994 spem
2864 910 3112 987 salutis,
3158 912 3397 995 quippe
3432 911 3890 992 inexorabiles,
3936 913 4093 979 dare
4137 935 4283 997 pos-

2341 1008 2529 1073 sunt,
2612 1016 2814 1079 quum
2875 1007 3103 1063 contra
3167 1019 3241 1062 re
3304 998 3447 1080 ipsa
3513 999 3638 1063 sim
3704 998 3988 1065 edoctus·
4015 998 4285 1067 Domini

2342 1083 2804 1167 castigationes
2847 1084 2913 1148 in
2960 1104 3176 1147 meum
3201 1084 3611 1148 commodum
3656 1095 3723 1150 ct
3742 1086 4019 1150 salutem
4065 1107 4284 1152 cessu-

2344 1189 2470 1247 rae,
2517 1178 2584 1233 et
2627 1190 2712 1233 ex
2769 1168 2902 1234 illis
2961 1190 3197 1234 novam
3257 1169 3663 1234 occasionem
3723 1171 4015 1237 nominis
4074 1173 4284 1255 ipsius

2341 1253 2748 1403 glorificandi
2809 1254 2974 1319 mihi
3029 1255 3319 1320 oblatum
3383 1256 3481 1320 iri.
3572 1254 3803 1338 Itaque
3861 1279 3944 1322 ex
4004 1277 4083 1323 eo
4148 1259 4285 1324 loco

2392 1340 2453 1404 ic
2494 1339 2961 1423 intelligendus
3005 1352 3123 1421 est,
3182 1354 3255 1405 ut
3299 1339 3626 1405 Davidem
3688 1343 3972 1408 sciamus
4030 1344 4111 1409 de
4171 1344 4285 1409 ho-

2343 1425 2634 1490 minibus
2679 1426 3075 1509 loquentem,
3133 1448 3260 1492 non
3310 1425 3454 1491 ideo
3500 1440 3716 1493 tamen
3767 1427 3895 1493 Dei
3939 1429 4285 1512 providen-

2342 1512 2504 1576 tiam
2551 1513 2929 1577 excludere:
2974 1513 3086 1578 sed
3134 1513 3331 1577 malle
3376 1534 3446 1578 se
3490 1533 3530 1577 a
3571 1513 3860 1579 Domine
3905 1515 4046 1597 ipso
4091 1515 4283 1581 casti-

2342 1599 2507 1681 gari,
2566 1618 2757 1680 quam
2827 1596 2908 1664 ab
2967 1598 3344 1664 hominibus
3410 1599 3738 1678 accusari,
3807 1610 3877 1666 et
3939 1600 4286 1667 calumniis

2344 1685 2605 1767 urgeri,
2690 1684 2926 1766 quibus
2990 1684 3306 1750 adversus
3368 1684 3581 1766 ipsum
3654 1681 3817 1750 Saul
3881 1687 4285 1752 incitaretur.

2342 1768 2574 1852 Itaque
2619 1768 2837 1835 David
2883 1791 3086 1853 quum
3132 1769 3405 1838 Saulem
3450 1769 3803 1853 compellat
3857 1773 4004 1837 istis
4047 1771 4285 1851 verbis,

2343 1876 2412 1921 se
2476 1857 2823 1937 profitetur
2891 1856 3058 1921 velle
3123 1856 3269 1921 Deo
3336 1856 3686 1936 conciliari,
3756 1867 3823 1922 et
3886 1878 4038 1923 cum
4105 1859 4285 1923 omni

2342 1941 2716 2007 humilitate
2779 1942 2862 2006 ad
2928 1943 3132 2025 ipsius
3198 1941 3710 2008 misericordiam
3776 1944 4158 2028 confugere,
4215 1952 4284 2010 ct

2341 2027 2618 2095 salutem
2645 2037 3046 2110 exspectare,
3073 2028 3182 2094 ubi
3204 2028 3583 2112 cognoverit
3601 2029 3743 2094 Deo
3765 2038 3999 2094 autore
4013 2028 4282 2096 Saulem

2341 2135 2411 2178 se
2456 2114 2789 2197 persequi:
2843 2114 2958 2179 sed
3005 2115 3058 2180 si
3106 2114 3445 2180 hominum
3492 2135 3688 2198 opera
3733 2114 3797 2179 id
3843 2116 3976 2192 fiat,
4037 2116 4279 2182 habere

2341 2220 2414 2264 se
2454 2199 2773 2265 adversus
2816 2199 2995 2282 ipsos
3039 2221 3190 2266 suas
3234 2199 3671 2284 exceptiones,
3730 2210 3799 2267 et
3856 2201 3964 2267 hic
4022 2201 4280 2269 videtur

2340 2287 2620 2368 simplex
2665 2286 2942 2350 Davidis
2988 2285 3330 2351 verborum
3389 2307 3642 2365 sensus,
3697 2308 3782 2352 ex
3873 2286 4062 2352 uibus
4119 2289 4281 2356 haec

2341 2370 2638 2439 doctrina
2682 2383 2782 2436 est
2825 2371 3013 2437 nobis
3070 2371 3381 2450 eruenda,
3445 2383 3515 2436 ut
3572 2393 3771 2455 quum
3889 2374 4042 2439 avid
4103 2373 4279 2454 dicit,

2336 2479 2408 2524 se
2448 2458 2510 2523 si
2534 2456 2720 2522 Deus
2741 2455 3011 2522 Saulem
3053 2456 3282 2524 incitet
3323 2458 3449 2542 ipsi
3471 2459 3989 2543 supplicaturum
4026 2472 4092 2525 et
4136 2482 4277 2525 mu·

2339 2566 2464 2610 nus
2508 2544 2902 2620 oblaturum,
2956 2556 3022 2609 et
3065 2564 3339 2609 munere
3385 2542 3604 2611 oblato
3649 2546 4159 2628 pacificaturum,
4205 2558 4279 2613 ut
4391 2628 4394 2631 Ι

2339 2629 2643 2695 ostendat
2687 2629 2832 2695 Deo
2875 2649 3142 2695 manum
3190 2648 3375 2695 suam
3424 2645 3786 2711 exserente,
3843 2644 3915 2696 ut
3980 2653 4100 2697 nos
4157 2633 4278 2698 fla·

2338 2714 2528 2800 gellis
2571 2717 2710 2781 suis
2743 2716 3041 2799 castiget,
3085 2736 3216 2781 nou
3259 2729 3556 2798 oportere
3591 2719 4040 2783 excusationes
4079 2739 4278 2801 quae-

2338 2824 2501 2879 rere,
2549 2813 2615 2866 et
2660 2802 2944 2867 rationes
2988 2800 3225 2884 quibus
3279 2823 3400 2866 nos
3446 2812 3774 2867 tueamur:
3835 2801 3949 2868 sed
4011 2815 4280 2886 peccata

2338 2886 2768 2971 agnoscenda,
2815 2895 2883 2952 et
2928 2887 3195 2953 veniam
3240 2887 3322 2953 ab
3366 2888 3510 2972 ipsc
3555 2886 4047 2970 deprecandam.
4123 2890 4279 2954 Vox

2338 2975 2516 3040 enim
2560 2973 2674 3038 illa
2718 2974 3017 3041 sacrificii
3062 2973 3168 3039 vel
3215 2975 3508 3039 muneris
3553 2972 3722 3040 hanc
3763 2975 3891 3039 vim
3939 2974 4155 3051 habet,
4204 2985 4280 3040 ut

2338 3061 2623 3144 primum
2669 3080 2788 3124 nos
2832 3080 2974 3126 esse
3017 3080 3162 3126 reos
3220 3080 3436 3125 coram
3485 3059 3768 3125 Domino
3828 3061 4280 3143 confiteamur,

2339 3145 2576 3211 deinde
2635 3157 2709 3210 ut
2781 3145 2861 3210 ad
2931 3146 3143 3229 ipsius
3215 3143 3728 3213 misericordiam
3804 3146 4278 3231 confugiamus.

2338 3231 2782 3313 Quamobrem
2839 3232 3352 3315 quotiescunque
3407 3230 3534 3296 Dei
3605 3252 3873 3297 manum
3949 3232 4277 3299 vindicem

2336 3319 2731 3401 experimur,
2778 3337 3126 3384 caveamus
3171 3337 3587 3402 summopere
3647 3339 3732 3382 ne
3786 3318 3911 3401 ipsi
3968 3319 4277 3402 obloqua-

2336 3422 2487 3468 mur
2529 3414 2641 3468 aut
2687 3403 3046 3469 iniustitiae
3091 3424 3489 3482 accusemus,
3550 3414 3615 3468 et
3663 3403 4061 3488 blasphemis
4107 3404 4278 3472 voci-

2334 3489 2459 3555 bus
2530 3490 2740 3572 ipsius
2812 3508 3052 3554 nomen
3122 3489 3510 3572 polluamus.
3599 3489 3700 3554 Ne
3749 3510 3831 3554 ue
3902 3491 4076 3556 enim
4135 3490 4280 3556 fieri

2337 3587 2571 3659 potest,
2616 3586 2690 3640 ut
2729 3575 2832 3639 ius
2877 3584 3169 3640 nostrum
3216 3577 3386 3640 tueri
3431 3594 3646 3641 coram
3753 3596 3830 3641 eo
3876 3576 4154 3642 velimus
4193 3598 4278 3661 ex

2338 3662 2544 3726 nostri
2606 3682 2839 3726 sensus
2893 3660 3189 3741 libidine,
3268 3662 3428 3745 quin
3491 3660 3711 3725 Deum
3772 3661 4151 3743 iniustitiae,
4208 3670 4276 3729 et

2338 3746 2745 3812 crudelitatis
2789 3766 3164 3831 arguamus,
3209 3767 3376 3830 quae
3411 3767 3669 3812 summa
3713 3763 3815 3814 est
3852 3747 4276 3833 blasphemia.

2337 3832 2757 3917 Quapropter
2812 3852 2885 3898 os
2940 3831 3410 3899 occludendum
3472 3846 3601 3910 est,
3664 3843 3731 3898 et
3789 3836 4276 3919 agnoscendum

2339 3921 2553 3985 Deum
2601 3940 2744 3984 esse
2786 3940 3040 3984 summe
3083 3918 3327 3985 bonum
3371 3930 3437 3984 et
3481 3939 3734 3984 summe
3778 3920 4043 3998 iustum,
4089 3921 4276 3987 cuius

2335 4006 2537 4069 unius
2604 4005 2957 4081 voluntati,
3030 4004 3175 4071 sine
3245 4005 3672 4071 reluctatione
3730 4005 4272 4089 acquiescendum

2337 4102 2455 4169 est,
2501 4103 2567 4156 et
2610 4092 2827 4175 potius
2870 4100 3094 4175 tergus
3139 4090 3612 4156 obvertendum
3672 4090 3751 4155 ad
3799 4092 4025 4175 plagas
4068 4093 4272 4174 ipsius

2335 4178 2662 4260 patienter
2684 4177 3118 4259 excipiendas,
3165 4176 3328 4243 adeo
3373 4190 3465 4255 ut,
3510 4177 3566 4243 si
3591 4177 3692 4242 vel
3729 4188 3945 4241 cutem
3971 4176 4268 4244 detraxe-

2335 4263 2438 4339 rit,
2498 4264 2826 4328 fateamur
2879 4264 3023 4328 iure
3080 4265 3294 4345 ipsum
3359 4264 3691 4329 nobiscum
3752 4282 3964 4346 agere,
4022 4270 4092 4328 et
4148 4280 4268 4331 nos

2332 4348 2524 4432 longe
2569 4349 2758 4431 plura
2814 4350 3226 4415 commeritos
3281 4371 3439 4416 esse.
3529 4348 3873 4415 Caeterum
3934 4369 4067 4414 non
4124 4350 4271 4417 ideo

2332 4446 2431 4500 est
2475 4436 2734 4500 animus
2791 4433 3326 4518 despondendus‚
3383 4434 3495 4501 sed
3550 4446 3776 4500 contra
3835 4433 3948 4498 ubi
4005 4446 4271 4518 peccata

2332 4530 2557 4586 nostra
2598 4521 3079 4605 agnoverimus,
3141 4531 3205 4586 et
3264 4543 3380 4586 nos
3436 4522 3610 4603 ipsos
3668 4527 3890 4585 nostro
3950 4521 4269 4606 suffragio

2332 4629 2476 4672 reos
2520 4607 3045 4685 iudicaverimus,
3093 4620 3309 4672 tamen
3355 4605 3436 4671 ad
3485 4607 3690 4687 ipsius
3736 4606 4266 4685 misericordiam,

2331 4702 2643 4775 tanquam
2692 4693 3091 4758 tutissimum
3154 4693 3411 4776 asylum
3472 4691 3945 4776 confugiamus.
4035 4692 4268 4783 Itaque

2329 4788 2595 4861 peccata
2638 4779 2930 4844 confiteri
2967 4800 3185 4844 coram
3211 4777 3353 4843 Dec
3389 4798 3518 4842 non
3556 4778 3716 4844 satis
3759 4789 3877 4855 est,
3923 4797 4126 4861 quum
4170 4779 4268 4846 rei

2328 4885 2575 4942 sumus,
2637 4863 2748 4929 sed
2807 4885 3035 4929 eorum
3079 4865 3275 4930 etiam
3321 4863 3514 4929 venia
3567 4864 3949 4948 suppliciter
4002 4873 4104 4930 est
4159 4884 4269 4948 pc-

2329 4950 2562 5015 tenda:
2609 4950 2927 5033 siquidem
2973 4951 3249 5032 improbi
3295 4970 3489 5032 saepe
3534 4962 3799 5032 peccata
3842 4951 4148 5029 fatentur,
4200 4959 4271 5016 et

2327 5056 2399 5101 se
2440 5057 2589 5102 reos
2632 5057 2852 5102 coram
2901 5036 3187 5100 Domino
3230 5046 3611 5119 agnoscunt,
3671 5038 3786 5104 sed
3845 5037 3913 5102 in
3967 5035 4270 5118 despera·

2328 5122 2571 5187 tionem
2613 5122 2877 5199 cadunt,
2924 5134 2991 5187 et
3034 5122 3350 5188 adversus
3394 5123 3607 5205 ipsum
3633 5122 3862 5197 Deum
3901 5123 4279 5205 insurgunt,

3805 5229 3881 5295 38
