5059 6059
283 344 394 414 457

282 543 339 604 ct
375 532 851 601 indololatricos
891 534 1106 603 cultus
1150 534 1557 622 duplicantes
1598 536 1843 605 videas.
1904 539 1998 605 Et
2031 537 2195 607 haec

279 620 520 706 quidem
589 621 804 704 palam
868 622 1380 705 conspiciuntur.
1479 623 1703 706 Quare
1756 645 1890 691 non
1952 627 2197 691 frustra

281 706 452 774 nobis
513 705 680 774 banc
745 707 1090 774 historiam
1156 708 1428 792 proponi
1494 724 1746 777 certum
1803 719 1922 790 est,
1989 732 2195 795 quum

280 794 377 861 hic
447 791 753 860 dicuntur
816 794 1161 861 Philistaei
1225 797 1608 863 Azotienses
1686 818 1821 862 non
1901 798 2194 881 potuisse

280 878 542 962 amplius
588 880 712 947 Dei
763 900 1034 946 manum
1101 879 1332 946 duram
1379 882 1726 948 adversum
1773 904 1844 949 se
1888 894 1957 948 et
1999 904 2193 949 suum

278 964 604 1049 Dagonem
661 965 850 1046 ferre,
914 979 982 1031 et
1045 966 1476 1034 nihilominus
1531 969 1781 1035 idolum
1841 969 2002 1035 illud
2048 989 2194 1035 esse

279 1053 551 1118 venerati
605 1061 673 1118 et
725 1052 1001 1119 coluisse
1066 1060 1377 1136 tanquam
1439 1053 1655 1135 deum,
1720 1056 1906 1121 cuius
1970 1066 2193 1120 tamen

277 1136 508 1202 nullam
566 1159 709 1203 esse
768 1139 905 1204 vim
949 1148 1066 1204 aut
1108 1141 1466 1222 potentiam
1512 1142 1670 1207 satis
1713 1141 2194 1206 animadverte-

275 1221 435 1289 bant.
524 1220 659 1290 Sed
703 1236 769 1289 et
813 1224 1057 1290 accedit
1104 1225 1210 1290 his
1252 1247 1513 1292 crassus
1556 1236 1622 1292 et
1664 1228 1897 1292 brutus
1946 1239 2194 1310 stupor,

275 1329 385 1392 quo
425 1317 737 1394 tanquam
781 1309 1192 1377 illusionibus
1235 1323 1305 1375 et
1345 1313 1687 1378 veneficiis
1729 1313 1952 1379 miseri
2003 1314 2193 1378 fasci-

272 1406 520 1476 nantur,
580 1406 656 1460 ut
707 1396 1159 1480 imaginentur
1217 1397 1369 1463 deos
1418 1399 1541 1464 sibi
1600 1401 1881 1466 invicem
1946 1399 2192 1464 bellum

272 1481 511 1558 inferre,
570 1491 636 1547 et
691 1483 855 1547 alios
917 1483 1063 1547 aliis
1120 1482 1476 1548 adversari.
1563 1485 1704 1550 Nae
1746 1486 1804 1551 si
1847 1504 1977 1567 qua
2019 1484 2195 1549 inter

272 1567 503 1649 sliquos
561 1567 860 1633 homines
906 1568 1242 1633 exoriatur
1283 1572 1635 1648 contentio,
1681 1583 1797 1636 aut
1839 1571 2191 1650 altercatio,

271 1653 343 1720 ab
382 1654 703 1719 alterutra
748 1665 932 1736 parte
974 1655 1285 1722 iniuriam
1322 1676 1465 1721 esse
1499 1666 1614 1722 aut
1650 1657 1894 1722 malam
1927 1677 2191 1722 causam

268 1738 637 1804 iudicamus.
723 1739 896 1805 Nam
938 1738 1067 1804 Dei
1114 1741 1355 1806 donum
1402 1762 1625 1824 pacem
1670 1753 1738 1808 et
1779 1742 2191 1808 concordiam

268 1845 397 1892 esse
434 1826 761 1904 novimus,
819 1847 950 1909 qua
990 1827 1167 1892 inter
1208 1849 1278 1892 se
1321 1826 1619 1894 homines
1661 1830 1971 1894 foventur
2014 1838 2081 1894 et
2122 1828 2192 1892 in

270 1911 463 1977 officio
532 1912 929 1977 retinentur.
1037 1911 1262 1992 Quare
1317 1914 1371 1978 si
1432 1916 1499 1978 in
1557 1913 1933 1980 hominibus
1989 1915 2193 1991 rixae,

269 1998 718 2077 contentiones,
763 1995 1031 2063 dissidia
1073 1999 1545 2082 improbantur,
1604 1999 1758 2083 quid
1802 2001 1883 2066 de
1927 2000 2194 2065 numine

268 2083 674 2167 cogitandum
757 2082 901 2149 est?
1011 2083 1184 2149 Nam
1265 2095 1404 2151 esto
1483 2086 1751 2152 deorum
1824 2085 2194 2162 multitudo,

268 2169 499 2251 qualem
574 2170 799 2235 miseri
863 2170 960 2234 illi
1026 2170 1272 2236 ethnici
1338 2179 1406 2235 et
1469 2174 1706 2256 pagani
1771 2172 2193 2249 invexerunt,

265 2255 379 2324 hoc
415 2257 538 2323 illis
582 2255 993 2332 concedatur,
1041 2266 1259 2321 tamen
1297 2267 1561 2323 mutuas
1597 2259 1745 2324 illos
1780 2260 2001 2324 fovere
2039 2259 2193 2341 iras,

265 2340 708 2422 dissensiones,
787 2342 1239 2408 contentiones
1315 2353 1384 2407 et
1446 2343 1941 2410 Andabatarum
2012 2365 2193 2409 more

262 2429 417 2496 iuter
454 2450 523 2495 se
574 2449 873 2513 pugnare
916 2428 1096 2493 dictu
1130 2428 1500 2510 ridiculum,
1545 2441 1611 2495 et
1633 2443 1862 2497 contra
1886 2441 2189 2495 naturam

266 2526 366 2582 est.
461 2516 552 2582 Et
613 2526 839 2580 tamen
914 2514 1087 2579 hanc
1159 2535 1301 2580 esse
1358 2515 1867 2582 Philistaeorum
1933 2516 2188 2600 opinio-

262 2622 393 2668 nem
446 2602 787 2668 videmus:
850 2600 1021 2682 quod
1081 2600 1452 2683 exemplum
1517 2622 1648 2667 non
1705 2603 1943 2668 leviter
1999 2603 2189 2668 nobis

263 2686 798 2770 praetereundum
851 2693 973 2751 est.
1073 2685 1374 2769 Namque
1431 2686 1726 2754 diabolus
1789 2689 1881 2753 ita
1945 2699 2189 2753 morta·

262 2772 401 2839 lium
444 2785 707 2840 mentes
761 2774 1161 2855 excaecavit,
1220 2783 1296 2836 ut
1344 2772 1522 2838 inter
1581 2773 1736 2839 deos
1791 2794 1947 2840 suos
2006 2776 2189 2839 varia

264 2880 387 2925 esse
445 2860 621 2927 bella
687 2859 1150 2923 existimarint.
1238 2858 1465 2924 Testes
1530 2870 1724 2925 sunto
1788 2860 2185 2943 tragicorum

262 2965 488 3024 uenae,
533 2959 601 3011 et
648 2958 990 3028 poetarum
1038 2954 1480 3023 monumenta,
1528 2946 1762 3028 quibus
1800 2955 1976 3010 totus
2011 2946 2188 3011 orbis

259 3031 525 3114 repletus
588 3040 714 3097 est.
806 3031 1057 3096 Verum
1114 3028 1270 3096 hnic
1328 3030 1500 3096 malo
1539 3031 1635 3097 sie
1678 3034 2063 3111 occurritur,
2115 3040 2189 3096 ut

260 3115 491 3183 fabulae
523 3118 688 3183 illae
720 3115 1049 3200 theologia
1081 3116 1710 3198 mystica-dicantur,
1746 3129 1813 3182 et
1834 3119 2187 3202 allegoriae

264 3203 476 3284 quibus
555 3202 645 3267 ad
725 3203 852 3267 Dei
930 3201 1366 3285 cognitionem
1447 3204 1727 3286 populus
1803 3202 2182 3270 adducatur.

260 3286 833 3355 verumenimvero
891 3286 1207 3371 quidquid
1267 3288 1531 3354 tandem
1577 3310 1694 3372 pro
1752 3309 1824 3354 se
1880 3290 2181 3367 afferant,

260 3395 324 3439 eo
375 3373 861 3442 deveniendum
907 3385 1024 3453 est,
1093 3385 1332 3438 natura
1388 3396 1530 3440 esse
1588 3396 1969 3459 repugnans
2028 3376 2184 3441 deos

258 3458 410 3526 iuter
450 3484 520 3529 se
578 3479 915 3545 pugnare:
981 3467 1049 3524 et
1106 3480 1560 3543 quamcunque
1619 3462 1879 3526 tandem
1939 3482 2060 3545 pro
2114 3483 2185 3527 se

257 3547 553 3613 rationem
624 3546 958 3624 adferant,
1040 3546 1299 3611 inanem
1367 3567 1512 3612 esse
1573 3548 1881 3612 futuram.
1992 3547 2187 3614 Unde

257 3635 663 3716 conspicuum
708 3635 784 3697 fit
828 3630 1145 3714 quomodo
1190 3632 1483 3698 diabolus
1525 3633 1595 3697 in
1633 3632 1987 3699 incredulis
2031 3655 2185 3717 ope·

255 3729 430 3797 retur,
496 3719 649 3785 Deo
713 3718 813 3783 illi
882 3719 1169 3782 habenas
1234 3720 1677 3801 permittente,
1756 3729 1833 3784 ut
1898 3719 2182 3802 reprobi,

255 3824 397 3886 quos
434 3806 557 3871 sibi
604 3805 933 3870 subiectos
978 3803 1278 3870 diabolus
1320 3806 1664 3889 tyrannice
1709 3815 1988 3886 exercet,
2046 3825 2182 3869 non

254 3890 427 3956 modo
481 3912 688 3957 sensu
749 3901 817 3955 et
873 3891 1126 3955 ratione
1185 3891 1520 3955 communi
1577 3891 1938 3975 priventur,
2000 3900 2068 3956 et
2110 3891 2182 3956 in

254 3985 561 4059 stuporem
612 3975 1032 4054 inducantur,
1090 3975 1160 4039 in
1218 3976 1605 4059 quibusdam
1649 3977 1982 4061 religionis
2024 3978 2182 4043 arti-

251 4063 430 4140 culis,
493 4062 613 4130 sed
688 4063 898 4128 brutis
961 4062 1123 4145 ipsis
1187 4062 1547 4144 pecudibus
1608 4064 1743 4127 sint
1807 4063 2180 4129 deteriores.

248 4146 425 4230 Nam,
467 4149 763 4226 obsecro,
808 4148 958 4231 quis
1004 4147 1166 4211 adeo
1211 4148 1513 4231 stupidus
1558 4158 1673 4212 aut
1725 4148 1946 4228 hebes,
2006 4150 2179 4232 quod

246 4249 596 4302 monstrum
646 4245 783 4299 tam
830 4234 1286 4298 detestandum
1335 4256 1466 4299 non
1513 4248 1998 4300 commoveatur
2035 4234 2180 4301 Deo

245 4319 370 4401 ipso
411 4344 497 4387 ex
540 4322 747 4388 coelis
794 4319 1102 4385 tonante?
1192 4320 1415 4402 Atque
1460 4320 1851 4385 Philistaeos
1909 4321 2032 4386 hoc
2074 4343 2179 4387 er-

248 4426 381 4472 rore
435 4407 643 4472 fuisse
696 4420 1029 4488 correptos
1084 4416 1149 4470 et
1209 4406 1387 4472 velut
1433 4408 1677 4471 fascino
1720 4407 1957 4490 ligatos
1997 4407 2179 4472 vide-

247 4512 397 4558 mus.
482 4494 722 4575 Neque
766 4493 941 4557 enim
990 4491 1069 4557 de
1127 4513 1196 4557 re
1256 4493 1479 4575 ignota
1531 4493 1910 4574 loquuntur,
1975 4513 2175 4575 quum

246 4574 363 4643 Dei
426 4600 701 4644 manum
782 4580 972 4642 aiunt
1050 4577 1175 4641 οἱδὶ
1254 4580 1450 4642 nimis
1521 4578 1753 4642 duram
1799 4580 2174 4645 imminere:

242 4666 465 4749 quippe
531 4668 667 4730 iam
736 4664 985 4729 dudum
1046 4664 1350 4729 haeserat
1406 4664 1627 4728 animo
1683 4676 1750 4729 et
1807 4665 2177 4730 invaluerat

244 4748 389 4816 baec
447 4750 628 4833 apud
685 4771 799 4815 eos
856 4749 1076 4833 opinio
1132 4750 1213 4814 de
1256 4750 1525 4816 deorum
1571 4751 1745 4814 inter
1787 4772 1857 4815 se
1898 4750 2065 4816 odiis
2108 4760 2174 4815 et

241 4837 843 4903 concertationibus.
948 4836 1088 4900 Nos
1142 4857 1299 4901 vero
1359 4857 1779 4920 summopere
1823 4856 2174 4902 caveamus

240 4942 319 4986 ne
355 4924 424 4990 in
465 4923 635 4988 haec
678 4923 962 4988 absurda
1004 4921 1403 5000 delabamur,
1448 4942 1704 4988 summo
1757 4924 2008 4986 numini
2054 4924 2171 4988 tri·

240 5005 498 5077 buentes
542 5032 631 5076 ex
676 5009 913 5074 mentis
958 5007 1438 5089 depravatione,
1504 5030 1669 5092 quae
1723 5030 1805 5073 ne
1849 5008 1921 5072 in
1968 5009 2174 5073 bomi-

239 5094 421 5160 nibus
463 5095 730 5178 quidem
776 5104 999 5160 essent
1043 5095 1429 5160 tolerabilia.

146 5217 155 5228 ·
397 5181 612 5248 Porro
655 5180 961 5246 dicuntur
1004 5181 1365 5245 Aeotienses
1404 5185 1721 5246 convocato
1760 5180 2019 5246 consilio
2067 5180 2171 5246 de-

235 5269 509 5347 misse,
554 5272 629 5333 ut
666 5287 816 5332 arca
856 5266 977 5332 iua
1009 5266 1140 5333 Dei
1179 5265 1456 5332 Gothum
1499 5268 1934 5332 dimitteretur.
1998 5268 2170 5332 Erat

1626 348 1729 416 IN
1767 349 1823 417 1.
1868 347 2054 417 LIB.
2098 345 2503 416 SAMUEL.
2549 348 2749 416 CAP.
2796 349 2883 415 V.

4113 349 4242 417 458

2298 545 2521 606 autem
2564 539 2723 605 urbs
2764 538 2879 606 illa
2920 538 3192 606 celebris
3225 538 3404 604 inter
3424 537 3839 619 Philistaeos,
3883 539 4060 605 unde
4093 561 4243 625 pro·

2298 624 2497 709 pheta
2543 624 2875 692 Michaeas
2918 625 3301 710 praedicens
3345 626 3800 690 imminentem
3845 628 4088 709 populo
4136 649 4241 694 ca-

2296 711 2680 791 lamitatem,
2722 723 2906 777 vetat
2946 711 3469 786 illamflathum
3531 711 3950 777 annunciari:
4009 715 4244 798 quibus

2296 797 2516 864 verbis
2561 799 2781 863 innuit
2819 798 3023 864 fuisse
3065 799 3242 880 ipsos
3286 796 3738 863 Israelitarum
3785 797 4009 864 hostes
4065 803 4241 883 capi-

2298 883 2668 961 talissimos,
2725 886 2835 968 qui
2891 905 2974 948 ex
3032 884 3270 948 nuntio
3324 883 3719 949 calamitatis
3763 883 3985 967 populi
4030 887 4243 951 maxi-

2297 990 2472 1034 mam
2520 969 2930 1052 voluptatem
2972 972 3318 1052 cepissent,
3375 981 3443 1034 et
3498 969 3683 1051 quasi
3735 972 4010 1035 victoria
4053 983 4244 1055 parta

2298 1055 2839 1137 triumphassent.
2927 1055 3223 1121 Gathum
3282 1055 3506 1138 itaque
3550 1054 3893 1120 Philistaei
3944 1056 4244 1143 deligunt

2297 1161 2483 1206 arcae
2507 1142 2635 1206 Dei
2679 1141 3100 1208 domicilium.
3166 1141 3385 1223 Atque
3429 1161 3561 1205 non
3607 1140 3924 1224 leguntur
3957 1142 4241 1209 Gethaei

2296 1248 2632 1293 recusasse
2676 1248 2863 1295 arcae
2905 1228 2979 1291 in
3023 1248 3209 1292 suam
3254 1226 3481 1292 urbem
3528 1226 3892 1307 introitum,
3936 1228 4048 1294 sed
4087 1251 4240 1295 con-

2298 1325 2399 1377 tra
2423 1314 2638 1397 potius
2661 1314 2886 1378 laetati
2909 1334 3070 1390 esse,
3111 1333 3495 1395 summoque
3529 1312 3652 1378 sibi
3693 1312 3926 1378 honori
3955 1315 4240 1394 duxisse,

2296 1401 2486 1482 quasi
2556 1420 2677 1466 sua
2734 1399 2894 1465 urbs
2966 1400 3113 1464 aliis
3175 1398 3433 1484 dignior
3482 1398 3861 1476 haberetur,
3935 1420 4101 1483 quae
4154 1401 4240 1467 ad

2298 1486 2650 1568 hospitium
2717 1494 2785 1551 et
2843 1484 3240 1550 domicilium
3306 1505 3495 1551 arcae
3559 1484 3836 1549 Domini
3901 1487 4239 1552 communi

2296 1573 2664 1656 principum
2726 1572 2997 1636 consilio
3057 1570 3303 1635 delecta
3362 1580 3551 1636 esset.
3651 1570 3928 1635 Interim
3988 1574 4059 1637 in
4117 1572 4241 1640 hoc

2296 1679 2523 1723 omnes
2582 1656 2928 1723 Philistaei
2982 1656 3428 1733 coniurarunt,
3497 1664 3572 1721 ut
3635 1676 3852 1722 arcam
3918 1657 4098 1722 illam
4165 1660 4240 1723 in

2296 1744 2706 1826 triumphum
2775 1742 3190 1824 deducerent,
3256 1743 3530 1807 minime
3592 1743 3854 1825 quidem
3922 1751 4237 1827 tanquam

2293 1828 2476 1895 illam
2512 1829 2799 1894 habituri
2833 1828 3131 1907 ludibrio,
3178 1828 3291 1893 sed
3328 1837 3404 1893 ut
3440 1830 3761 1911 captivam
3805 1831 3875 1893 in
3919 1840 4242 1913 potestate

2297 1917 2638 1993 retenturi,
2675 1937 2760 1980 ne
2782 1915 2905 1981 sibi
2943 1914 3224 1998 amplius
3253 1914 3669 1995 detriment0,
3702 1915 3985 1982 inimicis
4020 1925 4239 1981 autem

2296 2003 2546 2068 auxilio
2604 2011 2793 2079 esset,
2850 2001 3025 2066 sicut
3078 2011 3271 2065 antea
3314 1999 3547 2066 fuerat.
3635 2003 3854 2083 Atque
3898 2002 4242 2068 contrariis

2295 2089 2469 2154 inter
2496 2091 2584 2153 'se
2631 2094 2931 2172 pugnant
2973 2086 3331 2163 sententiis,
3382 2085 3610 2169 qualia
3648 2107 3792 2152 esse
3837 2108 4099 2153 necesse
4140 2095 4243 2153 est

2293 2173 2738 2259 improborum
2798 2172 3133 2238 hominum
3192 2172 3485 2251 consilia,
3542 2172 3854 2237 nimirum
3905 2173 4240 2258 implicata

2294 2260 2603 2327 maximis
2668 2259 2869 2324 animi
2926 2258 3282 2343 angoribus
3339 2267 3405 2323 et
3462 2257 3953 2325 difficutatibus.
4039 2258 4234 2338 Nam,

2294 2347 2579 2430 exempli
2644 2346 2874 2429 gratia,
2941 2344 3235 2409 fatentur
3298 2344 3644 2410 Philistaei
3711 2344 3903 2409 deum
3969 2344 4238 2411 Israelis

2293 2436 2810 2515 omnipotentem
2863 2450 3036 2496 esse:
3106 2449 3339 2494 verum
3411 2441 3633 2494 tamen
3687 2430 4023 2512 captivum
4068 2429 4236 2497 deti-

2294 2539 2451 2585 nere
2492 2518 2682 2584 illum
2726 2537 2798 2582 se
2841 2537 3028 2599 posse
3087 2525 3340 2599 putant,
3407 2515 3580 2599 quod
3624 2514 3973 2600 Dagonem
4041 2537 4234 2582 suum

2292 2605 2536 2670 victum
2581 2603 2770 2668 fateri
2831 2602 3059 2681 nolint,
3117 2601 3415 2684 quodque
3472 2602 3542 2665 in
3598 2612 3930 2684 posterum
3991 2623 4235 2685 poenas

2292 2698 2409 2755 aut
2473 2690 2718 2755 bellum
2784 2687 2866 2753 ab
2930 2687 3064 2770 illo,
3137 2687 3194 2752 si
3261 2687 3660 2768 dimiserint,
3726 2687 3851 2752 sibi
3918 2697 4231 2754 metuant.

2293 2775 2516 2858 Quare
2572 2775 2849 2859 pulchre
2893 2793 3118 2839 secum
3161 2774 3265 2855 agi
3309 2783 3562 2857 putant,
3621 2783 3687 2837 et
3729 2774 3852 2838 sibi
3898 2773 4233 2857 gratulan-

2293 2871 2404 2927 tur
2460 2862 2517 2927 si
2576 2861 2874 2926 vinctum
2921 2859 2992 2924 in
3052 2858 3352 2924 manibus
3393 2857 3612 2922 Deum
3660 2857 3947 2937 Israelis,
4014 2879 4234 2924 arcam

2290 2947 2475 3013 illam
2536 2968 2790 3028 nempe,
2849 2946 3133 3009 retinere
3191 2946 3461 3027 possint.
3551 2944 3755 3026 Atqui
3814 2943 3896 3008 de
3950 2943 4084 3009 alio
4132 2943 4234 3008 di-

2290 3033 2615 3099 mittenda
2656 3034 2774 3097 illa
2817 3030 3210 3097 deliberant:
3257 3039 3324 3095 et
3346 3029 3719 3096 Gethenses
3762 3028 3882 3094 sibi
3929 3029 4012 3094 de
4053 3028 4233 3096 illius

2290 3119 2663 3204 receptione
2706 3117 3147 3202 gratulantur,
3207 3136 3405 3200 quam
3464 3114 3584 3180 sibi
3624 3114 4054 3181 honorificam
4089 3116 4229 3182 fore

2288 3216 2558 3289 putant,
2638 3204 2808 3289 quod
2874 3213 3372 3268 monumentum
3439 3201 3528 3266 sit
3593 3202 3885 3266 futurum
3951 3203 4234 3286 insignis

2287 3291 2465 3357 illius
2506 3291 2711 3357 cladis
2756 3311 2950 3372 quam
2994 3288 3337 3354 Israelitae
3379 3296 3528 3371 post
3572 3307 3790 3353 arcam
3835 3297 4092 3370 captam
4134 3306 4238 3352 ac-

2287 3385 2617 3461 ceperant.
2705 3376 2885 3441 Hinc
2925 3395 3088 3439 vero
3131 3374 3307 3441 clare
3349 3373 3783 3456 conspicimus
3826 3393 4023 3456 quam
4059 3373 4232 3438 inso-

2286 3464 2500 3529 lenter
2545 3483 2689 3528 sese
2729 3461 2861 3526 Dei
2905 3460 3129 3526 hostes
3172 3460 3459 3525 indurati
3507 3467 3757 3543 gerant,
3804 3460 3918 3542 qui
3961 3459 4232 3543 gloriari

2286 3571 2417 3615 non
2482 3556 2763 3634 possunt
2826 3547 2956 3613 nisi
3020 3547 3090 3611 in
3148 3545 3280 3611 Dei
3347 3546 3625 3629 gloriam
3691 3557 3756 3609 et
3821 3545 4232 3610 maiestatem

2287 3645 2573 3719 peccent,
2617 3655 2814 3719 quam
2858 3634 3224 3709 obscurare,
3283 3632 3414 3695 imo
3459 3641 3526 3695 et
3568 3632 3822 3713 eripere
3863 3632 3919 3696 si
3964 3638 4234 3713 possent

2286 3721 2694 3787 molirentur.
2781 3718 3012 3801 Neque
3057 3737 3233 3794 vero,
3279 3718 3505 3795 fateor,
3549 3715 3617 3781 id
3664 3716 3878 3800 palam
3917 3718 4233 3800 profiten-

2287 3817 2429 3872 tur:
2498 3805 2613 3872 sed
2679 3805 2737 3871 si
2794 3806 2940 3888 quis
2992 3803 3406 3888 singulorum
3471 3802 3956 3868 incredulorum
4024 3804 4229 3870 vitam

2286 3891 2673 3977 expenderit
2716 3890 3100 3970 accuratius,
3162 3910 3236 3955 re
3277 3890 3420 3972 ipsa
3476 3890 3830 3971 comperiet
3888 3910 4232 3972 nunquam

2285 3979 2461 4062 ipsos
2542 3978 2763 4044 efferri
2843 3976 3196 4040 ambitione
3275 3988 3342 4040 et
3413 3975 3622 4050 fastu,
3709 3975 3873 4059 quin
3954 3975 4037 4040 de
4101 3975 4231 4040 Dei

2285 4066 2497 4149 gloria
2554 4072 2623 4130 et
2679 4063 2929 4128 honore
2978 4061 3364 4126 tantundem
3410 4060 3776 4139 detrahant,
3836 4069 3906 4126 et
3962 4061 4102 4126 eius
4159 4080 4230 4125 se

2285 4150 2548 4234 plumis,
2592 4159 2668 4214 ut
2708 4147 2968 4228 dicitur,
3012 4157 3351 4212 exornent.
3419 4146 3525 4211 Ita
3547 4146 3920 4212 Gethenses
3954 4165 4226 4229 magnos

2283 4257 2354 4301 se
2399 4243 2782 4319 assequutos
2826 4234 3110 4298 honores
3153 4231 3623 4298 existimabant
3666 4254 3746 4298 ex
3793 4252 3979 4297 arcae
4012 4231 4079 4294 in
4118 4252 4227 4295 ur-

2284 4323 2427 4387 bem
2473 4342 2660 4388 suam
2718 4320 3016 4398 introitu,
3072 4327 3142 4384 et
3198 4339 3330 4383 non
3387 4320 3678 4384 animum
3739 4317 4078 4383 advertere
4138 4314 4223 4380 ad

2326 4409 2509 4491 lagae
2551 4408 2702 4472 illas
2744 4404 2979 4490 quibus
3022 4426 3093 4471 se
3136 4403 3563 4470 nihilominus
3598 4404 3759 4485 ipsis
3793 4399 4222 4467 metuendum

2279 4430 2467 4560 Esus
2511 4493 2921 4576 exhibuerat,
2970 4489 3142 4574 quod
3185 4501 3563 4556 excaecatos
3622 4489 3941 4554 haberent
3984 4486 4224 4552 mentis

2278 4580 2517 4646 oculos.
2607 4579 2779 4644 Nam
2825 4578 2950 4644 etsi
2983 4577 3357 4656 caedantur,
3401 4577 3780 4652 tundantur,
3826 4572 4223 4653 occidantur,

2279 4685 2617 4749 nunquam
2676 4672 2899 4728 tamen
2961 4664 3042 4729 ad
3088 4662 3217 4727 Dei
3273 4682 3545 4726 manum
3605 4659 4029 4739 adscendunt,
4097 4659 4218 4723 sub

2277 4773 2405 4833 qua
2462 4771 2607 4816 sese
2650 4750 2959 4816 deiiciant
3014 4757 3082 4815 et
3123 4749 3533 4814 maiestatem
3586 4748 3727 4811 eius
3768 4755 4216 4810 revereantur.

2276 4837 2419 4903 Nae
2476 4839 2531 4902 si
2586 4837 2732 4920 quis
2774 4836 2843 4900 in
2890 4835 3343 4900 Gethensibus
3385 4833 3657 4898 rationis
3701 4832 4027 4896 humanae
4071 4851 4219 4894 sen-

2275 4945 2388 4989 sus
2431 4923 2682 5002 suisset,
2747 4941 2971 4987 nonne
3026 4930 3331 5004 poterant
3373 4918 3755 4983 Azotienses
3800 4914 3884 4980 ad
3928 4916 4218 4980 retinen-

2275 5008 2427 5074 dam
2470 5028 2691 5075 arcam
2736 5007 2907 5091 apud
2953 5028 3024 5072 se
3066 5026 3318 5091 cogere,
3361 5003 3466 5070 vel
3510 5001 3870 5068 rationibus
3906 5022 4220 5086 pugnare,

2275 5104 2341 5159 et
2382 5116 2536 5161 cum
2578 5094 2711 5160 illis
2752 5090 3215 5176 expostulare?
3282 5088 3424 5154 Our
3466 5109 3599 5153 non
3644 5108 3786 5152 eam
3835 5091 4218 5153 Azotienses

2276 5180 2576 5247 retinetis
2618 5178 2925 5263 captam?
2970 5198 3090 5245 cur
3122 5197 3299 5241 nunc
3332 5173 3519 5239 nobis
3553 5174 3783 5239 invitis
3818 5173 4216 5239 obtruditis?

2274 5267 2448 5334 Nam
2472 5277 2617 5333 erat
2637 5266 2710 5331 in
2731 5273 2958 5350 aperto
2990 5261 3386 5329 dimissionis
3421 5281 3638 5340 causa,
3681 5281 3940 5345 nempe,
3986 5258 4217 5325 duram
