5059 6059
827 319 953 387 279

2421 318 2835 386 HOMILIA
2880 318 3207 386 LXVIII.
4643 318 4737 386 280

831 518 957 581 esto
998 512 1102 578 vir
1140 510 1348 593 fortis,
1391 514 1448 575 et
1478 509 1802 592 praeliare
1842 508 2000 574 bella
2034 508 2321 576 Domini.
2367 508 2529 575 Saul
2563 513 2769 575 autem
2871 508 3036 576 cisse
3095 507 3264 591 quod
3325 517 3602 574 naturae
3660 519 4168 575 cousentaneum
4213 520 4316 576 est
4359 508 4629 573 omnium
4661 531 4744 575 ore

831 597 1179 681 reputabat,
1236 597 1481 662 dicens:
1542 595 1691 661 Non
1744 595 1830 660 sit
1884 614 2114 661 manus
2153 615 2293 661 mea
2332 595 2406 661 in
2447 615 2609 675 eam,
2662 593 2773 659 sed

833 686 922 751 sit
971 703 1163 766 super
1223 702 1361 747 eum
1404 701 1633 746 manus
1675 678 2174 747 Philistinorum.
2263 681 2363 747 18.
2411 682 2527 745 Ait
2569 685 2774 746 andem

834 769 1054 837 David
1117 767 1203 833 ad
1267 766 1466 833 Saul.-
1541 766 1698 848 Quis
1756 786 1863 850 eqo
1928 787 2089 845 sum,
2156 772 2269 832 aut
2310 787 2471 849 quae
2512 771 2605 831 est
2642 766 2775 831 vila

833 876 991 939 mea,
1051 859 1163 920 aut
1216 853 1494 937 coynatio
1538 852 1759 934 patris
1800 853 1924 917 mei
1965 853 2036 916 in
2081 851 2305 931 Israel,
2371 856 2442 916 ut
2477 851 2633 931 fiam
2668 870 2775 935 yc-

836 962 952 1008 ner
980 939 1201 1024 reyis?
1294 938 1393 1003 19.
1456 937 1724 1005 Factum
1778 941 1868 1002 est
1909 943 2113 1003 andem
2154 944 2395 1020 tempas
2436 956 2632 1019 quum
2670 938 2776 1003 de·

837 1028 1004 1093 beret
1068 1024 1219 1091 dari
1273 1023 1492 1090 Merob
1542 1024 1688 1107 filia
1732 1021 1894 1088 Saul
1946 1022 2213 1103 Davidi,
2284 1024 2436 1088 data
2490 1028 2582 1088 est
2636 1022 2776 1088 Ha·

835 1111 1030 1180 drieli
1097 1110 1474 1176 Molathitae
1542 1130 1721 1175 uxor.
1806 1109 1913 1174 20.
1975 1108 2228 1175 Dilexit
2281 1113 2485 1175 autem
2544 1106 2779 1174 Michol

833 1198 976 1281 filia
1031 1195 1198 1263 Saul
1252 1196 1452 1262 altera
1532 1195 1779 1261 David:
1834 1200 1890 1261 et
1942 1196 2310 1261 nunciatum
2354 1199 2446 1260 est
2490 1193 2665 1277 Saul,
2723 1198 2780 1259 et

829 1284 1080 1366 placuit
1122 1284 1201 1348 ei.
1289 1282 1392 1347 21.
1437 1244 1747 1363 Dixitque
1791 1278 1974 1362 Saue,
2018 1280 2175 1346 cabo
2216 1301 2354 1347 eam
2396 1280 2517 1359 illi,
2561 1284 2631 1344 ut
2661 1278 2779 1360 fiat

839 1370 898 1436 ei
954 1370 1025 1434 in
1065 1368 1451 1449 scandalum,
1507 1371 1563 1433 et
1603 1370 1690 1433 sit
1962 1387 2103 1432 eum
2141 1387 2372 1432 manus
2413 1363 2781 1432 Philistina-

841 1474 1008 1521 rum.
1093 1453 1405 1535 Dixitque
1471 1451 1632 1518 Saul
1693 1453 1780 1518 ad
1836 1450 2092 1519 David.-
2157 1451 2242 1517 In
2298 1452 2543 1517 duabus
2597 1450 2779 1517 rebus

841 1561 1025 1626 ρεπεν
1061 1559 1234 1605 meus
1276 1540 1405 1604 eris
1443 1537 1638 1604 hodie.

1015 1710 1098 1776 In
1165 1710 1288 1776 hac
1344 1709 1616 1774 historia
1659 1709 1940 1793 primum
1987 1710 2270 1775 occurrit
2313 1708 2537 1774 Saulis
2580 1707 2778 1773 obsti·

846 1798 1025 1864 natio
1067 1797 1138 1861 in
1182 1794 1331 1862 odio
1366 1793 1680 1861 adversus
1702 1793 2051 1875 Davidem,
2096 1815 2287 1877 quem
2315 1806 2537 1860 tamen
2560 1814 2780 1858 amore

848 1882 1190 1967 complecti
1222 1882 1514 1958 debebat,
1562 1881 1640 1947 ad
1683 1901 1874 1963 quem
1920 1880 2146 1946 multis
2190 1880 2635 1946 occasionibus
2679 1881 2781 1944 in-

844 1970 1204 2037 citabatur:
1250 1965 1365 2034 sed
1410 1965 1835 2031 nihilominus
1878 1980 2010 2031 tam
2056 1966 2224 2031 altas
2263 1978 2488 2049 egerat
2531 1965 2781 2031 radices

843 2057 912 2121 in
971 2054 1178 2138 ipsius
1236 2064 1497 2136 pectore
1556 2054 1739 2117 virus
1798 2050 1981 2123 illud.
2044 2066 2118 2116 ut
2160 2049 2380 2116 odium
2427 2052 2628 2117 semel
2668 2052 2782 2115 ad-

843 2162 1078 2208 versus
1122 2139 1333 2223 ipsum
1381 2152 1768 2220 conceptum
1814 2150 2123 2219 perpetuo
2167 2137 2439 2202 foveret.
2528 2138 2636 2202 Ex
2673 2158 2781 2219 op·

844 2227 1051 2310 posito
1118 2223 1662 2291 considerandum
1723 2224 1850 2287 erit
1908 2223 2201 2287 divinum
2260 2244 2423 2306 opus
2479 2223 2549 2286 in
2593 2243 2779 2287 ever·

845 2311 1061 2378 tendis
1097 2310 1543 2393 improborum
1580 2309 1871 2375 consiliis
1901 2321 1967 2373 et
2001 2308 2362 2388 conatibus,
2406 2310 2513 2391 qui
2554 2329 2781 2373 omnes

842 2397 1019 2463 irriti
1062 2397 1261 2460 fiunt:
1309 2404 1374 2459 et
1417 2395 1570 2462 licet
1614 2394 1783 2458 nihil
1827 2395 1956 2461 nisi
2001 2393 2265 2459 fraudes
2308 2406 2374 2459 et
2417 2393 2599 2459 dolos
2643 2413 2780 2458 mo-

840 2483 1105 2561 liantur,
1164 2489 1231 2545 et
1286 2480 1411 2546 eibi
1467 2479 1870 2553 callidissimi
1914 2494 1981 2545 et
2041 2480 2369 2544 vaferrimi
2414 2479 2780 2561 videantur,

844 2569 1027 2633 Deus
1094 2576 1314 2632 tamen
1376 2566 1469 2633 sic
1524 2565 1734 2630 eludit
1790 2578 1868 2629 ut
1909 2567 2085 2630 omni
2131 2586 2245 2648 spe
2289 2565 2610 2631 excidant.
2699 2564 2781 2628 In

845 2653 1104 2719 Davide
1170 2662 1399 2717 contra
1458 2664 1769 2735 tanquam
1825 2651 1897 2715 in
1954 2651 2212 2735 speculo
2258 2649 2388 2716 Dei
2432 2650 2781 2733 providen-

847 2741 1003 2805 tiam
1050 2748 1115 2804 et
1158 2737 1514 2803 bonitatem
1558 2738 1627 2801 in
1673 2739 1808 2802 suis
1853 2736 2287 2821 protegendis,
2330 2739 2439 2819 qui
2475 2736 2630 2802 licet
2663 2757 2782 2800 un-

846 2824 1040 2909 dique
1085 2823 1315 2888 mortis
1357 2822 1668 2907 periculis
1710 2823 1927 2899 cincti,
1974 2834 2040 2887 et
2080 2822 2208 2887 iam
2255 2822 2324 2887 in
2370 2822 2530 2904 ipsis
2565 2822 2782 2905 sepul-

845 2912 939 2978 cri
999 2909 1291 2975 t'aucibus
1347 2909 1701 2993 constituti,
1767 2910 1981 2992 perire
2039 2917 2254 2973 tamen
2303 2928 2432 2973 non
2477 2920 2781 2990 possunt:

848 2997 1006 3081 quin
1070 2997 1289 3079 potius
1347 3015 1573 3060 omnes
1616 3014 1655 3058 a
1698 3015 1767 3060 se
1811 2994 2343 3060 comminationes
2387 2992 2780 3076 propellunt,

847 3083 967 3150 etsi
1016 3081 1238 3146 minus
1282 3081 1350 3144 in
1398 3101 1539 3146 sese
1584 3079 1876 3145 tutandis
1910 3079 2186 3163 providi.
2278 3076 2557 3144 Davidis
2593 3100 2782 3161 porro

847 3167 1164 3253 patientia
1218 3174 1286 3231 et
1345 3164 1779 3231 mansuetudo
1837 3167 2021 3230 nobis
2082 3175 2390 3247 tanquam
2450 3165 2784 3248 exemplar

847 3255 1236 3339 proponitur
1271 3249 1605 3325 imitanda,
1644 3260 1721 3315 ut
1755 3250 2000 3315 malum
2039 3248 2496 3316 benefaciendo
2521 3250 2783 3316 vincere

849 3341 1196 3419 discamus,
1277 3336 1447 3421 quod
1529 3339 1668 3421 ipse
1735 3358 1852 3401 nos
1916 3335 2242 3402 Dominus
2307 3344 2530 3402 noster
2595 3335 2785 3401 Iesus

849 3425 1155 3491 Christus
1219 3424 1543 3489 admonet.
1632 3422 1998 3486 Veniamus
2055 3422 2075 3485 i
2129 3422 2257 3486 'tur
2313 3420 2395 3486 ad
2441 3423 2586 3505 ipsa
2629 3442 2784 3487 con-

852 3519 1073 3575 textus
1109 3510 1326 3589 verba,
1362 3507 1598 3592 quibus
1635 3508 1892 3586 dicitur,
1939 3506 2031 3573 Sa
2102 3527 2198 3572 em
2230 3507 2515 3573 timuisse
2548 3528 2589 3572 a
2620 3508 2787 3590 facie

851 3594 1148 3671 Davidis,
1207 3601 1264 3661 et
1305 3616 1348 3660 a
1388 3613 1458 3659 sc
1511 3595 1834 3672 amovisse,
1883 3593 2384 3676 praefecisseque
2435 3592 2788 3659 cohortibus

853 3680 1225 3763 quibusdam
1267 3679 1572 3745 militum.-
1632 3678 2064 3760 Davidemque
2104 3682 2312 3745 contra
2354 3683 2595 3744 tantam
2631 3699 2787 3762 qra-

856 3767 1013 3832 tiam
1046 3765 1171 3830 sibi
1207 3765 1383 3848 apud
1416 3785 1625 3832 omnes
1657 3765 2037 3846 conciliasse,
2075 3763 2419 3846 Deumque
2440 3764 2633 3830 talem
2660 3762 2788 3847 ipsi

854 3872 1076 3917 rerum
1111 3872 1497 3928 successum,
1536 3861 1917 3933 tantamque
1955 3850 2025 3914 in
2060 3849 2365 3933 gerendis
2405 3851 2597 3916 rebus
2633 3870 2787 3932 pru-

856 3933 1147 4002 dentiam
1193 3935 1465 4013 dedisse,
1510 3947 1582 4001 ut
1625 3936 1847 4001 Saulis
1890 3936 1959 4000 in
2005 3935 2190 3999 illum
2226 3933 2472 4001 invidia
2506 3945 2572 3998 et
2608 3937 2789 3999 virus

858 4022 1070 4106 magis
1112 4022 1447 4104 magisque
1492 4023 1888 4104 apparuerit.
1977 4020 2147 4086 Nam
2194 4041 2361 4104 quae
2395 4040 2593 4086 causa
2628 4017 2793 4086 Sau-

857 4108 987 4173 lem
1052 4107 1123 4171 in
1167 4106 1388 4171 odium
1434 4116 1502 4171 et
1539 4106 1858 4172 invidiam
1902 4105 2202 4186 Davidis,
2261 4106 2390 4171 nisi
2449 4105 2619 4171 dona
2664 4105 2790 4171 Dei

857 4193 1093 4276 quibus
1126 4191 1344 4257 David
1379 4202 1520 4257 erat
1562 4192 1859 4275 insignis,
1901 4191 2209 4275 impulit?
2256 4191 2674 4276 Quapropter
2715 4212 2791 4257 eo

855 4280 1064 4345 maior
1100 4287 1202 4343 est
1224 4277 1444 4344 Saulis
1480 4278 1893 4362 improbitas:
1939 4300 2091 4344 nam
2119 4280 2173 4344 si
2212 4280 2357 4362 quis
2380 4277 2792 4343 contumeliis

859 4375 973 4430 aut
1016 4363 1277 4430 iniuriis
1335 4364 1627 4441 affectus,
1701 4364 1801 4428 ira
1857 4364 2216 4447 impellitur
2271 4362 2353 4428 ad
2411 4362 2790 4440 vindictam,

857 4451 980 4516 etsi
1026 4449 1171 4516 Deo
1217 4449 1429 4516 iudice
1472 4450 1959 4529 condemnatur,
2012 4461 2231 4516 tamen
2277 4448 2444 4531 apud
2494 4447 2792 4514 homines

856 4549 1224 4603 excusatur.
1312 4534 1446 4602 Sed
1532 4535 1587 4601 si
1667 4535 1811 4618 quis
1880 4536 2160 4600 intuitus
2228 4534 2441 4600 virum
2508 4533 2791 4618 aliquem

855 4623 1130 4689 summis
1173 4623 1524 4688 virtutibus
1568 4620 1882 4686 eximium
1931 4633 2177 4699 uratur,
2232 4630 2301 4685 et
2341 4619 2434 4685 illi
2482 4619 2654 4686 dona
2697 4620 2792 4684 di-

855 4708 1015 4774 vina
1074 4707 1395 4785 invideat,
1453 4727 1612 4773 sane
1665 4727 1938 4790 pravam
1997 4717 2278 4771 mentem
2339 4714 2406 4770 et
2449 4705 2792 4770 distortum

855 4793 1201 4879 ingenium
1245 4802 1313 4857 et
1356 4791 1671 4857 adversus
1718 4793 1932 4856 Deum
1970 4790 2208 4856 rebelle
2245 4789 2512 4875 prodet:
2557 4803 2622 4855 et
2657 4790 2793 4855 ins-

861 4889 965 4945 tar
1024 4877 1333 4943 horrendi
1392 4888 1457 4943 et
1512 4877 1877 4943 detestandi
1938 4877 2214 4941 monstri
2273 4880 2446 4942 inter
2489 4876 2792 4942 homines

859 4963 1227 5030 habebitur.
1314 4962 1685 5030 Ulciscendi
1745 4961 2004 5045 quidem
2062 4962 2358 5044 iniurias,
2415 4972 2656 5028 natura
2695 4972 2795 5028 est

860 5049 1164 5114 omnibus
1222 5049 1421 5115 insita
1464 5048 1805 5131 cupiditas,
1859 5068 2228 5131 quanquam
2275 5047 2553 5131 privatis
2595 5046 2792 5112 ultio·

861 5133 1055 5200 nibus
1111 5134 1438 5200 abstinere
1481 5134 1607 5200 Dei
1651 5134 1853 5199 verbo
1897 5133 2216 5211 iubemur,
2274 5131 2389 5200 sed
2433 5154 2516 5198 ex
2560 5153 2792 5198 sensus

857 5220 1224 5287 communis
1264 5219 1522 5300 iudicio,
1582 5219 1914 5303 provocati
1958 5220 2094 5286 vim
2141 5219 2206 5286 vi
2250 5220 2658 5305 repellentes,
2702 5218 2790 5284 fe-

2874 594 3189 660 dicentur.
3277 595 3527 660 Verum
3596 595 3650 660 si
3710 597 3855 677 quis
3914 596 3977 660 ei
4033 596 4103 661 in
4208 616 4294 659 uo
4355 595 4532 659 nulla
4568 607 4744 659 coutu-

2875 681 3087 757 melia,
3143 681 3328 746 nulla
3373 683 3496 746 erit
3537 681 3793 761 iniuria,
3836 679 3952 746 sed
3995 680 4135 747 sola
4245 681 4306 745 ei
4352 681 4558 763 gratia
4595 700 4749 762 apps-

2875 767 3063 845 rebit,
3128 788 3255 848 qua
3320 768 3386 831 in
3454 767 3631 833 illius
3696 787 3983 831 amorem
4030 764 4242 849 pellici
4288 786 4408 830 nos
4453 766 4749 847 oportebat,

2877 852 3225 918 furibunde
3280 851 3594 930 invideat,
3648 865 3713 916 et
3756 852 4070 934 impetum
4114 851 4326 928 faciat,
4372 852 4595 916 merito
4629 850 4754 934 ipsis

2877 938 3160 1003 ethnicis
3226 939 3419 1004 etiam
3481 938 3679 1003 fuerit
3735 936 4227 1004 abominandus.
4315 936 4409 1002 At
4467 936 4616 1002 Saul
4665 938 4755 1002 hoc

2880 1024 3103 1090 morbo
3172 1022 3525 1089 laboravit.-
3595 1043 3712 1089 nos
3776 1029 4011 1090 contra
4066 1021 4389 1088 discamus
4451 1022 4615 1087 dona
4660 1022 4758 1087 Dei

2880 1109 3245 1192 ubicunque
3302 1110 3714 1194 apparebunt
3771 1129 3992 1175 amare
4049 1119 4116 1173 et
4174 1109 4533 1193 complecti.
4605 1106 4759 1187 Quod

2880 1216 3038 1261 vero
3096 1192 3313 1260 David
3375 1194 3526 1261 aula
3582 1195 3833 1278 pulsus,
3890 1217 3973 1261 ne
4032 1192 4193 1262 Saul
4239 1195 4524 1277 amplius
4560 1194 4762 1260 obiecto

2880 1279 2990 1346 illo
3049 1279 3364 1345 donorum
3427 1281 3552 1346 Dei
3609 1282 3996 1361 afficeretur,
4061 1279 4419 1364 prudenter
4475 1300 4545 1344 se
4584 1280 4762 1363 gessit,

2880 1375 2948 1432 et
2990 1375 3126 1431 tam
3169 1387 3511 1449 prosperos
3546 1388 3764 1431 rerum
3803 1388 4139 1433 successus
4172 1366 4421 1445 habuit,
4470 1375 4541 1429 ut
4574 1385 4765 1448 magus

2879 1452 3090 1536 gratia
3133 1465 3200 1516 et
3242 1452 3591 1518 autoritate
3634 1452 3807 1535 apud
3853 1453 4162 1536 populum
4210 1452 4481 1528 valeret,
4533 1471 4645 1516 nos
4681 1452 4765 1513 do-

2881 1547 2985 1603 cet
3043 1538 3288 1603 intueri
3347 1538 3473 1603 Dei
3517 1537 3993 1621 providentiam
4038 1539 4108 1603 in
4153 1537 4528 1604 evertendis
4568 1537 4767 1618 impro-

2881 1624 3112 1690 borum
3174 1623 3479 1700 consiliis,
3543 1634 3609 1688 et
3666 1635 3927 1708 praeter
3983 1624 4274 1707 ipsorum
4320 1624 4685 1705 opinionem
4719 1623 4772 1685 in

2884 1710 3143 1792 propria
3196 1711 3410 1791 capita
3469 1730 3632 1793 quae
3692 1709 4047 1774 machinati
4106 1710 4364 1774 fuerant
4424 1707 4773 1774 derivandis.

2885 1795 3327 1877 Quamobrem
3366 1796 3636 1860 affectus
3672 1806 3934 1861 nostros
3969 1795 4290 1861 discamus
4312 1795 4410 1859 ita
4434 1814 4778 1876 componere

2883 1881 2952 1946 in
2997 1880 3125 1944 Dei
3168 1881 3570 1963 obsequium,
3627 1902 3710 1946 ne
3754 1879 4071 1946 adversus
4114 1882 4324 1963 ipsum
4370 1883 4777 1963 insurgamus.

2884 1966 3056 2032 Nam
3102 1967 3222 2032 etsi
3268 1967 3603 2031 videamur
3647 1966 3837 2031 initio
3874 1967 4147 2032 feliciter
4180 1968 4403 2031 omnia
4440 1964 4780 2047 suscepisse,

2885 2064 2947 2117 et
2992 2074 3072 2117 ex
3121 2052 3321 2116 animi
3366 2052 3690 2118 sententia
3736 2066 4011 2117 ventura
4053 2053 4272 2118 omnia
4316 2052 4514 2116 nobis
4558 2071 4779 2134 persus-

2885 2137 3169 2218 deamus‚
3223 2147 3470 2202 certum
3530 2148 3747 2202 tamen
3809 2152 3908 2204 est
3967 2137 4179 2202 Deum
4240 2137 4511 2202 tandem
4567 2150 4781 2201 nostros

2885 2236 3157 2288 conatus
3200 2234 3267 2287 et
3310 2224 3580 2288 consilia
3624 2224 3931 2302 risurum,
3977 2236 4044 2288 et
4087 2226 4150 2288 in
4199 2243 4316 2288 nos
4352 2225 4538 2306 ipsos
4572 2234 4635 2287 et
4666 2243 4783 2285 nos-

2887 2320 3061 2374 trum
3134 2308 3405 2373 exitium
3473 2329 3956 2374 conversurum.
4045 2310 4256 2374 'Panto
4315 2309 4526 2391 igitur
4581 2306 4782 2372 maiore

2889 2394 3103 2460 studio
3148 2396 3389 2460 nostris
3434 2394 3774 2462 affectibus
3820 2393 4143 2460 moderari
4181 2395 4552 2461 discamus:
4591 2393 4785 2476 quibus

2887 2480 2945 2546 si
2988 2481 3174 2545 laxas
3219 2480 3507 2546 habenas
3550 2480 4060 2564 permiserimus,
4105 2491 4353 2546 certum
4404 2492 4513 2545 est
4551 2501 4662 2543 nos
4698 2477 4788 2541 sd·

2888 2585 3115 2631 versus
3172 2565 3389 2648 ipsum
3437 2567 3654 2631 Deum
3699 2568 4193 2643 insurrecturos,
4261 2578 4325 2631 et
4368 2563 4789 2631 adversarium

2886 2650 3246 2717 habituros.
3334 2651 3574 2735 Ecquis
3615 2672 3773 2718 vero
3818 2652 4079 2717 futurus
4121 2663 4223 2717 est
4266 2650 4543 2716 exitus?
4596 2650 4788 2715 Deoua

2886 2736 3098 2802 invito
3166 2750 3232 2800 et
3303 2738 3663 2803 reluctante
3722 2757 3861 2802 rem
3917 2736 4378 2804 conficiemus?
4479 2738 4789 2803 Caeterum

2887 2843 3088 2906 quum
3155 2820 3480 2889 Davidem
3539 2821 3834 2889 videmus
3893 2834 4027 2888 tam
4069 2823 4399 2907 prosperis
4449 2844 4640 2888 usum
4681 2840 4791 2885 sue-

2886 2906 3194 2991 ceseibus,
3258 2907 3611 2991 favoreque
3670 2918 3737 2974 et
3792 2909 4005 2993 gratia
4048 2909 4331 2974 multum
4376 2909 4561 2993 apud
4604 2925 4792 2973 omnes

2889 2994 3190 3078 potuisse,
3233 2993 3534 3072 sciamus,
3591 2994 3743 3059 licet
3783 2995 4262 3060 insurrexerint
4302 2994 4661 3061 adversum
4700 3011 4793 3056 nos

2888 3078 3323 3163 potentissimi
3368 3088 3434 3144 et
3478 3080 3910 3146 cruentissimi
3956 3081 4194 3161 hostes,
4247 3101 4287 3145 a
4330 3082 4580 3163 quibus
4620 3076 4793 3142 mults

2887 3166 3061 3229 mala
3103 3165 3467 3240 imminent,
3513 3167 3567 3230 si
3603 3167 3820 3232 Deum
3857 3188 3895 3231 a
3926 3166 4167 3232 nostris
4200 3166 4511 3249 partibus
4546 3176 4792 3231 stantem

2888 3251 3331 3327 habuerimus,
3369 3272 3500 3317 non
3536 3250 3774 3316 habere
3807 3272 4065 3318 causam
4104 3251 4470 3330 metuendi,
4507 3250 4791 3333 siquidem

2887 3358 3113 3403 omues
3155 3338 3443 3421 ipsorum
3489 3348 3761 3402 conatus
3804 3345 4056 3402 evertet
4097 3348 4459 3417 momento,
4523 3336 4795 3417 dabitque

2890 3423 3172 3488 laetitiae
3228 3423 3592 3501 materiam,
3650 3431 3725 3487 ut
3779 3444 3927 3489 cum
3987 3423 4243 3488 Davide
4297 3422 4579 3508 gloriari
4621 3421 4795 3497 liceat,

2892 3508 3076 3573 nobis
3128 3510 3393 3573 unicum
3454 3508 3580 3572 Dei
3635 3508 4030 3592 praesidium
4087 3509 4249 3574 satis
4306 3529 4459 3575 esse
4518 3507 4797 3574 adversus

2892 3593 3173 3659 hostium
3242 3593 3592 3678 myriadas,
3672 3594 3787 3677 qui
3853 3595 4238 3660 videbantur
4302 3614 4432 3661 nos
4498 3604 4797 3660 momento

2891 3679 3283 3762 oppressuri,
3337 3687 3406 3743 et
3459 3700 3539 3744 ex
3601 3700 3873 3762 quorum
3930 3679 4232 3745 manibus
4291 3700 4430 3745 non
4479 3674 4798 3765 apparebat

2891 3765 3066 3829 ullus
3124 3763 3439 3830 evadendi
3498 3766 3748 3846 modus,
3820 3785 3986 3847 quos
4045 3764 4226 3830 Deus
4286 3776 4570 3850 repente
4620 3770 4798 3848 potest

2892 3850 3228 3933 dissipare.
3312 3849 3492 3917 Hinc
3551 3850 3711 3916 illud
3769 3851 3964 3916 Pauli
4006 3873 4042 3916 e
4089 3852 4479 3934 iphonema:
4541 3850 4617 3917 Si
4654 3848 4799 3915 Dus

2882 3955 3004 4018 pro
3063 3935 3239 4000 nobis
3304 3936 3450 4017 quis
3504 3941 3718 4002 cmttra
3771 3938 3937 4003 nos?
4020 3874 4189 4019 (guis
4246 3939 4497 4020 poterit
4553 3930 4795 4002 nocere?

2893 4020 3072 4087 Sane
3130 4020 3457 4086 diabolum
3500 4042 3651 4088 cum
3693 4022 3829 4088 suis
3872 4022 4255 4088 satellitibus
4297 4024 4605 4089 insidiari
4646 4017 4795 4085 nobis

2892 4118 3141 4174 certum
3209 4118 3328 4190 est,
3393 4107 3938 4191 quemadmodum
4003 4129 4089 4173 ex
4157 4109 4277 4175 hac
4341 4110 4498 4193 ipsa
4564 4103 4798 4173 historia

2894 4193 3236 4270 discemus,
3297 4191 3414 4259 sed
3471 4193 3663 4258 irrito
3720 4205 3974 4273 conatu,
4032 4194 4177 4260 Deo
4221 4195 4433 4279 ipsius
4480 4206 4552 4260 et
4593 4188 4797 4285 estellij

2895 4294 3033 4342 tum
3095 4278 3503 4344 disturbante
3547 4290 3611 4343 et
3655 4277 4008 4363 dissipante
4053 4280 4340 4346 consilia.
4436 4280 4663 4362 Quare
4698 4277 4799 4342 Dm

2894 4362 3184 4431 bonitate
3246 4366 3394 4429 freti
3453 4386 3835 4431 maneamus
3891 4366 4332 4450 imperterriti.
4424 4367 4604 4432 Nam
4657 4357 4795 4445 quod

2896 4449 3005 4515 hic
3059 4448 3142 4514 de
3200 4448 3459 4516 Davide
3503 4450 3739 4516 dicitur
3780 4452 4080 4517 omnibus
4122 4449 4251 4517 Dei
4294 4451 4455 4519 filiis
4503 4450 4795 4537 applican-

2896 4532 3052 4600 dum
3113 4547 3230 4619 est,
3290 4556 3419 4600 non
3483 4546 3781 4619 oportere
3826 4537 4133 4602 nimirum
4181 4556 4301 4603 nos
4345 4537 4640 4604 hostium
4678 4552 4795 4598 noe·

2896 4628 3148 4686 trorum
3208 4631 3275 4685 et
3330 4620 3666 4687 hominum
3724 4622 4166 4704 improborum
4227 4623 4453 4701 minis,
4529 4618 4795 4690 consiliis.

2894 4705 3338 4771 molitionibus
3380 4708 3788 4785 commoveri,
3857 4708 4028 4791 quod
4073 4706 4260 4774 Deus
4303 4711 4517 4792 possit
4561 4730 4674 4773 nos
4707 4704 4796 4769 ad·

2895 4812 3126 4859 versus
3170 4791 3287 4856 illa
3331 4801 3506 4858 tutos
3549 4813 3967 4859 conservare:
4023 4793 4584 4877 quemadmodum
4624 4805 4795 4874 neque

2897 4875 3221 4942 Davidem
3280 4897 3566 4961 unquam
3624 4878 4005 4946 derelictum
4048 4879 4252 4947 fuisse
4295 4880 4623 4958 videmus,
4670 4875 4795 4961 quin

2894 4973 3263 5047 opportuno
3323 4973 3614 5047 tempore
3672 4984 3929 5048 semper
3972 4964 4267 5031 divinum
4314 4966 4641 5032 auxilium
4677 4982 4793 5028 sen·

2894 5049 3073 5131 serit,
3115 5051 3236 5115 etsi
3284 5049 3483 5116 variis
3529 5049 3740 5115 modis
3783 5051 4162 5117 exercitum.

3068 5134 3396 5219 Deinceps
3452 5157 3608 5202 vero
3651 5136 3964 5219 sequitur,
4019 5135 4289 5204 Saulem
4332 5138 4589 5205 Davidi
4626 5135 4792 5203 filim

2896 5220 3128 5288 Merob
3194 5222 3511 5288 maiorem
3562 5232 3720 5287 natu
3777 5221 4151 5305 promisisse
4191 5223 4262 5289 in
4305 5224 4789 5291 matrimonium:
