<?xml version="1.0" encoding="UTF-8"?>
<!DOCTYPE html PUBLIC "-//W3C//DTD XHTML 1.0 Transitional//EN"
    "http://www.w3.org/TR/xhtml1/DTD/xhtml1-transitional.dtd">
<html xmlns="http://www.w3.org/1999/xhtml" xml:lang="en" lang="en">
 <head>
  <title>
</title>
<meta http-equiv="Content-Type" content="text/html;charset=utf-8" />
  <meta name='ocr-system' content='tesseract 3.04.00' />
  <meta name='ocr-capabilities' content='ocr_page ocr_carea ocr_par ocr_line ocrx_word'/>
</head>
<body>
  <div class='ocr_page' id='page_1' title='image "./ioanniscalvinio07unkngoog_0829.png"; bbox 0 0 5059 6059; ppageno 0'>
   <div class='ocr_carea' id='block_1_1' title="bbox 285 333 408 400">
    <p class='ocr_par' dir='ltr' id='par_1_1' title="bbox 285 333 408 400">
     <span class='ocr_line' id='line_1_1' title="bbox 285 333 408 400; baseline 0 -1"><span class='ocrx_word' id='word_1_1' title='bbox 285 333 408 400; x_wconf 87' lang='grc'><strong>689</strong></span> 
     </span>
    </p>
   </div>
   <div class='ocr_carea' id='block_1_2' title="bbox 264 521 2229 5325">
    <p class='ocr_par' dir='ltr' id='par_1_2' title="bbox 282 521 2222 864">
     <span class='ocr_line' id='line_1_2' title="bbox 283 521 2220 609; baseline 0 -23"><span class='ocrx_word' id='word_1_2' title='bbox 283 521 347 586; x_wconf 91' lang='lat' dir='ltr'><strong>in</strong></span> <span class='ocrx_word' id='word_1_3' title='bbox 418 540 494 585; x_wconf 89' lang='lat' dir='ltr'><strong>eo</strong></span> <span class='ocrx_word' id='word_1_4' title='bbox 549 521 759 603; x_wconf 90' lang='lat' dir='ltr'><strong>ipsius</strong></span> <span class='ocrx_word' id='word_1_5' title='bbox 836 522 1033 587; x_wconf 89' lang='lat' dir='ltr'><strong>etiam</strong></span> <span class='ocrx_word' id='word_1_6' title='bbox 1093 531 1367 609; x_wconf 86' lang='lat' dir='ltr'><strong>apparet</strong></span> <span class='ocrx_word' id='word_1_7' title='bbox 1425 524 1664 606; x_wconf 87' lang='lat' dir='ltr'><strong>pietas,</strong></span> <span class='ocrx_word' id='word_1_8' title='bbox 1729 523 1843 606; x_wconf 90' lang='lat' dir='ltr'><strong>qui</strong></span> <span class='ocrx_word' id='word_1_9' title='bbox 1888 523 2032 588; x_wconf 87' lang='lat' dir='ltr'><strong>sine</strong></span> <span class='ocrx_word' id='word_1_10' title='bbox 2078 523 2220 589; x_wconf 93' lang='lat' dir='ltr'><strong>Deo</strong></span> 
     </span>
     <span class='ocr_line' id='line_1_3' title="bbox 282 608 2219 692; baseline -0.001 -18"><span class='ocrx_word' id='word_1_11' title='bbox 282 609 646 688; x_wconf 85' lang='lat' dir='ltr'><strong>suscipere,</strong></span> <span class='ocrx_word' id='word_1_12' title='bbox 720 620 839 672; x_wconf 88' lang='lat' dir='ltr'><strong>aut</strong></span> <span class='ocrx_word' id='word_1_13' title='bbox 904 609 1171 692; x_wconf 78' lang='lat' dir='ltr'>aggredi</span> <span class='ocrx_word' id='word_1_14' title='bbox 1244 610 1406 674; x_wconf 90' lang='lat' dir='ltr'><strong>nihil</strong></span> <span class='ocrx_word' id='word_1_15' title='bbox 1484 610 1722 684; x_wconf 88' lang='lat' dir='ltr'><strong>voluit,</strong></span> <span class='ocrx_word' id='word_1_16' title='bbox 1792 610 1857 674; x_wconf 89' lang='lat' dir='ltr'><strong>id</strong></span> <span class='ocrx_word' id='word_1_17' title='bbox 1926 619 2027 674; x_wconf 89' lang='lat' dir='ltr'><strong>est</strong></span> <span class='ocrx_word' id='word_1_18' title='bbox 2093 608 2219 673; x_wconf 91' lang='lat' dir='ltr'><strong>nisi</strong></span> 
     </span>
     <span class='ocr_line' id='line_1_4' title="bbox 283 694 2222 779; baseline 0.003 -24"><span class='ocrx_word' id='word_1_19' title='bbox 283 694 632 775; x_wconf 86' lang='lat' dir='ltr'><strong>impetrata</strong></span> <span class='ocrx_word' id='word_1_20' title='bbox 691 714 730 757; x_wconf 92' lang='lat' dir='ltr'><strong>a</strong></span> <span class='ocrx_word' id='word_1_21' title='bbox 778 694 917 757; x_wconf 88' lang='lat' dir='ltr'><strong>Deo</strong></span> <span class='ocrx_word' id='word_1_22' title='bbox 978 699 1186 761; x_wconf 86' lang='lat' dir='ltr'><strong>venia.</strong></span> <span class='ocrx_word' id='word_1_23' title='bbox 1278 694 1492 779; x_wconf 81' lang='lat' dir='ltr'><strong>Saepe</strong></span> <span class='ocrx_word' id='word_1_24' title='bbox 1545 696 1720 760; x_wconf 87' lang='lat' dir='ltr'><strong>enim</strong></span> <span class='ocrx_word' id='word_1_25' title='bbox 1786 696 1989 760; x_wconf 90' lang='lat' dir='ltr'><strong>multa</strong></span> <span class='ocrx_word' id='word_1_26' title='bbox 2034 694 2222 760; x_wconf 89' lang='lat' dir='ltr'><strong>Deus</strong></span> 
     </span>
     <span class='ocr_line' id='line_1_5' title="bbox 282 778 2220 864; baseline 0.001 -22"><span class='ocrx_word' id='word_1_27' title='bbox 282 778 652 843; x_wconf 88' lang='lat' dir='ltr'><strong>hominibus</strong></span> <span class='ocrx_word' id='word_1_28' title='bbox 711 779 1035 861; x_wconf 88' lang='lat' dir='ltr'><strong>permittit</strong></span> <span class='ocrx_word' id='word_1_29' title='bbox 1094 802 1260 864; x_wconf 88' lang='lat' dir='ltr'><strong>quae</strong></span> <span class='ocrx_word' id='word_1_30' title='bbox 1318 796 1537 845; x_wconf 87' lang='lat' dir='ltr'><strong>tamen</strong></span> <span class='ocrx_word' id='word_1_31' title='bbox 1600 796 1670 845; x_wconf 90' lang='lat' dir='ltr'><strong>ut</strong></span> <span class='ocrx_word' id='word_1_32' title='bbox 1717 780 1891 846; x_wconf 89' lang='lat' dir='ltr'><strong>licita</strong></span> <span class='ocrx_word' id='word_1_33' title='bbox 1938 801 2061 844; x_wconf 91' lang='lat' dir='ltr'><strong>non</strong></span> <span class='ocrx_word' id='word_1_34' title='bbox 2109 801 2220 862; x_wconf 88' lang='lat' dir='ltr'><strong>ap-</strong></span> 
     </span>
    </p>

    <p class='ocr_par' dir='ltr' id='par_1_3' title="bbox 326 862 2226 949">
     <span class='ocr_line' id='line_1_6' title="bbox 326 862 2226 949; baseline 0.001 -21"><span class='ocrx_word' id='word_1_35' title='bbox 326 864 525 939; x_wconf 89' lang='lat' dir='ltr'><strong>robat,</strong></span> <span class='ocrx_word' id='word_1_36' title='bbox 573 862 717 928; x_wconf 88' lang='lat' dir='ltr'><strong>ideo</strong></span> <span class='ocrx_word' id='word_1_37' title='bbox 766 863 985 929; x_wconf 88' lang='lat' dir='ltr'><strong>David</strong></span> <span class='ocrx_word' id='word_1_38' title='bbox 1033 866 1157 931; x_wconf 91' lang='lat' dir='ltr'><strong>Dei</strong></span> <span class='ocrx_word' id='word_1_39' title='bbox 1205 865 1608 932; x_wconf 85' lang='lat' dir='ltr'><strong>voluntatem</strong></span> <span class='ocrx_word' id='word_1_40' title='bbox 1654 868 2037 949; x_wconf 83' lang='lat' dir='ltr'><strong>interrogat,</strong></span> <span class='ocrx_word' id='word_1_41' title='bbox 2085 886 2226 948; x_wconf 92' lang='lat' dir='ltr'><strong>pro-</strong></span> 
     </span>
    </p>

    <p class='ocr_par' dir='ltr' id='par_1_4' title="bbox 264 950 2229 4704">
     <span class='ocr_line' id='line_1_7' title="bbox 363 950 2226 1035; baseline 0.002 -24"><span class='ocrx_word' id='word_1_42' title='bbox 363 965 472 1014; x_wconf 86' lang='lat' dir='ltr'><strong>tne</strong></span> <span class='ocrx_word' id='word_1_43' title='bbox 538 969 609 1013; x_wconf 89' lang='lat' dir='ltr'><strong>se</strong></span> <span class='ocrx_word' id='word_1_44' title='bbox 692 950 914 1015; x_wconf 87' lang='lat' dir='ltr'><strong>hostes</strong></span> <span class='ocrx_word' id='word_1_45' title='bbox 979 951 1306 1034; x_wconf 82' lang='lat' dir='ltr'><strong>fugientes</strong></span> <span class='ocrx_word' id='word_1_46' title='bbox 1373 953 1714 1035; x_wconf 87' lang='lat' dir='ltr'><strong>persequi:</strong></span> <span class='ocrx_word' id='word_1_47' title='bbox 1795 951 2068 1034; x_wconf 90' lang='lat' dir='ltr'><strong>ideoque</strong></span> <span class='ocrx_word' id='word_1_48' title='bbox 2128 972 2226 1015; x_wconf 89' lang='lat' dir='ltr'><strong>re-</strong></span> 
     </span>
     <span class='ocr_line' id='line_1_8' title="bbox 277 1036 2225 1121; baseline -0.001 -20"><span class='ocrx_word' id='word_1_49' title='bbox 277 1054 586 1119; x_wconf 86' lang='lat' dir='ltr'><strong>sponsum</strong></span> <span class='ocrx_word' id='word_1_50' title='bbox 631 1036 866 1118; x_wconf 91' lang='lat' dir='ltr'><strong>accipit</strong></span> <span class='ocrx_word' id='word_1_51' title='bbox 908 1059 946 1100; x_wconf 88' lang='lat' dir='ltr'><strong>a</strong></span> <span class='ocrx_word' id='word_1_52' title='bbox 996 1038 1153 1116; x_wconf 88' lang='lat' dir='ltr'><strong>Deo,</strong></span> <span class='ocrx_word' id='word_1_53' title='bbox 1214 1038 1470 1121; x_wconf 87' lang='lat' dir='ltr'><strong>probari</strong></span> <span class='ocrx_word' id='word_1_54' title='bbox 1517 1053 1587 1102; x_wconf 91' lang='lat' dir='ltr'><strong>ut</strong></span> <span class='ocrx_word' id='word_1_55' title='bbox 1633 1053 2086 1120; x_wconf 83' lang='lat' dir='ltr'><strong>persequatur:</strong></span> <span class='ocrx_word' id='word_1_56' title='bbox 2132 1037 2225 1101; x_wconf 87' lang='lat' dir='ltr'><strong>sic</strong></span> 
     </span>
     <span class='ocr_line' id='line_1_9' title="bbox 280 1121 2221 1205; baseline 0.001 -20"><span class='ocrx_word' id='word_1_57' title='bbox 280 1122 480 1205; x_wconf 89' lang='lat' dir='ltr'><strong>igitur</strong></span> <span class='ocrx_word' id='word_1_58' title='bbox 525 1142 606 1185; x_wconf 89' lang='lat' dir='ltr'><strong>ex</strong></span> <span class='ocrx_word' id='word_1_59' title='bbox 652 1138 837 1203; x_wconf 86' lang='lat' dir='ltr'><strong>parte</strong></span> <span class='ocrx_word' id='word_1_60' title='bbox 878 1142 1073 1204; x_wconf 91' lang='lat' dir='ltr'><strong>quam</strong></span> <span class='ocrx_word' id='word_1_61' title='bbox 1113 1126 1335 1205; x_wconf 82' lang='lat' dir='ltr'><strong>gravis</strong></span> <span class='ocrx_word' id='word_1_62' title='bbox 1381 1127 1652 1188; x_wconf 88' lang='lat' dir='ltr'><strong>tentatio</strong></span> <span class='ocrx_word' id='word_1_63' title='bbox 1698 1126 1892 1188; x_wconf 79' lang='lat' dir='ltr'><strong>fuerit</strong></span> <span class='ocrx_word' id='word_1_64' title='bbox 1935 1121 2221 1187; x_wconf 83' lang='lat' dir='ltr'><strong>animad-</strong></span> 
     </span>
     <span class='ocr_line' id='line_1_10' title="bbox 279 1208 2224 1291; baseline 0 -19"><span class='ocrx_word' id='word_1_65' title='bbox 279 1208 632 1286; x_wconf 87' lang='lat' dir='ltr'><strong>vertimus,</strong></span> <span class='ocrx_word' id='word_1_66' title='bbox 699 1228 898 1289; x_wconf 89' lang='lat' dir='ltr'><strong>quum</strong></span> <span class='ocrx_word' id='word_1_67' title='bbox 959 1213 1175 1274; x_wconf 88' lang='lat' dir='ltr'><strong>omnis</strong></span> <span class='ocrx_word' id='word_1_68' title='bbox 1234 1211 1486 1274; x_wconf 89' lang='lat' dir='ltr'><strong>consilii</strong></span> <span class='ocrx_word' id='word_1_69' title='bbox 1550 1230 1783 1291; x_wconf 77' lang='lat' dir='ltr'><strong>expers</strong></span> <span class='ocrx_word' id='word_1_70' title='bbox 1849 1210 2004 1291; x_wconf 83' lang='lat' dir='ltr'><strong>quid</strong></span> <span class='ocrx_word' id='word_1_71' title='bbox 2055 1215 2224 1274; x_wconf 73' lang='lat' dir='ltr'><strong>facto</strong></span> 
     </span>
     <span class='ocr_line' id='line_1_11' title="bbox 275 1295 2221 1379; baseline 0.001 -22"><span class='ocrx_word' id='word_1_72' title='bbox 275 1312 443 1375; x_wconf 88' lang='lat' dir='ltr'><strong>opus</strong></span> <span class='ocrx_word' id='word_1_73' title='bbox 486 1306 659 1357; x_wconf 90' lang='lat' dir='ltr'><strong>esset</strong></span> <span class='ocrx_word' id='word_1_74' title='bbox 701 1295 1055 1377; x_wconf 87' lang='lat' dir='ltr'><strong>ignoraret,</strong></span> <span class='ocrx_word' id='word_1_75' title='bbox 1100 1295 1212 1360; x_wconf 88' lang='lat' dir='ltr'><strong>sed</strong></span> <span class='ocrx_word' id='word_1_76' title='bbox 1245 1298 1439 1360; x_wconf 86' lang='lat' dir='ltr'><strong>etiam</strong></span> <span class='ocrx_word' id='word_1_77' title='bbox 1472 1297 1677 1378; x_wconf 91' lang='lat' dir='ltr'><strong>ipsius</strong></span> <span class='ocrx_word' id='word_1_78' title='bbox 1713 1295 2030 1379; x_wconf 78' lang='lat' dir='ltr'><strong>modestia</strong></span> <span class='ocrx_word' id='word_1_79' title='bbox 2074 1315 2221 1359; x_wconf 89' lang='lat' dir='ltr'><strong>con·</strong></span> 
     </span>
     <span class='ocr_line' id='line_1_12' title="bbox 276 1379 2228 1464; baseline -0.001 -21"><span class='ocrx_word' id='word_1_80' title='bbox 276 1379 549 1460; x_wconf 86' lang='lat' dir='ltr'><strong>spicitur</strong></span> <span class='ocrx_word' id='word_1_81' title='bbox 593 1398 794 1459; x_wconf 90' lang='lat' dir='ltr'><strong>quum</strong></span> <span class='ocrx_word' id='word_1_82' title='bbox 839 1401 909 1444; x_wconf 90' lang='lat' dir='ltr'><strong>se</strong></span> <span class='ocrx_word' id='word_1_83' title='bbox 950 1382 1085 1445; x_wconf 89' lang='lat' dir='ltr'><strong>Deo</strong></span> <span class='ocrx_word' id='word_1_84' title='bbox 1129 1393 1335 1446; x_wconf 89' lang='lat' dir='ltr'><strong>totum</strong></span> <span class='ocrx_word' id='word_1_85' title='bbox 1375 1383 1712 1464; x_wconf 87' lang='lat' dir='ltr'><strong>permittit,</strong></span> <span class='ocrx_word' id='word_1_86' title='bbox 1755 1394 1822 1447; x_wconf 88' lang='lat' dir='ltr'><strong>et</strong></span> <span class='ocrx_word' id='word_1_87' title='bbox 1863 1384 1959 1445; x_wconf 90' lang='lat' dir='ltr'><strong>ita</strong></span> <span class='ocrx_word' id='word_1_88' title='bbox 1987 1379 2228 1461; x_wconf 85' lang='lat' dir='ltr'><strong>pendet</strong></span> 
     </span>
     <span class='ocr_line' id='line_1_13' title="bbox 277 1464 2224 1550; baseline 0.001 -23"><span class='ocrx_word' id='word_1_89' title='bbox 277 1464 361 1527; x_wconf 91' lang='lat' dir='ltr'><strong>ab</strong></span> <span class='ocrx_word' id='word_1_90' title='bbox 418 1465 623 1546; x_wconf 87' lang='lat' dir='ltr'><strong>ipsius</strong></span> <span class='ocrx_word' id='word_1_91' title='bbox 684 1466 1010 1539; x_wconf 76' lang='lat' dir='ltr'><strong>mandam,</strong></span> <span class='ocrx_word' id='word_1_92' title='bbox 1070 1480 1143 1531; x_wconf 89' lang='lat' dir='ltr'><strong>ut</strong></span> <span class='ocrx_word' id='word_1_93' title='bbox 1187 1489 1269 1530; x_wconf 93' lang='lat' dir='ltr'><strong>ne</strong></span> <span class='ocrx_word' id='word_1_94' title='bbox 1313 1469 1542 1550; x_wconf 80' lang='lat' dir='ltr'><strong>pedem</strong></span> <span class='ocrx_word' id='word_1_95' title='bbox 1589 1467 1848 1548; x_wconf 87' lang='lat' dir='ltr'><strong>quidem</strong></span> <span class='ocrx_word' id='word_1_96' title='bbox 1896 1469 2037 1531; x_wconf 92' lang='lat' dir='ltr'><strong>sine</strong></span> <span class='ocrx_word' id='word_1_97' title='bbox 2082 1467 2224 1547; x_wconf 90' lang='lat' dir='ltr'><strong>ipso</strong></span> 
     </span>
     <span class='ocr_line' id='line_1_14' title="bbox 274 1551 2223 1633; baseline 0.001 -20"><span class='ocrx_word' id='word_1_98' title='bbox 274 1570 661 1632; x_wconf 88' lang='lat' dir='ltr'><strong>promovere</strong></span> <span class='ocrx_word' id='word_1_99' title='bbox 708 1552 887 1616; x_wconf 90' lang='lat' dir='ltr'><strong>velit.</strong></span> <span class='ocrx_word' id='word_1_100' title='bbox 938 1552 1167 1617; x_wconf 78' lang='lat' dir='ltr'>Virtus</span> <span class='ocrx_word' id='word_1_101' title='bbox 1213 1573 1370 1617; x_wconf 89' lang='lat' dir='ltr'><strong>sane</strong></span> <span class='ocrx_word' id='word_1_102' title='bbox 1414 1552 1601 1617; x_wconf 88' lang='lat' dir='ltr'><strong>valdo</strong></span> <span class='ocrx_word' id='word_1_103' title='bbox 1640 1551 2000 1631; x_wconf 86' lang='lat' dir='ltr'><strong>laudabilis,</strong></span> <span class='ocrx_word' id='word_1_104' title='bbox 2043 1572 2223 1633; x_wconf 87' lang='lat' dir='ltr'><strong>prae·</strong></span> 
     </span>
     <span class='ocr_line' id='line_1_15' title="bbox 273 1635 2224 1721; baseline -0.001 -20"><span class='ocrx_word' id='word_1_105' title='bbox 273 1638 503 1701; x_wconf 85' lang='lat' dir='ltr'><strong>sertim</strong></span> <span class='ocrx_word' id='word_1_106' title='bbox 552 1639 615 1698; x_wconf 89' lang='lat' dir='ltr'><strong>in</strong></span> <span class='ocrx_word' id='word_1_107' title='bbox 665 1650 852 1700; x_wconf 88' lang='lat' dir='ltr'><strong>tanta</strong></span> <span class='ocrx_word' id='word_1_108' title='bbox 900 1659 1116 1702; x_wconf 89' lang='lat' dir='ltr'><strong>rerum</strong></span> <span class='ocrx_word' id='word_1_109' title='bbox 1164 1639 1569 1702; x_wconf 82' lang='lat' dir='ltr'><strong>difficultate.</strong></span> <span class='ocrx_word' id='word_1_110' title='bbox 1615 1637 1848 1721; x_wconf 88' lang='lat' dir='ltr'><strong>Neque</strong></span> <span class='ocrx_word' id='word_1_111' title='bbox 1892 1640 2063 1701; x_wconf 90' lang='lat' dir='ltr'><strong>enim</strong></span> <span class='ocrx_word' id='word_1_112' title='bbox 2109 1635 2224 1700; x_wconf 89' lang='lat' dir='ltr'><strong>abs</strong></span> 
     </span>
     <span class='ocr_line' id='line_1_16' title="bbox 273 1721 2224 1807; baseline 0 -22"><span class='ocrx_word' id='word_1_113' title='bbox 273 1742 350 1786; x_wconf 90' lang='lat' dir='ltr'><strong>re</strong></span> <span class='ocrx_word' id='word_1_114' title='bbox 398 1721 495 1785; x_wconf 89' lang='lat' dir='ltr'><strong>bis</strong></span> <span class='ocrx_word' id='word_1_115' title='bbox 534 1722 605 1784; x_wconf 90' lang='lat' dir='ltr'><strong>in</strong></span> <span class='ocrx_word' id='word_1_116' title='bbox 652 1734 834 1785; x_wconf 88' lang='lat' dir='ltr'><strong>textu</strong></span> <span class='ocrx_word' id='word_1_117' title='bbox 884 1726 1198 1806; x_wconf 87' lang='lat' dir='ltr'><strong>repetitur</strong></span> <span class='ocrx_word' id='word_1_118' title='bbox 1232 1739 1490 1807; x_wconf 89' lang='lat' dir='ltr'><strong>ereptas</strong></span> <span class='ocrx_word' id='word_1_119' title='bbox 1515 1723 1756 1788; x_wconf 87' lang='lat' dir='ltr'><strong>Davidi</strong></span> <span class='ocrx_word' id='word_1_120' title='bbox 1783 1723 1947 1788; x_wconf 90' lang='lat' dir='ltr'><strong>duas</strong></span> <span class='ocrx_word' id='word_1_121' title='bbox 1986 1742 2224 1787; x_wconf 86' lang='lat' dir='ltr'><strong>uxores</strong></span> 
     </span>
     <span class='ocr_line' id='line_1_17' title="bbox 273 1806 2227 1893; baseline -0.001 -21"><span class='ocrx_word' id='word_1_122' title='bbox 273 1806 645 1872; x_wconf 83' lang='lat' dir='ltr'><strong>Achinoam</strong></span> <span class='ocrx_word' id='word_1_123' title='bbox 694 1807 1146 1873; x_wconf 79' lang='lat' dir='ltr'><strong>Iezrahelitem</strong></span> <span class='ocrx_word' id='word_1_124' title='bbox 1223 1821 1290 1873; x_wconf 92' lang='lat' dir='ltr'><strong>et</strong></span> <span class='ocrx_word' id='word_1_125' title='bbox 1337 1808 1735 1893; x_wconf 81' lang='lat' dir='ltr'><strong>Abigailem,</strong></span> <span class='ocrx_word' id='word_1_126' title='bbox 1812 1829 1979 1891; x_wconf 81' lang='lat' dir='ltr'><strong>qnae</strong></span> <span class='ocrx_word' id='word_1_127' title='bbox 2059 1827 2227 1872; x_wconf 85' lang='lat' dir='ltr'><strong>uxor</strong></span> 
     </span>
     <span class='ocr_line' id='line_1_18' title="bbox 271 1892 2221 1973; baseline 0.001 -17"><span class='ocrx_word' id='word_1_128' title='bbox 271 1893 492 1956; x_wconf 83' lang='lat' dir='ltr'><strong>fuerat</strong></span> <span class='ocrx_word' id='word_1_129' title='bbox 535 1892 805 1959; x_wconf 87' lang='lat' dir='ltr'><strong>Nabalis</strong></span> <span class='ocrx_word' id='word_1_130' title='bbox 846 1896 1259 1971; x_wconf 84' lang='lat' dir='ltr'><strong>Carmelitae,</strong></span> <span class='ocrx_word' id='word_1_131' title='bbox 1321 1910 1385 1959; x_wconf 89' lang='lat' dir='ltr'><strong>et</strong></span> <span class='ocrx_word' id='word_1_132' title='bbox 1446 1916 1673 1967; x_wconf 83' lang='lat' dir='ltr'><strong>omnes</strong></span> <span class='ocrx_word' id='word_1_133' title='bbox 1719 1898 2029 1973; x_wconf 78' lang='lat' dir='ltr'><strong>fortunas,</strong></span> <span class='ocrx_word' id='word_1_134' title='bbox 2090 1907 2221 1957; x_wconf 85' lang='lat' dir='ltr'><strong>tam</strong></span> 
     </span>
     <span class='ocr_line' id='line_1_19' title="bbox 270 1981 2225 2063; baseline -0.001 -19"><span class='ocrx_word' id='word_1_135' title='bbox 270 1998 430 2044; x_wconf 89' lang='lat' dir='ltr'><strong>suas</strong></span> <span class='ocrx_word' id='word_1_136' title='bbox 474 1999 669 2060; x_wconf 89' lang='lat' dir='ltr'><strong>quam</strong></span> <span class='ocrx_word' id='word_1_137' title='bbox 717 1981 1038 2045; x_wconf 89' lang='lat' dir='ltr'><strong>sociorum</strong></span> <span class='ocrx_word' id='word_1_138' title='bbox 1085 1982 1166 2044; x_wconf 86' lang='lat' dir='ltr'><strong>ab</strong></span> <span class='ocrx_word' id='word_1_139' title='bbox 1216 1982 1508 2046; x_wconf 87' lang='lat' dir='ltr'><strong>hostibus</strong></span> <span class='ocrx_word' id='word_1_140' title='bbox 1554 1994 1933 2063; x_wconf 86' lang='lat' dir='ltr'><strong>asportatas,</strong></span> <span class='ocrx_word' id='word_1_141' title='bbox 1981 1993 2051 2043; x_wconf 90' lang='lat' dir='ltr'><strong>ut</strong></span> <span class='ocrx_word' id='word_1_142' title='bbox 2097 1999 2225 2061; x_wconf 91' lang='lat' dir='ltr'><strong>quo</strong></span> 
     </span>
     <span class='ocr_line' id='line_1_20' title="bbox 270 2063 2221 2148; baseline 0.001 -20"><span class='ocrx_word' id='word_1_143' title='bbox 270 2065 485 2128; x_wconf 90' lang='lat' dir='ltr'><strong>maior</strong></span> <span class='ocrx_word' id='word_1_144' title='bbox 541 2063 665 2127; x_wconf 88' lang='lat' dir='ltr'><strong>fuit</strong></span> <span class='ocrx_word' id='word_1_145' title='bbox 713 2063 986 2130; x_wconf 90' lang='lat' dir='ltr'><strong>Davidis</strong></span> <span class='ocrx_word' id='word_1_146' title='bbox 1053 2068 1366 2142; x_wconf 72' lang='lat' dir='ltr'><strong>anxietas,</strong></span> <span class='ocrx_word' id='word_1_147' title='bbox 1437 2080 1503 2130; x_wconf 89' lang='lat' dir='ltr'><strong>et</strong></span> <span class='ocrx_word' id='word_1_148' title='bbox 1557 2066 1812 2131; x_wconf 88' lang='lat' dir='ltr'><strong>consilii</strong></span> <span class='ocrx_word' id='word_1_149' title='bbox 1875 2066 2097 2148; x_wconf 89' lang='lat' dir='ltr'><strong>inopia</strong></span> <span class='ocrx_word' id='word_1_150' title='bbox 2156 2069 2221 2129; x_wconf 90' lang='lat' dir='ltr'><strong>in</strong></span> 
     </span>
     <span class='ocr_line' id='line_1_21' title="bbox 271 2149 2226 2234; baseline 0.002 -23"><span class='ocrx_word' id='word_1_151' title='bbox 271 2164 462 2213; x_wconf 86' lang='lat' dir='ltr'><strong>tanta</strong></span> <span class='ocrx_word' id='word_1_152' title='bbox 498 2149 899 2230; x_wconf 79' lang='lat' dir='ltr'><strong>difficultate,</strong></span> <span class='ocrx_word' id='word_1_153' title='bbox 943 2172 1020 2215; x_wconf 91' lang='lat' dir='ltr'><strong>eo</strong></span> <span class='ocrx_word' id='word_1_154' title='bbox 1064 2154 1149 2217; x_wconf 91' lang='lat' dir='ltr'><strong>sit</strong></span> <span class='ocrx_word' id='word_1_155' title='bbox 1183 2153 1587 2234; x_wconf 87' lang='lat' dir='ltr'><strong>conspectior</strong></span> <span class='ocrx_word' id='word_1_156' title='bbox 1632 2165 1700 2216; x_wconf 88' lang='lat' dir='ltr'><strong>et</strong></span> <span class='ocrx_word' id='word_1_157' title='bbox 1735 2153 2049 2216; x_wconf 76' lang='lat' dir='ltr'>illustrior</span> <span class='ocrx_word' id='word_1_158' title='bbox 2084 2151 2226 2215; x_wconf 90' lang='lat' dir='ltr'><strong>eius</strong></span> 
     </span>
     <span class='ocr_line' id='line_1_22' title="bbox 270 2236 2226 2320; baseline 0 -21"><span class='ocrx_word' id='word_1_159' title='bbox 270 2236 509 2311; x_wconf 81' lang='lat' dir='ltr'><strong>virtus,</strong></span> <span class='ocrx_word' id='word_1_160' title='bbox 573 2257 771 2315; x_wconf 87' lang='lat' dir='ltr'><strong>quum</strong></span> <span class='ocrx_word' id='word_1_161' title='bbox 831 2257 901 2301; x_wconf 90' lang='lat' dir='ltr'><strong>se</strong></span> <span class='ocrx_word' id='word_1_162' title='bbox 960 2238 1028 2302; x_wconf 92' lang='lat' dir='ltr'><strong>in</strong></span> <span class='ocrx_word' id='word_1_163' title='bbox 1075 2236 1201 2302; x_wconf 91' lang='lat' dir='ltr'><strong>Dei</strong></span> <span class='ocrx_word' id='word_1_164' title='bbox 1244 2237 1612 2302; x_wconf 87' lang='lat' dir='ltr'><strong>obedientia</strong></span> <span class='ocrx_word' id='word_1_165' title='bbox 1655 2239 1980 2320; x_wconf 79' lang='lat' dir='ltr'><strong>patienter</strong></span> <span class='ocrx_word' id='word_1_166' title='bbox 2022 2238 2226 2300; x_wconf 89' lang='lat' dir='ltr'><strong>conti·</strong></span> 
     </span>
     <span class='ocr_line' id='line_1_23' title="bbox 269 2323 2224 2406; baseline 0.001 -22"><span class='ocrx_word' id='word_1_167' title='bbox 269 2324 440 2395; x_wconf 89' lang='lat' dir='ltr'><strong>nuit,</strong></span> <span class='ocrx_word' id='word_1_168' title='bbox 488 2333 555 2384; x_wconf 89' lang='lat' dir='ltr'><strong>et</strong></span> <span class='ocrx_word' id='word_1_169' title='bbox 590 2323 732 2385; x_wconf 88' lang='lat' dir='ltr'><strong>sine</strong></span> <span class='ocrx_word' id='word_1_170' title='bbox 771 2324 974 2405; x_wconf 88' lang='lat' dir='ltr'><strong>ipsius</strong></span> <span class='ocrx_word' id='word_1_171' title='bbox 1012 2324 1189 2388; x_wconf 89' lang='lat' dir='ltr'><strong>iussu</strong></span> <span class='ocrx_word' id='word_1_172' title='bbox 1229 2325 1456 2406; x_wconf 89' lang='lat' dir='ltr'><strong>pedem</strong></span> <span class='ocrx_word' id='word_1_173' title='bbox 1496 2345 1627 2388; x_wconf 93' lang='lat' dir='ltr'><strong>non</strong></span> <span class='ocrx_word' id='word_1_174' title='bbox 1670 2326 2011 2406; x_wconf 88' lang='lat' dir='ltr'><strong>promovit,</strong></span> <span class='ocrx_word' id='word_1_175' title='bbox 2057 2343 2224 2404; x_wconf 89' lang='lat' dir='ltr'><strong>quae</strong></span> 
     </span>
     <span class='ocr_line' id='line_1_24' title="bbox 267 2406 2222 2493; baseline 0.001 -22"><span class='ocrx_word' id='word_1_176' title='bbox 267 2427 435 2471; x_wconf 83' lang='lat' dir='ltr'><strong>sane</strong></span> <span class='ocrx_word' id='word_1_177' title='bbox 481 2406 604 2469; x_wconf 85' lang='lat' dir='ltr'><strong>fuit</strong></span> <span class='ocrx_word' id='word_1_178' title='bbox 647 2407 1035 2473; x_wconf 87' lang='lat' dir='ltr'><strong>admiranda</strong></span> <span class='ocrx_word' id='word_1_179' title='bbox 1082 2411 1203 2473; x_wconf 92' lang='lat' dir='ltr'><strong>Dei</strong></span> <span class='ocrx_word' id='word_1_180' title='bbox 1250 2412 1479 2493; x_wconf 85' lang='lat' dir='ltr'><strong>gratia.</strong></span> <span class='ocrx_word' id='word_1_181' title='bbox 1531 2409 1667 2475; x_wconf 86' lang='lat' dir='ltr'><strong>Nos</strong></span> <span class='ocrx_word' id='word_1_182' title='bbox 1696 2406 1898 2492; x_wconf 90' lang='lat' dir='ltr'><strong>igitur</strong></span> <span class='ocrx_word' id='word_1_183' title='bbox 1945 2409 2065 2473; x_wconf 89' lang='lat' dir='ltr'><strong>hoc</strong></span> <span class='ocrx_word' id='word_1_184' title='bbox 2110 2430 2222 2472; x_wconf 83' lang='lat' dir='ltr'><strong>ex·</strong></span> 
     </span>
     <span class='ocr_line' id='line_1_25' title="bbox 266 2489 2224 2578; baseline 0.001 -22"><span class='ocrx_word' id='word_1_185' title='bbox 266 2492 491 2574; x_wconf 85' lang='lat' dir='ltr'><strong>emplo</strong></span> <span class='ocrx_word' id='word_1_186' title='bbox 537 2489 864 2559; x_wconf 87' lang='lat' dir='ltr'><strong>discamus</strong></span> <span class='ocrx_word' id='word_1_187' title='bbox 914 2517 1030 2558; x_wconf 90' lang='lat' dir='ltr'><strong>nos</strong></span> <span class='ocrx_word' id='word_1_188' title='bbox 1068 2496 1257 2561; x_wconf 91' lang='lat' dir='ltr'><strong>malis</strong></span> <span class='ocrx_word' id='word_1_189' title='bbox 1289 2497 1674 2578; x_wconf 83' lang='lat' dir='ltr'><strong>urgentibus</strong></span> <span class='ocrx_word' id='word_1_190' title='bbox 1711 2508 1777 2559; x_wconf 92' lang='lat' dir='ltr'><strong>et</strong></span> <span class='ocrx_word' id='word_1_191' title='bbox 1813 2494 2224 2577; x_wconf 88' lang='lat' dir='ltr'><strong>passionibus</strong></span> 
     </span>
     <span class='ocr_line' id='line_1_26' title="bbox 268 2578 2221 2663; baseline 0.001 -22"><span class='ocrx_word' id='word_1_192' title='bbox 268 2593 347 2642; x_wconf 85' lang='lat' dir='ltr'><strong>et</strong></span> <span class='ocrx_word' id='word_1_193' title='bbox 373 2578 712 2643; x_wconf 80' lang='lat' dir='ltr'><strong>affectibus</strong></span> <span class='ocrx_word' id='word_1_194' title='bbox 746 2579 829 2642; x_wconf 90' lang='lat' dir='ltr'><strong>ad</strong></span> <span class='ocrx_word' id='word_1_195' title='bbox 855 2580 1329 2663; x_wconf 78' lang='lat' dir='ltr'><strong>impatientiam</strong></span> <span class='ocrx_word' id='word_1_196' title='bbox 1361 2581 1859 2645; x_wconf 77' lang='lat' dir='ltr'><strong>sollicitantibus</strong></span> <span class='ocrx_word' id='word_1_197' title='bbox 1904 2579 1984 2644; x_wconf 92' lang='lat' dir='ltr'><strong>ad</strong></span> <span class='ocrx_word' id='word_1_198' title='bbox 2001 2578 2221 2644; x_wconf 90' lang='lat' dir='ltr'><strong>Deum</strong></span> 
     </span>
     <span class='ocr_line' id='line_1_27' title="bbox 267 2667 2222 2749; baseline 0 -21"><span class='ocrx_word' id='word_1_199' title='bbox 267 2684 656 2746; x_wconf 76' lang='lat' dir='ltr'><strong>assurgere,</strong></span> <span class='ocrx_word' id='word_1_200' title='bbox 723 2680 789 2728; x_wconf 88' lang='lat' dir='ltr'><strong>et</strong></span> <span class='ocrx_word' id='word_1_201' title='bbox 855 2686 939 2730; x_wconf 88' lang='lat' dir='ltr'><strong>ne</strong></span> <span class='ocrx_word' id='word_1_202' title='bbox 1008 2668 1233 2748; x_wconf 88' lang='lat' dir='ltr'><strong>pedem</strong></span> <span class='ocrx_word' id='word_1_203' title='bbox 1280 2667 1544 2749; x_wconf 89' lang='lat' dir='ltr'><strong>quidem</strong></span> <span class='ocrx_word' id='word_1_204' title='bbox 1606 2670 1745 2731; x_wconf 90' lang='lat' dir='ltr'><strong>sine</strong></span> <span class='ocrx_word' id='word_1_205' title='bbox 1794 2668 1999 2749; x_wconf 89' lang='lat' dir='ltr'><strong>ipsius</strong></span> <span class='ocrx_word' id='word_1_206' title='bbox 2043 2667 2222 2729; x_wconf 90' lang='lat' dir='ltr'><strong>iussu</strong></span> 
     </span>
     <span class='ocr_line' id='line_1_28' title="bbox 268 2751 2225 2822; baseline 0.002 -9"><span class='ocrx_word' id='word_1_207' title='bbox 268 2769 559 2822; x_wconf 86' lang='lat' dir='ltr'><strong>movere.</strong></span> <span class='ocrx_word' id='word_1_208' title='bbox 620 2764 686 2814; x_wconf 88' lang='lat' dir='ltr'><strong>et</strong></span> <span class='ocrx_word' id='word_1_209' title='bbox 729 2752 796 2813; x_wconf 90' lang='lat' dir='ltr'><strong>in</strong></span> <span class='ocrx_word' id='word_1_210' title='bbox 848 2753 1149 2817; x_wconf 89' lang='lat' dir='ltr'><strong>maximis</strong></span> <span class='ocrx_word' id='word_1_211' title='bbox 1196 2751 1656 2817; x_wconf 70' lang='lat' dir='ltr'><strong>afflictionibus</strong></span> <span class='ocrx_word' id='word_1_212' title='bbox 1702 2753 1825 2818; x_wconf 90' lang='lat' dir='ltr'><strong>hoc</strong></span> <span class='ocrx_word' id='word_1_213' title='bbox 1872 2772 2076 2816; x_wconf 91' lang='lat' dir='ltr'><strong>unum</strong></span> <span class='ocrx_word' id='word_1_214' title='bbox 2124 2772 2225 2816; x_wconf 88' lang='lat' dir='ltr'><strong>re·</strong></span> 
     </span>
     <span class='ocr_line' id='line_1_29' title="bbox 266 2833 2229 2920; baseline 0.001 -21"><span class='ocrx_word' id='word_1_215' title='bbox 266 2833 562 2899; x_wconf 86' lang='lat' dir='ltr'><strong>medium</strong></span> <span class='ocrx_word' id='word_1_216' title='bbox 608 2856 950 2918; x_wconf 91' lang='lat' dir='ltr'><strong>quaerere,</strong></span> <span class='ocrx_word' id='word_1_217' title='bbox 1013 2851 1083 2901; x_wconf 90' lang='lat' dir='ltr'><strong>ut</strong></span> <span class='ocrx_word' id='word_1_218' title='bbox 1137 2853 1621 2903; x_wconf 86' lang='lat' dir='ltr'><strong>sacrosanctum</strong></span> <span class='ocrx_word' id='word_1_219' title='bbox 1665 2861 1737 2903; x_wconf 87' lang='lat' dir='ltr'><strong>os</strong></span> <span class='ocrx_word' id='word_1_220' title='bbox 1782 2839 1986 2920; x_wconf 88' lang='lat' dir='ltr'><strong>ipsius</strong></span> <span class='ocrx_word' id='word_1_221' title='bbox 2031 2839 2229 2902; x_wconf 89' lang='lat' dir='ltr'><strong>inter-</strong></span> 
     </span>
     <span class='ocr_line' id='line_1_30' title="bbox 266 2921 2222 3005; baseline 0.002 -21"><span class='ocrx_word' id='word_1_222' title='bbox 266 2940 599 2999; x_wconf 69' lang='lat' dir='ltr'><strong>rogemus.</strong></span> <span class='ocrx_word' id='word_1_223' title='bbox 679 2921 990 2987; x_wconf 82' lang='lat' dir='ltr'><strong>Diximus</strong></span> <span class='ocrx_word' id='word_1_224' title='bbox 1027 2939 1243 2988; x_wconf 90' lang='lat' dir='ltr'><strong>antem</strong></span> <span class='ocrx_word' id='word_1_225' title='bbox 1293 2947 1421 2989; x_wconf 90' lang='lat' dir='ltr'><strong>non</strong></span> <span class='ocrx_word' id='word_1_226' title='bbox 1467 2925 1745 3005; x_wconf 90' lang='lat' dir='ltr'><strong>amplius</strong></span> <span class='ocrx_word' id='word_1_227' title='bbox 1790 2922 2222 2988; x_wconf 81' lang='lat' dir='ltr'><strong>adhibendam</strong></span> 
     </span>
     <span class='ocr_line' id='line_1_31' title="bbox 268 3006 2221 3075; baseline 0.001 -4"><span class='ocrx_word' id='word_1_228' title='bbox 268 3006 472 3071; x_wconf 86' lang='lat' dir='ltr'><strong>hodie</strong></span> <span class='ocrx_word' id='word_1_229' title='bbox 557 3011 1032 3073; x_wconf 74' lang='lat' dir='ltr'><strong>caeremoniam</strong></span> <span class='ocrx_word' id='word_1_230' title='bbox 1114 3010 1296 3074; x_wconf 89' lang='lat' dir='ltr'><strong>illam</strong></span> <span class='ocrx_word' id='word_1_231' title='bbox 1375 3010 1749 3075; x_wconf 88' lang='lat' dir='ltr'><strong>assumendi</strong></span> <span class='ocrx_word' id='word_1_232' title='bbox 1819 3009 2221 3074; x_wconf 80' lang='lat' dir='ltr'><strong>materialem</strong></span> 
     </span>
     <span class='ocr_line' id='line_1_32' title="bbox 266 3093 2228 3179; baseline 0.001 -22"><span class='ocrx_word' id='word_1_233' title='bbox 266 3093 513 3175; x_wconf 81' lang='lat' dir='ltr'><strong>ephod,</strong></span> <span class='ocrx_word' id='word_1_234' title='bbox 557 3094 727 3176; x_wconf 92' lang='lat' dir='ltr'><strong>quod</strong></span> <span class='ocrx_word' id='word_1_235' title='bbox 775 3096 903 3158; x_wconf 88' lang='lat' dir='ltr'><strong>iam</strong></span> <span class='ocrx_word' id='word_1_236' title='bbox 950 3100 1037 3158; x_wconf 88' lang='lat' dir='ltr'><strong>sit</strong></span> <span class='ocrx_word' id='word_1_237' title='bbox 1080 3095 1336 3167; x_wconf 82' lang='lat' dir='ltr'><strong>abolita.</strong></span> <span class='ocrx_word' id='word_1_238' title='bbox 1385 3117 1592 3179; x_wconf 90' lang='lat' dir='ltr'><strong>quum</strong></span> <span class='ocrx_word' id='word_1_239' title='bbox 1639 3095 1993 3160; x_wconf 87' lang='lat' dir='ltr'><strong>babeamus</strong></span> <span class='ocrx_word' id='word_1_240' title='bbox 2029 3116 2228 3160; x_wconf 90' lang='lat' dir='ltr'><strong>evan·</strong></span> 
     </span>
     <span class='ocr_line' id='line_1_33' title="bbox 268 3180 2221 3262; baseline 0.001 -21"><span class='ocrx_word' id='word_1_241' title='bbox 268 3180 520 3262; x_wconf 84' lang='lat' dir='ltr'><strong>gelium</strong></span> <span class='ocrx_word' id='word_1_242' title='bbox 588 3181 756 3261; x_wconf 86' lang='lat' dir='ltr'><strong>quod</strong></span> <span class='ocrx_word' id='word_1_243' title='bbox 804 3180 997 3244; x_wconf 90' lang='lat' dir='ltr'><strong>debet</strong></span> <span class='ocrx_word' id='word_1_244' title='bbox 1061 3181 1393 3246; x_wconf 80' lang='lat' dir='ltr'><strong>sufficere:</strong></span> <span class='ocrx_word' id='word_1_245' title='bbox 1463 3181 1574 3246; x_wconf 89' lang='lat' dir='ltr'><strong>sed</strong></span> <span class='ocrx_word' id='word_1_246' title='bbox 1639 3195 1893 3262; x_wconf 89' lang='lat' dir='ltr'><strong>praeter</strong></span> <span class='ocrx_word' id='word_1_247' title='bbox 1959 3181 2221 3245; x_wconf 88' lang='lat' dir='ltr'><strong>univer-</strong></span> 
     </span>
     <span class='ocr_line' id='line_1_34' title="bbox 267 3265 2224 3349; baseline 0.001 -20"><span class='ocrx_word' id='word_1_248' title='bbox 267 3265 480 3330; x_wconf 79' lang='lat' dir='ltr'><strong>salem</strong></span> <span class='ocrx_word' id='word_1_249' title='bbox 550 3267 728 3328; x_wconf 87' lang='lat' dir='ltr'><strong>illam</strong></span> <span class='ocrx_word' id='word_1_250' title='bbox 809 3267 1100 3349; x_wconf 87' lang='lat' dir='ltr'><strong>regulam</strong></span> <span class='ocrx_word' id='word_1_251' title='bbox 1184 3288 1380 3349; x_wconf 90' lang='lat' dir='ltr'><strong>quam</strong></span> <span class='ocrx_word' id='word_1_252' title='bbox 1465 3268 1649 3332; x_wconf 88' lang='lat' dir='ltr'><strong>nobis</strong></span> <span class='ocrx_word' id='word_1_253' title='bbox 1729 3269 1794 3332; x_wconf 88' lang='lat' dir='ltr'><strong>in</strong></span> <span class='ocrx_word' id='word_1_254' title='bbox 1884 3267 2224 3349; x_wconf 89' lang='lat' dir='ltr'><strong>evangelio</strong></span> 
     </span>
     <span class='ocr_line' id='line_1_35' title="bbox 268 3350 2224 3434; baseline 0.001 -18"><span class='ocrx_word' id='word_1_255' title='bbox 268 3350 586 3416; x_wconf 86' lang='lat' dir='ltr'><strong>Obristus</strong></span> <span class='ocrx_word' id='word_1_256' title='bbox 631 3351 839 3425; x_wconf 89' lang='lat' dir='ltr'><strong>dedit,</strong></span> <span class='ocrx_word' id='word_1_257' title='bbox 903 3353 1173 3417; x_wconf 89' lang='lat' dir='ltr'><strong>minime</strong></span> <span class='ocrx_word' id='word_1_258' title='bbox 1217 3354 1646 3417; x_wconf 82' lang='lat' dir='ltr'><strong>dubitandum</strong></span> <span class='ocrx_word' id='word_1_259' title='bbox 1695 3366 1794 3417; x_wconf 88' lang='lat' dir='ltr'><strong>est</strong></span> <span class='ocrx_word' id='word_1_260' title='bbox 1838 3353 1993 3434; x_wconf 92' lang='lat' dir='ltr'><strong>quin</strong></span> <span class='ocrx_word' id='word_1_261' title='bbox 2041 3351 2224 3417; x_wconf 88' lang='lat' dir='ltr'><strong>Deus</strong></span> 
     </span>
     <span class='ocr_line' id='line_1_36' title="bbox 264 3438 2222 3521; baseline 0 -20"><span class='ocrx_word' id='word_1_262' title='bbox 264 3439 619 3501; x_wconf 86' lang='lat' dir='ltr'><strong>invocatus</strong></span> <span class='ocrx_word' id='word_1_263' title='bbox 674 3458 713 3500; x_wconf 90' lang='lat' dir='ltr'><strong>a</strong></span> <span class='ocrx_word' id='word_1_264' title='bbox 772 3438 958 3502; x_wconf 88' lang='lat' dir='ltr'><strong>nobis</strong></span> <span class='ocrx_word' id='word_1_265' title='bbox 1002 3438 1282 3521; x_wconf 89' lang='lat' dir='ltr'><strong>singulis</strong></span> <span class='ocrx_word' id='word_1_266' title='bbox 1343 3440 1695 3503; x_wconf 87' lang='lat' dir='ltr'><strong>momentis</strong></span> <span class='ocrx_word' id='word_1_267' title='bbox 1754 3453 2003 3503; x_wconf 88' lang='lat' dir='ltr'><strong>rectum</strong></span> <span class='ocrx_word' id='word_1_268' title='bbox 2067 3459 2222 3504; x_wconf 89' lang='lat' dir='ltr'><strong>con·</strong></span> 
     </span>
     <span class='ocr_line' id='line_1_37' title="bbox 270 3523 2226 3605; baseline 0 -18"><span class='ocrx_word' id='word_1_269' title='bbox 270 3523 499 3587; x_wconf 80' lang='lat' dir='ltr'><strong>silium</strong></span> <span class='ocrx_word' id='word_1_270' title='bbox 542 3538 873 3605; x_wconf 76' lang='lat' dir='ltr'><strong>suggerat,</strong></span> <span class='ocrx_word' id='word_1_271' title='bbox 920 3538 985 3587; x_wconf 90' lang='lat' dir='ltr'><strong>et</strong></span> <span class='ocrx_word' id='word_1_272' title='bbox 1029 3527 1473 3591; x_wconf 89' lang='lat' dir='ltr'><strong>crescentibus</strong></span> <span class='ocrx_word' id='word_1_273' title='bbox 1519 3525 1708 3590; x_wconf 90' lang='lat' dir='ltr'><strong>malis</strong></span> <span class='ocrx_word' id='word_1_274' title='bbox 1753 3525 2068 3589; x_wconf 84' lang='lat' dir='ltr'><strong>adversus</strong></span> <span class='ocrx_word' id='word_1_275' title='bbox 2113 3524 2226 3587; x_wconf 90' lang='lat' dir='ltr'><strong>illa</strong></span> 
     </span>
     <span class='ocr_line' id='line_1_38' title="bbox 268 3608 2226 3692; baseline 0.001 -19"><span class='ocrx_word' id='word_1_276' title='bbox 268 3608 636 3673; x_wconf 88' lang='lat' dir='ltr'><strong>remedium</strong></span> <span class='ocrx_word' id='word_1_277' title='bbox 701 3612 1039 3691; x_wconf 82' lang='lat' dir='ltr'><strong>praebeat,</strong></span> <span class='ocrx_word' id='word_1_278' title='bbox 1108 3630 1183 3673; x_wconf 89' lang='lat' dir='ltr'><strong>ac</strong></span> <span class='ocrx_word' id='word_1_279' title='bbox 1249 3632 1319 3674; x_wconf 92' lang='lat' dir='ltr'><strong>re</strong></span> <span class='ocrx_word' id='word_1_280' title='bbox 1380 3613 1520 3692; x_wconf 86' lang='lat' dir='ltr'><strong>ipsa</strong></span> <span class='ocrx_word' id='word_1_281' title='bbox 1580 3610 1752 3692; x_wconf 90' lang='lat' dir='ltr'><strong>quod</strong></span> <span class='ocrx_word' id='word_1_282' title='bbox 1816 3616 1882 3674; x_wconf 92' lang='lat' dir='ltr'><strong>in</strong></span> <span class='ocrx_word' id='word_1_283' title='bbox 1946 3609 2226 3674; x_wconf 82' lang='lat' dir='ltr'><strong>Psalmis</strong></span> 
     </span>
     <span class='ocr_line' id='line_1_39' title="bbox 271 3696 2225 3776; baseline 0.001 -18"><span class='ocrx_word' id='word_1_284' title='bbox 271 3696 542 3759; x_wconf 79' lang='lat' dir='ltr'><strong>docetur</strong></span> <span class='ocrx_word' id='word_1_285' title='bbox 588 3698 908 3776; x_wconf 87' lang='lat' dir='ltr'><strong>experriri</strong></span> <span class='ocrx_word' id='word_1_286' title='bbox 957 3718 1072 3761; x_wconf 88' lang='lat' dir='ltr'><strong>nos</strong></span> <span class='ocrx_word' id='word_1_287' title='bbox 1132 3697 1341 3762; x_wconf 79' lang='lat' dir='ltr'><strong>faciat.</strong></span> <span class='ocrx_word' id='word_1_288' title='bbox 1403 3696 1750 3762; x_wconf 77' lang='lat' dir='ltr'><strong>custodiam</strong></span> <span class='ocrx_word' id='word_1_289' title='bbox 1795 3696 2063 3761; x_wconf 62' lang='lat' dir='ltr'><strong>Israelis</strong></span> <span class='ocrx_word' id='word_1_290' title='bbox 2108 3716 2225 3760; x_wconf 80' lang='lat' dir='ltr'><strong>non</strong></span> 
     </span>
     <span class='ocr_line' id='line_1_40' title="bbox 267 3780 2223 3864; baseline 0 -18"><span class='ocrx_word' id='word_1_291' title='bbox 267 3780 637 3846; x_wconf 76' lang='lat' dir='ltr'><strong>dormitare.</strong></span> <span class='ocrx_word' id='word_1_292' title='bbox 705 3783 819 3846; x_wconf 66' lang='lat' dir='ltr'><strong>Sic</strong></span> <span class='ocrx_word' id='word_1_293' title='bbox 862 3782 1064 3863; x_wconf 90' lang='lat' dir='ltr'><strong>igitur</strong></span> <span class='ocrx_word' id='word_1_294' title='bbox 1112 3780 1382 3847; x_wconf 85' lang='lat' dir='ltr'><strong>Davidis</strong></span> <span class='ocrx_word' id='word_1_295' title='bbox 1427 3782 1802 3864; x_wconf 89' lang='lat' dir='ltr'><strong>exemplum</strong></span> <span class='ocrx_word' id='word_1_296' title='bbox 1852 3781 2035 3846; x_wconf 90' lang='lat' dir='ltr'><strong>nobis</strong></span> <span class='ocrx_word' id='word_1_297' title='bbox 2079 3781 2223 3846; x_wconf 87' lang='lat' dir='ltr'><strong>imi·</strong></span> 
     </span>
     <span class='ocr_line' id='line_1_41' title="bbox 268 3866 2227 3950; baseline 0.002 -21"><span class='ocrx_word' id='word_1_298' title='bbox 268 3868 549 3929; x_wconf 81' lang='lat' dir='ltr'><strong>tandum</strong></span> <span class='ocrx_word' id='word_1_299' title='bbox 596 3878 729 3946; x_wconf 89' lang='lat' dir='ltr'><strong>est,</strong></span> <span class='ocrx_word' id='word_1_300' title='bbox 793 3879 861 3930; x_wconf 90' lang='lat' dir='ltr'><strong>ut</strong></span> <span class='ocrx_word' id='word_1_301' title='bbox 908 3868 1255 3950; x_wconf 89' lang='lat' dir='ltr'><strong>diligenter</strong></span> <span class='ocrx_word' id='word_1_302' title='bbox 1299 3866 1427 3932; x_wconf 93' lang='lat' dir='ltr'><strong>Dei</strong></span> <span class='ocrx_word' id='word_1_303' title='bbox 1471 3867 1743 3931; x_wconf 89' lang='lat' dir='ltr'><strong>verbum</strong></span> <span class='ocrx_word' id='word_1_304' title='bbox 1794 3869 2100 3950; x_wconf 87' lang='lat' dir='ltr'><strong>legamus,</strong></span> <span class='ocrx_word' id='word_1_305' title='bbox 2160 3880 2227 3932; x_wconf 92' lang='lat' dir='ltr'><strong>et</strong></span> 
     </span>
     <span class='ocr_line' id='line_1_42' title="bbox 267 3952 2224 4035; baseline 0.002 -21"><span class='ocrx_word' id='word_1_306' title='bbox 267 3972 442 4034; x_wconf 68' lang='lat' dir='ltr'><strong>quiae</strong></span> <span class='ocrx_word' id='word_1_307' title='bbox 485 3972 552 4014; x_wconf 77' lang='lat' dir='ltr'><strong>tn</strong></span> <span class='ocrx_word' id='word_1_308' title='bbox 596 3972 673 4015; x_wconf 89' lang='lat' dir='ltr'><strong>eo</strong></span> <span class='ocrx_word' id='word_1_309' title='bbox 731 3954 975 4035; x_wconf 86' lang='lat' dir='ltr'><strong>scripta</strong></span> <span class='ocrx_word' id='word_1_310' title='bbox 1032 3968 1188 4018; x_wconf 88' lang='lat' dir='ltr'><strong>sunt</strong></span> <span class='ocrx_word' id='word_1_311' title='bbox 1232 3956 1296 4018; x_wconf 93' lang='lat' dir='ltr'><strong>in</strong></span> <span class='ocrx_word' id='word_1_312' title='bbox 1348 3971 1633 4017; x_wconf 83' lang='lat' dir='ltr'><strong>nostram</strong></span> <span class='ocrx_word' id='word_1_313' title='bbox 1682 3952 2027 4016; x_wconf 85' lang='lat' dir='ltr'><strong>utilitatem</strong></span> <span class='ocrx_word' id='word_1_314' title='bbox 2079 3974 2224 4018; x_wconf 89' lang='lat' dir='ltr'><strong>con·</strong></span> 
     </span>
     <span class='ocr_line' id='line_1_43' title="bbox 266 4039 2225 4120; baseline 0.001 -18"><span class='ocrx_word' id='word_1_315' title='bbox 266 4053 645 4102; x_wconf 78' lang='lat' dir='ltr'><strong>vertamus:</strong></span> <span class='ocrx_word' id='word_1_316' title='bbox 706 4039 942 4102; x_wconf 82' lang='lat' dir='ltr'><strong>deinde</strong></span> <span class='ocrx_word' id='word_1_317' title='bbox 988 4055 1059 4103; x_wconf 89' lang='lat' dir='ltr'><strong>ut</strong></span> <span class='ocrx_word' id='word_1_318' title='bbox 1104 4040 1159 4103; x_wconf 92' lang='lat' dir='ltr'><strong>si</strong></span> <span class='ocrx_word' id='word_1_319' title='bbox 1206 4041 1519 4104; x_wconf 86' lang='lat' dir='ltr'><strong>fuerimus</strong></span> <span class='ocrx_word' id='word_1_320' title='bbox 1566 4043 1790 4120; x_wconf 88' lang='lat' dir='ltr'><strong>inopes</strong></span> <span class='ocrx_word' id='word_1_321' title='bbox 1835 4039 2111 4113; x_wconf 87' lang='lat' dir='ltr'><strong>consilii,</strong></span> <span class='ocrx_word' id='word_1_322' title='bbox 2158 4050 2225 4103; x_wconf 92' lang='lat' dir='ltr'><strong>et</strong></span> 
     </span>
     <span class='ocr_line' id='line_1_44' title="bbox 268 4123 2223 4206; baseline 0.001 -19"><span class='ocrx_word' id='word_1_323' title='bbox 268 4123 497 4187; x_wconf 88' lang='lat' dir='ltr'><strong>nullus</strong></span> <span class='ocrx_word' id='word_1_324' title='bbox 540 4139 853 4206; x_wconf 86' lang='lat' dir='ltr'><strong>appareat</strong></span> <span class='ocrx_word' id='word_1_325' title='bbox 890 4147 971 4188; x_wconf 91' lang='lat' dir='ltr'><strong>ex</strong></span> <span class='ocrx_word' id='word_1_326' title='bbox 1016 4125 1514 4190; x_wconf 86' lang='lat' dir='ltr'><strong>difficultatibus</strong></span> <span class='ocrx_word' id='word_1_327' title='bbox 1556 4127 1788 4202; x_wconf 84' lang='lat' dir='ltr'><strong>exitus,</strong></span> <span class='ocrx_word' id='word_1_328' title='bbox 1849 4136 1916 4188; x_wconf 88' lang='lat' dir='ltr'><strong>et</strong></span> <span class='ocrx_word' id='word_1_329' title='bbox 1960 4125 2029 4188; x_wconf 92' lang='lat' dir='ltr'><strong>in</strong></span> <span class='ocrx_word' id='word_1_330' title='bbox 2076 4124 2223 4189; x_wconf 90' lang='lat' dir='ltr'><strong>hos-</strong></span> 
     </span>
     <span class='ocr_line' id='line_1_45' title="bbox 269 4208 2224 4291; baseline 0 -17"><span class='ocrx_word' id='word_1_331' title='bbox 269 4210 443 4274; x_wconf 78' lang='lat' dir='ltr'><strong>tium</strong></span> <span class='ocrx_word' id='word_1_332' title='bbox 484 4224 864 4291; x_wconf 89' lang='lat' dir='ltr'><strong>potestatem</strong></span> <span class='ocrx_word' id='word_1_333' title='bbox 904 4211 1163 4274; x_wconf 88' lang='lat' dir='ltr'><strong>iamiam</strong></span> <span class='ocrx_word' id='word_1_334' title='bbox 1206 4211 1467 4275; x_wconf 90' lang='lat' dir='ltr'><strong>venturi</strong></span> <span class='ocrx_word' id='word_1_335' title='bbox 1508 4210 1862 4282; x_wconf 87' lang='lat' dir='ltr'><strong>videamur,</strong></span> <span class='ocrx_word' id='word_1_336' title='bbox 1900 4210 1979 4273; x_wconf 91' lang='lat' dir='ltr'><strong>ad</strong></span> <span class='ocrx_word' id='word_1_337' title='bbox 2004 4208 2224 4274; x_wconf 90' lang='lat' dir='ltr'><strong>Deum</strong></span> 
     </span>
     <span class='ocr_line' id='line_1_46' title="bbox 270 4296 2225 4380; baseline 0 -21"><span class='ocrx_word' id='word_1_338' title='bbox 270 4307 576 4359; x_wconf 83' lang='lat' dir='ltr'><strong>nostrum</strong></span> <span class='ocrx_word' id='word_1_339' title='bbox 635 4297 1017 4360; x_wconf 80' lang='lat' dir='ltr'><strong>ardentibus</strong></span> <span class='ocrx_word' id='word_1_340' title='bbox 1065 4297 1362 4380; x_wconf 86' lang='lat' dir='ltr'><strong>precibus</strong></span> <span class='ocrx_word' id='word_1_341' title='bbox 1402 4311 1469 4360; x_wconf 90' lang='lat' dir='ltr'><strong>et</strong></span> <span class='ocrx_word' id='word_1_342' title='bbox 1510 4296 1914 4361; x_wconf 87' lang='lat' dir='ltr'><strong>orationibus</strong></span> <span class='ocrx_word' id='word_1_343' title='bbox 1959 4316 2225 4359; x_wconf 77' lang='lat' dir='ltr'><strong>conver·</strong></span> 
     </span>
     <span class='ocr_line' id='line_1_47' title="bbox 274 4381 2223 4465; baseline 0.001 -21"><span class='ocrx_word' id='word_1_344' title='bbox 274 4392 511 4457; x_wconf 77' lang='lat' dir='ltr'><strong>tamur,</strong></span> <span class='ocrx_word' id='word_1_345' title='bbox 558 4403 747 4464; x_wconf 89' lang='lat' dir='ltr'><strong>quem</strong></span> <span class='ocrx_word' id='word_1_346' title='bbox 778 4396 1025 4453; x_wconf 79' lang='lat' dir='ltr'><strong>certum</strong></span> <span class='ocrx_word' id='word_1_347' title='bbox 1072 4396 1168 4446; x_wconf 87' lang='lat' dir='ltr'><strong>est</strong></span> <span class='ocrx_word' id='word_1_348' title='bbox 1200 4398 1547 4465; x_wconf 86' lang='lat' dir='ltr'><strong>momento,</strong></span> <span class='ocrx_word' id='word_1_349' title='bbox 1591 4400 1816 4446; x_wconf 82' lang='lat' dir='ltr'><strong>contra</strong></span> <span class='ocrx_word' id='word_1_350' title='bbox 1851 4381 2223 4464; x_wconf 89' lang='lat' dir='ltr'><strong>opinionem</strong></span> 
     </span>
     <span class='ocr_line' id='line_1_48' title="bbox 270 4469 2226 4550; baseline -0.001 -18"><span class='ocrx_word' id='word_1_351' title='bbox 270 4477 346 4532; x_wconf 89' lang='lat' dir='ltr'><strong>et</strong></span> <span class='ocrx_word' id='word_1_352' title='bbox 375 4474 922 4549; x_wconf 82' lang='lat' dir='ltr'><strong>exspectationem</strong></span> <span class='ocrx_word' id='word_1_353' title='bbox 953 4472 1265 4545; x_wconf 86' lang='lat' dir='ltr'><strong>omnium,</strong></span> <span class='ocrx_word' id='word_1_354' title='bbox 1310 4469 1652 4533; x_wconf 89' lang='lat' dir='ltr'><strong>consilium</strong></span> <span class='ocrx_word' id='word_1_355' title='bbox 1682 4481 1745 4532; x_wconf 92' lang='lat' dir='ltr'><strong>et</strong></span> <span class='ocrx_word' id='word_1_356' title='bbox 1781 4469 1954 4531; x_wconf 86' lang='lat' dir='ltr'><strong>vires</strong></span> <span class='ocrx_word' id='word_1_357' title='bbox 1989 4488 2226 4550; x_wconf 90' lang='lat' dir='ltr'><strong>suppe-</strong></span> 
     </span>
     <span class='ocr_line' id='line_1_49' title="bbox 271 4552 2223 4638; baseline -0.001 -21"><span class='ocrx_word' id='word_1_358' title='bbox 271 4553 656 4632; x_wconf 87' lang='lat' dir='ltr'><strong>ditaturum,</strong></span> <span class='ocrx_word' id='word_1_359' title='bbox 703 4555 938 4638; x_wconf 90' lang='lat' dir='ltr'><strong>quibus</strong></span> <span class='ocrx_word' id='word_1_360' title='bbox 1010 4555 1112 4618; x_wconf 91' lang='lat' dir='ltr'><strong>vel</strong></span> <span class='ocrx_word' id='word_1_361' title='bbox 1183 4556 1671 4637; x_wconf 85' lang='lat' dir='ltr'><strong>potentissimos</strong></span> <span class='ocrx_word' id='word_1_362' title='bbox 1742 4552 1968 4617; x_wconf 88' lang='lat' dir='ltr'><strong>hostes</strong></span> <span class='ocrx_word' id='word_1_363' title='bbox 2031 4573 2223 4635; x_wconf 84' lang='lat' dir='ltr'><strong>supe·</strong></span> 
     </span>
     <span class='ocr_line' id='line_1_50' title="bbox 268 4659 518 4704; baseline -0.004 0"><span class='ocrx_word' id='word_1_364' title='bbox 268 4659 518 4704; x_wconf 86' lang='lat' dir='ltr'><strong>remus.</strong></span> 
     </span>
    </p>

    <p class='ocr_par' dir='ltr' id='par_1_5' title="bbox 266 4724 2225 5325">
     <span class='ocr_line' id='line_1_51' title="bbox 451 4724 2222 4807; baseline 0 -19"><span class='ocrx_word' id='word_1_365' title='bbox 451 4725 553 4790; x_wconf 89' lang='lat' dir='ltr'><strong>Ita</strong></span> <span class='ocrx_word' id='word_1_366' title='bbox 621 4727 916 4791; x_wconf 87' lang='lat' dir='ltr'><strong>videmus</strong></span> <span class='ocrx_word' id='word_1_367' title='bbox 991 4726 1113 4789; x_wconf 89' lang='lat' dir='ltr'><strong>hoc</strong></span> <span class='ocrx_word' id='word_1_368' title='bbox 1198 4725 1337 4789; x_wconf 93' lang='lat' dir='ltr'><strong>loco</strong></span> <span class='ocrx_word' id='word_1_369' title='bbox 1381 4724 1626 4789; x_wconf 88' lang='lat' dir='ltr'><strong>Davidi</strong></span> <span class='ocrx_word' id='word_1_370' title='bbox 1687 4744 2100 4807; x_wconf 83' lang='lat' dir='ltr'><strong>responsum:</strong></span> <span class='ocrx_word' id='word_1_371' title='bbox 2170 4724 2222 4804; x_wconf 87' lang='lat'><strong>1,</strong></span> 
     </span>
     <span class='ocr_line' id='line_1_52' title="bbox 272 4808 2222 4895; baseline -0.001 -19"><span class='ocrx_word' id='word_1_372' title='bbox 272 4832 673 4895; x_wconf 84' lang='lat' dir='ltr'><strong>persequere</strong></span> <span class='ocrx_word' id='word_1_373' title='bbox 710 4812 946 4886; x_wconf 87' lang='lat' dir='ltr'><strong>hostes,</strong></span> <span class='ocrx_word' id='word_1_374' title='bbox 995 4832 1146 4875; x_wconf 90' lang='lat' dir='ltr'><strong>nam</strong></span> <span class='ocrx_word' id='word_1_375' title='bbox 1192 4811 1457 4875; x_wconf 89' lang='lat' dir='ltr'><strong>omnino</strong></span> <span class='ocrx_word' id='word_1_376' title='bbox 1493 4811 1855 4892; x_wconf 86' lang='lat' dir='ltr'><strong>assequeris</strong></span> <span class='ocrx_word' id='word_1_377' title='bbox 1899 4824 1965 4873; x_wconf 91' lang='lat' dir='ltr'><strong>et</strong></span> <span class='ocrx_word' id='word_1_378' title='bbox 2002 4808 2222 4874; x_wconf 90' lang='lat' dir='ltr'><strong>debel-</strong></span> 
     </span>
     <span class='ocr_line' id='line_1_53' title="bbox 268 4895 2220 4979; baseline -0.002 -16"><span class='ocrx_word' id='word_1_379' title='bbox 268 4898 466 4964; x_wconf 85' lang='lat' dir='ltr'><strong>labis.</strong></span> <span class='ocrx_word' id='word_1_380' title='bbox 573 4900 720 4963; x_wconf 86' lang='lat' dir='ltr'><strong>Duo</strong></span> <span class='ocrx_word' id='word_1_381' title='bbox 778 4912 932 4961; x_wconf 87' lang='lat' dir='ltr'><strong>sunt</strong></span> <span class='ocrx_word' id='word_1_382' title='bbox 1004 4897 1197 4961; x_wconf 84' lang='lat' dir='ltr'><strong>huius</strong></span> <span class='ocrx_word' id='word_1_383' title='bbox 1256 4898 1545 4979; x_wconf 83' lang='lat' dir='ltr'><strong>responsi</strong></span> <span class='ocrx_word' id='word_1_384' title='bbox 1603 4896 1833 4978; x_wconf 86' lang='lat' dir='ltr'><strong>capita.</strong></span> <span class='ocrx_word' id='word_1_385' title='bbox 1925 4895 2220 4960; x_wconf 87' lang='lat' dir='ltr'><strong>Primum</strong></span> 
     </span>
     <span class='ocr_line' id='line_1_54' title="bbox 266 4983 2223 5064; baseline -0.001 -16"><span class='ocrx_word' id='word_1_386' title='bbox 266 4984 456 5048; x_wconf 83' lang='lat' dir='ltr'><strong>enim</strong></span> <span class='ocrx_word' id='word_1_387' title='bbox 502 4984 686 5048; x_wconf 90' lang='lat' dir='ltr'><strong>Dens</strong></span> <span class='ocrx_word' id='word_1_388' title='bbox 733 4983 970 5048; x_wconf 90' lang='lat' dir='ltr'><strong>Davidi</strong></span> <span class='ocrx_word' id='word_1_389' title='bbox 1048 4996 1428 5064; x_wconf 87' lang='lat' dir='ltr'><strong>potestatem</strong></span> <span class='ocrx_word' id='word_1_390' title='bbox 1502 4984 1655 5047; x_wconf 86' lang='lat' dir='ltr'><strong>facit</strong></span> <span class='ocrx_word' id='word_1_391' title='bbox 1729 4983 1945 5045; x_wconf 87' lang='lat' dir='ltr'><strong>hostes</strong></span> <span class='ocrx_word' id='word_1_392' title='bbox 2010 5002 2223 5063; x_wconf 88' lang='lat' dir='ltr'><strong>perse-</strong></span> 
     </span>
     <span class='ocr_line' id='line_1_55' title="bbox 266 5065 2223 5154; baseline -0.001 -20"><span class='ocrx_word' id='word_1_393' title='bbox 266 5070 542 5154; x_wconf 87' lang='lat' dir='ltr'><strong>quendi.</strong></span> <span class='ocrx_word' id='word_1_394' title='bbox 592 5070 847 5135; x_wconf 89' lang='lat' dir='ltr'><strong>Deinde</strong></span> <span class='ocrx_word' id='word_1_395' title='bbox 874 5070 1365 5151; x_wconf 86' lang='lat' dir='ltr'><strong>promissionem</strong></span> <span class='ocrx_word' id='word_1_396' title='bbox 1411 5069 1632 5134; x_wconf 89' lang='lat' dir='ltr'><strong>adiicit</strong></span> <span class='ocrx_word' id='word_1_397' title='bbox 1678 5066 1999 5131; x_wconf 87' lang='lat' dir='ltr'><strong>victoriae.</strong></span> <span class='ocrx_word' id='word_1_398' title='bbox 2042 5065 2223 5133; x_wconf 86' lang='lat' dir='ltr'><strong>Hinc</strong></span> 
     </span>
     <span class='ocr_line' id='line_1_56' title="bbox 267 5153 2219 5239; baseline -0.003 -18"><span class='ocrx_word' id='word_1_399' title='bbox 267 5158 565 5239; x_wconf 82' lang='lat' dir='ltr'><strong>primum</strong></span> <span class='ocrx_word' id='word_1_400' title='bbox 647 5157 972 5220; x_wconf 88' lang='lat' dir='ltr'><strong>discamus</strong></span> <span class='ocrx_word' id='word_1_401' title='bbox 1042 5154 1388 5224; x_wconf 68' lang='lat' dir='ltr'><strong>diligenter</strong></span> <span class='ocrx_word' id='word_1_402' title='bbox 1449 5154 1574 5219; x_wconf 90' lang='lat' dir='ltr'><strong>Dei</strong></span> <span class='ocrx_word' id='word_1_403' title='bbox 1642 5153 2052 5217; x_wconf 84' lang='lat' dir='ltr'><strong>voluntatem</strong></span> <span class='ocrx_word' id='word_1_404' title='bbox 2118 5154 2219 5218; x_wconf 90' lang='lat' dir='ltr'><strong>in·</strong></span> 
     </span>
     <span class='ocr_line' id='line_1_57' title="bbox 267 5239 2225 5325; baseline -0.002 -19"><span class='ocrx_word' id='word_1_405' title='bbox 267 5262 589 5325; x_wconf 88' lang='lat' dir='ltr'><strong>querere,</strong></span> <span class='ocrx_word' id='word_1_406' title='bbox 637 5253 897 5305; x_wconf 87' lang='lat' dir='ltr'><strong>nostrae</strong></span> <span class='ocrx_word' id='word_1_407' title='bbox 940 5241 1318 5324; x_wconf 79' lang='lat' dir='ltr'><strong>fragilitatis</strong></span> <span class='ocrx_word' id='word_1_408' title='bbox 1360 5254 1428 5305; x_wconf 93' lang='lat' dir='ltr'><strong>et</strong></span> <span class='ocrx_word' id='word_1_409' title='bbox 1469 5239 1932 5306; x_wconf 86' lang='lat' dir='ltr'><strong>imbecillitatis</strong></span> <span class='ocrx_word' id='word_1_410' title='bbox 1975 5242 2040 5303; x_wconf 91' lang='lat' dir='ltr'><strong>in</strong></span> <span class='ocrx_word' id='word_1_411' title='bbox 2086 5260 2225 5304; x_wconf 92' lang='lat' dir='ltr'><strong>om·</strong></span> 
     </span>
    </p>
   </div>
   <div class='ocr_carea' id='block_1_3' title="bbox 453 5342 1309 5414">
    <p class='ocr_par' dir='ltr' id='par_1_6' title="bbox 453 5342 1309 5414">
     <span class='ocr_line' id='line_1_58' title="bbox 453 5342 1309 5414; baseline -0.006 -13"><span class='ocrx_word' id='word_1_412' title='bbox 453 5342 676 5401; x_wconf 61' lang='lat' dir='ltr'><strong>calm</strong></span> <span class='ocrx_word' id='word_1_413' title='bbox 707 5359 895 5414; x_wconf 68' lang='lat' dir='ltr'><strong>opera.</strong></span> <span class='ocrx_word' id='word_1_414' title='bbox 974 5342 1309 5398; x_wconf 57' lang='lat' dir='ltr'><strong>vorm</strong></span> 
     </span>
    </p>
   </div>
   <div class='ocr_carea' id='block_1_4' title="bbox 1586 330 2983 401">
    <p class='ocr_par' dir='ltr' id='par_1_7' title="bbox 1586 330 2983 401">
     <span class='ocr_line' id='line_1_59' title="bbox 1586 330 2983 401; baseline -0.001 -1"><span class='ocrx_word' id='word_1_415' title='bbox 1586 333 1688 400; x_wconf 89' lang='lat' dir='ltr'><strong>IN</strong></span> <span class='ocrx_word' id='word_1_416' title='bbox 1731 334 1783 401; x_wconf 89' lang='lat'><strong>1.</strong></span> <span class='ocrx_word' id='word_1_417' title='bbox 1832 334 2011 400; x_wconf 89' lang='lat' dir='ltr'><strong>LIB.</strong></span> <span class='ocrx_word' id='word_1_418' title='bbox 2058 330 2464 400; x_wconf 76' lang='lat' dir='ltr'><strong>SAMUEL.</strong></span> <span class='ocrx_word' id='word_1_419' title='bbox 2509 331 2707 398; x_wconf 80' lang='lat' dir='ltr'><strong>OAP.</strong></span> <span class='ocrx_word' id='word_1_420' title='bbox 2752 331 2983 398; x_wconf 85' lang='lat' dir='ltr'>XXX.</span> 
     </span>
    </p>
   </div>
   <div class='ocr_carea' id='block_1_5' title="bbox 4152 334 4284 402">
    <p class='ocr_par' dir='ltr' id='par_1_8' title="bbox 4152 334 4284 402">
     <span class='ocr_line' id='line_1_60' title="bbox 4152 334 4284 402; baseline 0.015 -1"><span class='ocrx_word' id='word_1_421' title='bbox 4152 334 4284 402; x_wconf 83' lang='lat'><strong>690</strong></span> 
     </span>
    </p>
   </div>
   <div class='ocr_carea' id='block_1_6' title="bbox 2325 518 4282 5308">
    <p class='ocr_par' dir='ltr' id='par_1_9' title="bbox 2325 518 4282 5308">
     <span class='ocr_line' id='line_1_61' title="bbox 2326 518 4282 605; baseline 0.003 -20"><span class='ocrx_word' id='word_1_422' title='bbox 2326 518 2518 585; x_wconf 88' lang='lat' dir='ltr'><strong>nibus</strong></span> <span class='ocrx_word' id='word_1_423' title='bbox 2562 519 2848 586; x_wconf 84' lang='lat' dir='ltr'><strong>consiliis</strong></span> <span class='ocrx_word' id='word_1_424' title='bbox 2903 521 3141 586; x_wconf 87' lang='lat' dir='ltr'><strong>nostris</strong></span> <span class='ocrx_word' id='word_1_425' title='bbox 3185 540 3536 586; x_wconf 85' lang='lat' dir='ltr'><strong>memores:</strong></span> <span class='ocrx_word' id='word_1_426' title='bbox 3597 528 3672 585; x_wconf 84' lang='lat' dir='ltr'><strong>ut</strong></span> <span class='ocrx_word' id='word_1_427' title='bbox 3712 522 4029 605; x_wconf 88' lang='lat' dir='ltr'><strong>quidquid</strong></span> <span class='ocrx_word' id='word_1_428' title='bbox 4075 524 4282 590; x_wconf 85' lang='lat' dir='ltr'><strong>susci·</strong></span> 
     </span>
     <span class='ocr_line' id='line_1_62' title="bbox 2327 607 4280 693; baseline 0.004 -24"><span class='ocrx_word' id='word_1_429' title='bbox 2327 608 2543 689; x_wconf 89' lang='lat' dir='ltr'><strong>pimus</strong></span> <span class='ocrx_word' id='word_1_430' title='bbox 2620 627 2774 670; x_wconf 88' lang='lat' dir='ltr'><strong>vera</strong></span> <span class='ocrx_word' id='word_1_431' title='bbox 2836 608 2962 672; x_wconf 91' lang='lat' dir='ltr'><strong>Dei</strong></span> <span class='ocrx_word' id='word_1_432' title='bbox 3030 607 3399 671; x_wconf 87' lang='lat' dir='ltr'><strong>obedientia</strong></span> <span class='ocrx_word' id='word_1_433' title='bbox 3456 609 3740 671; x_wconf 87' lang='lat' dir='ltr'><strong>nitatur:</strong></span> <span class='ocrx_word' id='word_1_434' title='bbox 3818 608 4056 673; x_wconf 89' lang='lat' dir='ltr'><strong>deinde</strong></span> <span class='ocrx_word' id='word_1_435' title='bbox 4130 632 4280 693; x_wconf 89' lang='lat' dir='ltr'><strong>pro·</strong></span> 
     </span>
     <span class='ocr_line' id='line_1_63' title="bbox 2328 691 4279 775; baseline 0.003 -19"><span class='ocrx_word' id='word_1_436' title='bbox 2328 691 2702 756; x_wconf 85' lang='lat' dir='ltr'><strong>missionem</strong></span> <span class='ocrx_word' id='word_1_437' title='bbox 2757 693 2955 757; x_wconf 88' lang='lat' dir='ltr'><strong>etiam</strong></span> <span class='ocrx_word' id='word_1_438' title='bbox 3017 692 3222 758; x_wconf 87' lang='lat' dir='ltr'><strong>felicis</strong></span> <span class='ocrx_word' id='word_1_439' title='bbox 3291 694 3507 757; x_wconf 88' lang='lat' dir='ltr'><strong>exit-ns</strong></span> <span class='ocrx_word' id='word_1_440' title='bbox 3578 708 4065 775; x_wconf 85' lang='lat' dir='ltr'><strong>exspectemus,</strong></span> <span class='ocrx_word' id='word_1_441' title='bbox 4132 697 4279 763; x_wconf 87' lang='lat' dir='ltr'><strong>sine</strong></span> 
     </span>
     <span class='ocr_line' id='line_1_64' title="bbox 2327 777 4280 862; baseline 0.003 -21"><span class='ocrx_word' id='word_1_442' title='bbox 2327 798 2456 860; x_wconf 87' lang='lat' dir='ltr'><strong>qua</strong></span> <span class='ocrx_word' id='word_1_443' title='bbox 2499 778 2670 842; x_wconf 88' lang='lat' dir='ltr'><strong>nihil</strong></span> <span class='ocrx_word' id='word_1_444' title='bbox 2718 777 2840 842; x_wconf 90' lang='lat' dir='ltr'><strong>nisi</strong></span> <span class='ocrx_word' id='word_1_445' title='bbox 2902 779 3192 861; x_wconf 85' lang='lat' dir='ltr'><strong>segniter</strong></span> <span class='ocrx_word' id='word_1_446' title='bbox 3235 790 3566 861; x_wconf 88' lang='lat' dir='ltr'><strong>praestare</strong></span> <span class='ocrx_word' id='word_1_447' title='bbox 3612 800 3971 862; x_wconf 86' lang='lat' dir='ltr'><strong>possemus,</strong></span> <span class='ocrx_word' id='word_1_448' title='bbox 4022 794 4090 845; x_wconf 89' lang='lat' dir='ltr'><strong>et</strong></span> <span class='ocrx_word' id='word_1_449' title='bbox 4134 782 4280 846; x_wconf 87' lang='lat' dir='ltr'><strong>ani-</strong></span> 
     </span>
     <span class='ocr_line' id='line_1_65' title="bbox 2328 863 4282 947; baseline 0.002 -19"><span class='ocrx_word' id='word_1_450' title='bbox 2328 883 2512 928; x_wconf 91' lang='lat' dir='ltr'><strong>mum</strong></span> <span class='ocrx_word' id='word_1_451' title='bbox 2563 863 2687 928; x_wconf 87' lang='lat' dir='ltr'><strong>Dei</strong></span> <span class='ocrx_word' id='word_1_452' title='bbox 2748 864 2998 929; x_wconf 88' lang='lat' dir='ltr'><strong>viribus</strong></span> <span class='ocrx_word' id='word_1_453' title='bbox 3056 864 3352 929; x_wconf 91' lang='lat' dir='ltr'><strong>destituti</strong></span> <span class='ocrx_word' id='word_1_454' title='bbox 3412 863 3978 947; x_wconf 87' lang='lat' dir='ltr'><strong>desponderemus.</strong></span> <span class='ocrx_word' id='word_1_455' title='bbox 4069 866 4282 932; x_wconf 87' lang='lat' dir='ltr'><strong>Porro</strong></span> 
     </span>
     <span class='ocr_line' id='line_1_66' title="bbox 2328 948 4280 1033; baseline 0.002 -19"><span class='ocrx_word' id='word_1_456' title='bbox 2328 948 2680 1033; x_wconf 84' lang='lat' dir='ltr'><strong>vigilantes</strong></span> <span class='ocrx_word' id='word_1_457' title='bbox 2723 972 2864 1014; x_wconf 87' lang='lat' dir='ltr'><strong>esse</strong></span> <span class='ocrx_word' id='word_1_458' title='bbox 2909 970 3027 1015; x_wconf 92' lang='lat' dir='ltr'><strong>nos</strong></span> <span class='ocrx_word' id='word_1_459' title='bbox 3070 960 3328 1032; x_wconf 89' lang='lat' dir='ltr'><strong>oportet</strong></span> <span class='ocrx_word' id='word_1_460' title='bbox 3371 948 3436 1013; x_wconf 90' lang='lat' dir='ltr'><strong>in</strong></span> <span class='ocrx_word' id='word_1_461' title='bbox 3486 950 3887 1032; x_wconf 79' lang='lat' dir='ltr'><strong>excipiendis</strong></span> <span class='ocrx_word' id='word_1_462' title='bbox 3923 950 4049 1016; x_wconf 94' lang='lat' dir='ltr'><strong>Dei</strong></span> <span class='ocrx_word' id='word_1_463' title='bbox 4099 974 4280 1017; x_wconf 87' lang='lat' dir='ltr'><strong>man-</strong></span> 
     </span>
     <span class='ocr_line' id='line_1_67' title="bbox 2328 1034 4280 1122; baseline 0.003 -24"><span class='ocrx_word' id='word_1_464' title='bbox 2328 1034 2498 1099; x_wconf 87' lang='lat' dir='ltr'><strong>datis</strong></span> <span class='ocrx_word' id='word_1_465' title='bbox 2558 1046 2624 1099; x_wconf 90' lang='lat' dir='ltr'><strong>et</strong></span> <span class='ocrx_word' id='word_1_466' title='bbox 2681 1035 2909 1099; x_wconf 89' lang='lat' dir='ltr'><strong>iisdem</strong></span> <span class='ocrx_word' id='word_1_467' title='bbox 2969 1035 3336 1118; x_wconf 75' lang='lat' dir='ltr'><strong>implendis.</strong></span> <span class='ocrx_word' id='word_1_468' title='bbox 3430 1036 3597 1099; x_wconf 89' lang='lat' dir='ltr'><strong>Nam</strong></span> <span class='ocrx_word' id='word_1_469' title='bbox 3647 1036 3754 1100; x_wconf 90' lang='lat' dir='ltr'><strong>ubi</strong></span> <span class='ocrx_word' id='word_1_470' title='bbox 3801 1035 3984 1102; x_wconf 90' lang='lat' dir='ltr'><strong>Deus</strong></span> <span class='ocrx_word' id='word_1_471' title='bbox 4027 1037 4280 1122; x_wconf 89' lang='lat' dir='ltr'><strong>aliquid</strong></span> 
     </span>
     <span class='ocr_line' id='line_1_68' title="bbox 2331 1119 4280 1202; baseline 0.002 -17"><span class='ocrx_word' id='word_1_472' title='bbox 2331 1121 2635 1202; x_wconf 89' lang='lat' dir='ltr'><strong>promisit</strong></span> <span class='ocrx_word' id='word_1_473' title='bbox 2664 1132 2732 1186; x_wconf 93' lang='lat' dir='ltr'><strong>et</strong></span> <span class='ocrx_word' id='word_1_474' title='bbox 2771 1120 2916 1185; x_wconf 90' lang='lat' dir='ltr'><strong>fieri</strong></span> <span class='ocrx_word' id='word_1_475' title='bbox 2959 1122 3150 1185; x_wconf 86' lang='lat' dir='ltr'><strong>iussit</strong></span> <span class='ocrx_word' id='word_1_476' title='bbox 3195 1136 3411 1184; x_wconf 88' lang='lat' dir='ltr'><strong>ratum</strong></span> <span class='ocrx_word' id='word_1_477' title='bbox 3454 1119 3619 1185; x_wconf 89' lang='lat' dir='ltr'><strong>illud</strong></span> <span class='ocrx_word' id='word_1_478' title='bbox 3651 1124 3786 1187; x_wconf 81' lang='lat' dir='ltr'><strong>fore</strong></span> <span class='ocrx_word' id='word_1_479' title='bbox 3820 1136 3996 1188; x_wconf 89' lang='lat' dir='ltr'><strong>certa</strong></span> <span class='ocrx_word' id='word_1_480' title='bbox 4041 1124 4280 1189; x_wconf 87' lang='lat' dir='ltr'><strong>fiducia</strong></span> 
     </span>
     <span class='ocr_line' id='line_1_69' title="bbox 2326 1204 4280 1291; baseline 0.001 -18"><span class='ocrx_word' id='word_1_481' title='bbox 2326 1204 2593 1273; x_wconf 87' lang='lat' dir='ltr'><strong>credere</strong></span> <span class='ocrx_word' id='word_1_482' title='bbox 2616 1206 2943 1272; x_wconf 88' lang='lat' dir='ltr'><strong>debemus.</strong></span> <span class='ocrx_word' id='word_1_483' title='bbox 2991 1204 3212 1272; x_wconf 87' lang='lat' dir='ltr'><strong>David</strong></span> <span class='ocrx_word' id='word_1_484' title='bbox 3236 1208 3409 1270; x_wconf 91' lang='lat' dir='ltr'><strong>enim</strong></span> <span class='ocrx_word' id='word_1_485' title='bbox 3438 1207 3560 1272; x_wconf 93' lang='lat' dir='ltr'><strong>Dei</strong></span> <span class='ocrx_word' id='word_1_486' title='bbox 3594 1212 3796 1272; x_wconf 80' lang='lat' dir='ltr'><strong>fretus</strong></span> <span class='ocrx_word' id='word_1_487' title='bbox 3831 1209 4280 1291; x_wconf 88' lang='lat' dir='ltr'><strong>promissioni·</strong></span> 
     </span>
     <span class='ocr_line' id='line_1_70' title="bbox 2331 1290 4276 1378; baseline 0.002 -21"><span class='ocrx_word' id='word_1_488' title='bbox 2331 1293 2448 1358; x_wconf 90' lang='lat' dir='ltr'><strong>bus</strong></span> <span class='ocrx_word' id='word_1_489' title='bbox 2548 1313 2877 1375; x_wconf 87' lang='lat' dir='ltr'><strong>nunquam</strong></span> <span class='ocrx_word' id='word_1_490' title='bbox 2966 1313 3081 1375; x_wconf 90' lang='lat' dir='ltr'><strong>spe</strong></span> <span class='ocrx_word' id='word_1_491' title='bbox 3157 1313 3279 1357; x_wconf 91' lang='lat' dir='ltr'><strong>sua</strong></span> <span class='ocrx_word' id='word_1_492' title='bbox 3347 1290 3629 1370; x_wconf 88' lang='lat' dir='ltr'><strong>decidit,</strong></span> <span class='ocrx_word' id='word_1_493' title='bbox 3697 1314 3906 1375; x_wconf 89' lang='lat' dir='ltr'><strong>neque</strong></span> <span class='ocrx_word' id='word_1_494' title='bbox 3987 1315 4276 1378; x_wconf 85' lang='lat' dir='ltr'><strong>unquam</strong></span> 
     </span>
     <span class='ocr_line' id='line_1_71' title="bbox 2327 1377 4278 1463; baseline 0.002 -20"><span class='ocrx_word' id='word_1_495' title='bbox 2327 1401 2475 1443; x_wconf 88' lang='lat' dir='ltr'><strong>eum</strong></span> <span class='ocrx_word' id='word_1_496' title='bbox 2524 1377 2855 1443; x_wconf 89' lang='lat' dir='ltr'><strong>Dominus</strong></span> <span class='ocrx_word' id='word_1_497' title='bbox 2913 1393 3013 1441; x_wconf 88' lang='lat' dir='ltr'><strong>est</strong></span> <span class='ocrx_word' id='word_1_498' title='bbox 3070 1380 3441 1456; x_wconf 84' lang='lat' dir='ltr'><strong>frustratus,</strong></span> <span class='ocrx_word' id='word_1_499' title='bbox 3504 1399 3580 1444; x_wconf 90' lang='lat' dir='ltr'><strong>ac</strong></span> <span class='ocrx_word' id='word_1_500' title='bbox 3626 1379 3898 1462; x_wconf 90' lang='lat' dir='ltr'><strong>proinde</strong></span> <span class='ocrx_word' id='word_1_501' title='bbox 3941 1401 4278 1463; x_wconf 88' lang='lat' dir='ltr'><strong>speremus</strong></span> 
     </span>
     <span class='ocr_line' id='line_1_72' title="bbox 2326 1461 4278 1545; baseline 0.003 -17"><span class='ocrx_word' id='word_1_502' title='bbox 2326 1467 2527 1529; x_wconf 90' lang='lat' dir='ltr'><strong>etiam</strong></span> <span class='ocrx_word' id='word_1_503' title='bbox 2589 1486 2705 1528; x_wconf 89' lang='lat' dir='ltr'><strong>nos</strong></span> <span class='ocrx_word' id='word_1_504' title='bbox 2764 1461 2844 1528; x_wconf 87' lang='lat' dir='ltr'><strong>ad</strong></span> <span class='ocrx_word' id='word_1_505' title='bbox 2903 1463 3118 1545; x_wconf 89' lang='lat' dir='ltr'><strong>ipsum</strong></span> <span class='ocrx_word' id='word_1_506' title='bbox 3185 1485 3337 1527; x_wconf 88' lang='lat' dir='ltr'><strong>vera</strong></span> <span class='ocrx_word' id='word_1_507' title='bbox 3397 1464 3763 1530; x_wconf 86' lang='lat' dir='ltr'><strong>bumilitate</strong></span> <span class='ocrx_word' id='word_1_508' title='bbox 3817 1478 3885 1529; x_wconf 90' lang='lat' dir='ltr'><strong>et</strong></span> <span class='ocrx_word' id='word_1_509' title='bbox 3929 1487 4087 1531; x_wconf 87' lang='lat' dir='ltr'><strong>vera</strong></span> <span class='ocrx_word' id='word_1_510' title='bbox 4150 1467 4278 1533; x_wconf 84' lang='lat' dir='ltr'><strong>fide</strong></span> 
     </span>
     <span class='ocr_line' id='line_1_73' title="bbox 2327 1549 4280 1633; baseline 0.002 -19"><span class='ocrx_word' id='word_1_511' title='bbox 2327 1552 2810 1633; x_wconf 83' lang='lat' dir='ltr'><strong>confugientes,</strong></span> <span class='ocrx_word' id='word_1_512' title='bbox 2879 1563 2945 1611; x_wconf 88' lang='lat' dir='ltr'><strong>et</strong></span> <span class='ocrx_word' id='word_1_513' title='bbox 3008 1549 3325 1613; x_wconf 89' lang='lat' dir='ltr'><strong>auxilium</strong></span> <span class='ocrx_word' id='word_1_514' title='bbox 3389 1551 3596 1632; x_wconf 89' lang='lat' dir='ltr'><strong>ipsius</strong></span> <span class='ocrx_word' id='word_1_515' title='bbox 3665 1562 3993 1633; x_wconf 83' lang='lat' dir='ltr'><strong>petentes,</strong></span> <span class='ocrx_word' id='word_1_516' title='bbox 4059 1551 4280 1618; x_wconf 88' lang='lat' dir='ltr'><strong>Deum</strong></span> 
     </span>
     <span class='ocr_line' id='line_1_74' title="bbox 2331 1635 4281 1719; baseline 0.002 -19"><span class='ocrx_word' id='word_1_517' title='bbox 2331 1657 2664 1718; x_wconf 87' lang='lat' dir='ltr'><strong>nunquam</strong></span> <span class='ocrx_word' id='word_1_518' title='bbox 2712 1635 3200 1699; x_wconf 74' lang='lat' dir='ltr'><strong>frustratur-um.</strong></span> <span class='ocrx_word' id='word_1_519' title='bbox 3284 1635 3524 1700; x_wconf 88' lang='lat' dir='ltr'><strong>Vocem</strong></span> <span class='ocrx_word' id='word_1_520' title='bbox 3572 1635 3831 1719; x_wconf 90' lang='lat' dir='ltr'><strong>quidem</strong></span> <span class='ocrx_word' id='word_1_521' title='bbox 3877 1637 4086 1702; x_wconf 80' lang='lat' dir='ltr'><strong>fateor</strong></span> <span class='ocrx_word' id='word_1_522' title='bbox 4132 1638 4281 1703; x_wconf 91' lang='lat' dir='ltr'><strong>nul-</strong></span> 
     </span>
     <span class='ocr_line' id='line_1_75' title="bbox 2329 1718 4280 1806; baseline 0.002 -21"><span class='ocrx_word' id='word_1_523' title='bbox 2329 1722 2455 1785; x_wconf 91' lang='lat' dir='ltr'><strong>lam</strong></span> <span class='ocrx_word' id='word_1_524' title='bbox 2507 1720 2697 1785; x_wconf 89' lang='lat' dir='ltr'><strong>hodie</strong></span> <span class='ocrx_word' id='word_1_525' title='bbox 2743 1718 3100 1796; x_wconf 86' lang='lat' dir='ltr'><strong>audiemus,</strong></span> <span class='ocrx_word' id='word_1_526' title='bbox 3144 1734 3210 1784; x_wconf 90' lang='lat' dir='ltr'><strong>et</strong></span> <span class='ocrx_word' id='word_1_527' title='bbox 3255 1720 3507 1784; x_wconf 90' lang='lat' dir='ltr'><strong>nullum</strong></span> <span class='ocrx_word' id='word_1_528' title='bbox 3554 1744 3816 1806; x_wconf 79' lang='lat' dir='ltr'><strong>signum</strong></span> <span class='ocrx_word' id='word_1_529' title='bbox 3863 1724 4153 1790; x_wconf 86' lang='lat' dir='ltr'><strong>exterius</strong></span> <span class='ocrx_word' id='word_1_530' title='bbox 4197 1723 4280 1789; x_wconf 90' lang='lat' dir='ltr'><strong>ad</strong></span> 
     </span>
     <span class='ocr_line' id='line_1_76' title="bbox 2330 1804 4278 1891; baseline 0.001 -18"><span class='ocrx_word' id='word_1_531' title='bbox 2330 1807 2754 1872; x_wconf 88' lang='lat' dir='ltr'><strong>revelandum</strong></span> <span class='ocrx_word' id='word_1_532' title='bbox 2822 1804 3010 1870; x_wconf 90' lang='lat' dir='ltr'><strong>nobis</strong></span> <span class='ocrx_word' id='word_1_533' title='bbox 3061 1807 3179 1870; x_wconf 90' lang='lat' dir='ltr'><strong>Dei</strong></span> <span class='ocrx_word' id='word_1_534' title='bbox 3228 1806 3570 1872; x_wconf 90' lang='lat' dir='ltr'><strong>consilium</strong></span> <span class='ocrx_word' id='word_1_535' title='bbox 3633 1808 4104 1891; x_wconf 87' lang='lat' dir='ltr'><strong>percipiemus,</strong></span> <span class='ocrx_word' id='word_1_536' title='bbox 4161 1809 4278 1875; x_wconf 90' lang='lat' dir='ltr'><strong>sed</strong></span> 
     </span>
     <span class='ocr_line' id='line_1_77' title="bbox 2331 1891 4279 1978; baseline 0.001 -20"><span class='ocrx_word' id='word_1_537' title='bbox 2331 1906 2551 1958; x_wconf 89' lang='lat' dir='ltr'><strong>tamen</strong></span> <span class='ocrx_word' id='word_1_538' title='bbox 2585 1891 2768 1956; x_wconf 87' lang='lat' dir='ltr'><strong>Deus</strong></span> <span class='ocrx_word' id='word_1_539' title='bbox 2801 1891 3215 1974; x_wconf 89' lang='lat' dir='ltr'><strong>respondebit</strong></span> <span class='ocrx_word' id='word_1_540' title='bbox 3250 1892 3725 1975; x_wconf 88' lang='lat' dir='ltr'><strong>consiliumque</strong></span> <span class='ocrx_word' id='word_1_541' title='bbox 3761 1909 4079 1976; x_wconf 90' lang='lat' dir='ltr'><strong>quantum</strong></span> <span class='ocrx_word' id='word_1_542' title='bbox 4112 1917 4279 1978; x_wconf 90' lang='lat' dir='ltr'><strong>opus</strong></span> 
     </span>
     <span class='ocr_line' id='line_1_78' title="bbox 2329 1976 4278 2061; baseline 0.001 -19"><span class='ocrx_word' id='word_1_543' title='bbox 2329 1981 2453 2043; x_wconf 87' lang='lat' dir='ltr'><strong>erit</strong></span> <span class='ocrx_word' id='word_1_544' title='bbox 2512 1976 2971 2061; x_wconf 85' lang='lat' dir='ltr'><strong>suppeditabit.</strong></span> <span class='ocrx_word' id='word_1_545' title='bbox 3065 1976 3230 2041; x_wconf 89' lang='lat' dir='ltr'><strong>Nam</strong></span> <span class='ocrx_word' id='word_1_546' title='bbox 3293 1978 3463 2060; x_wconf 89' lang='lat' dir='ltr'><strong>quod</strong></span> <span class='ocrx_word' id='word_1_547' title='bbox 3520 1978 3601 2044; x_wconf 90' lang='lat' dir='ltr'><strong>de</strong></span> <span class='ocrx_word' id='word_1_548' title='bbox 3645 1978 3904 2045; x_wconf 87' lang='lat' dir='ltr'><strong>Davide</strong></span> <span class='ocrx_word' id='word_1_549' title='bbox 3962 1980 4072 2046; x_wconf 89' lang='lat' dir='ltr'><strong>hic</strong></span> <span class='ocrx_word' id='word_1_550' title='bbox 4117 1981 4278 2046; x_wconf 90' lang='lat' dir='ltr'><strong>dici-</strong></span> 
     </span>
     <span class='ocr_line' id='line_1_79' title="bbox 2330 2062 4281 2147; baseline 0.001 -17"><span class='ocrx_word' id='word_1_551' title='bbox 2330 2075 2475 2144; x_wconf 85' lang='lat' dir='ltr'><strong>tur,</strong></span> <span class='ocrx_word' id='word_1_552' title='bbox 2540 2085 2670 2127; x_wconf 91' lang='lat' dir='ltr'><strong>non</strong></span> <span class='ocrx_word' id='word_1_553' title='bbox 2737 2062 3014 2146; x_wconf 90' lang='lat' dir='ltr'><strong>speciale</strong></span> <span class='ocrx_word' id='word_1_554' title='bbox 3073 2062 3335 2146; x_wconf 88' lang='lat' dir='ltr'><strong>aliquod</strong></span> <span class='ocrx_word' id='word_1_555' title='bbox 3396 2065 3814 2147; x_wconf 85' lang='lat' dir='ltr'><strong>privilegium</strong></span> <span class='ocrx_word' id='word_1_556' title='bbox 3872 2076 4094 2140; x_wconf 78' lang='lat' dir='ltr'><strong>notat.</strong></span> <span class='ocrx_word' id='word_1_557' title='bbox 4162 2066 4281 2132; x_wconf 89' lang='lat' dir='ltr'><strong>sed</strong></span> 
     </span>
     <span class='ocr_line' id='line_1_80' title="bbox 2329 2148 4279 2233; baseline 0.001 -19"><span class='ocrx_word' id='word_1_558' title='bbox 2329 2154 2544 2233; x_wconf 88' lang='lat' dir='ltr'><strong>potius</strong></span> <span class='ocrx_word' id='word_1_559' title='bbox 2589 2148 2878 2213; x_wconf 85' lang='lat' dir='ltr'><strong>declarat</strong></span> <span class='ocrx_word' id='word_1_560' title='bbox 2920 2148 3093 2213; x_wconf 87' lang='lat' dir='ltr'><strong>idem</strong></span> <span class='ocrx_word' id='word_1_561' title='bbox 3143 2149 3331 2215; x_wconf 89' lang='lat' dir='ltr'><strong>nobis</strong></span> <span class='ocrx_word' id='word_1_562' title='bbox 3366 2152 3876 2232; x_wconf 87' lang='lat' dir='ltr'><strong>exspectandum</strong></span> <span class='ocrx_word' id='word_1_563' title='bbox 3914 2152 4279 2231; x_wconf 87' lang='lat' dir='ltr'><strong>consilium,</strong></span> 
     </span>
     <span class='ocr_line' id='line_1_81' title="bbox 2328 2233 4279 2321; baseline 0.001 -20"><span class='ocrx_word' id='word_1_564' title='bbox 2328 2250 2394 2301; x_wconf 84' lang='lat' dir='ltr'><strong>et</strong></span> <span class='ocrx_word' id='word_1_565' title='bbox 2452 2257 2585 2300; x_wconf 91' lang='lat' dir='ltr'><strong>non</strong></span> <span class='ocrx_word' id='word_1_566' title='bbox 2644 2233 3074 2300; x_wconf 86' lang='lat' dir='ltr'><strong>dubitandum</strong></span> <span class='ocrx_word' id='word_1_567' title='bbox 3129 2236 3288 2317; x_wconf 92' lang='lat' dir='ltr'><strong>quin</strong></span> <span class='ocrx_word' id='word_1_568' title='bbox 3340 2237 3518 2301; x_wconf 90' lang='lat' dir='ltr'><strong>Deus</strong></span> <span class='ocrx_word' id='word_1_569' title='bbox 3580 2238 3764 2301; x_wconf 91' lang='lat' dir='ltr'><strong>nobis</strong></span> <span class='ocrx_word' id='word_1_570' title='bbox 3821 2237 4039 2321; x_wconf 89' lang='lat' dir='ltr'><strong>ipsum</strong></span> <span class='ocrx_word' id='word_1_571' title='bbox 4091 2238 4279 2303; x_wconf 90' lang='lat' dir='ltr'><strong>invo-</strong></span> 
     </span>
     <span class='ocr_line' id='line_1_82' title="bbox 2326 2320 4274 2405; baseline 0.001 -18"><span class='ocrx_word' id='word_1_572' title='bbox 2326 2320 2622 2387; x_wconf 86' lang='lat' dir='ltr'><strong>cantibus</strong></span> <span class='ocrx_word' id='word_1_573' title='bbox 2699 2320 3017 2385; x_wconf 85' lang='lat' dir='ltr'><strong>auxilium</strong></span> <span class='ocrx_word' id='word_1_574' title='bbox 3100 2342 3299 2403; x_wconf 88' lang='lat' dir='ltr'><strong>quum</strong></span> <span class='ocrx_word' id='word_1_575' title='bbox 3389 2341 3555 2405; x_wconf 90' lang='lat' dir='ltr'><strong>opus</strong></span> <span class='ocrx_word' id='word_1_576' title='bbox 3645 2324 3774 2387; x_wconf 92' lang='lat' dir='ltr'><strong>erit</strong></span> <span class='ocrx_word' id='word_1_577' title='bbox 3855 2328 4104 2388; x_wconf 90' lang='lat' dir='ltr'><strong>laturus</strong></span> <span class='ocrx_word' id='word_1_578' title='bbox 4168 2326 4274 2401; x_wconf 90' lang='lat' dir='ltr'><strong>sit,</strong></span> 
     </span>
     <span class='ocr_line' id='line_1_83' title="bbox 2326 2406 4279 2492; baseline 0 -20"><span class='ocrx_word' id='word_1_579' title='bbox 2326 2406 2851 2491; x_wconf 85' lang='lat' dir='ltr'><strong>quandoquidem</strong></span> <span class='ocrx_word' id='word_1_580' title='bbox 2899 2406 3289 2471; x_wconf 88' lang='lat' dir='ltr'><strong>nominatim</strong></span> <span class='ocrx_word' id='word_1_581' title='bbox 3336 2428 3451 2489; x_wconf 88' lang='lat' dir='ltr'><strong>per</strong></span> <span class='ocrx_word' id='word_1_582' title='bbox 3495 2411 3882 2490; x_wconf 86' lang='lat' dir='ltr'><strong>prophetam</strong></span> <span class='ocrx_word' id='word_1_583' title='bbox 3931 2411 4279 2492; x_wconf 85' lang='lat' dir='ltr'><strong>profitetur</strong></span> 
     </span>
     <span class='ocr_line' id='line_1_84' title="bbox 2329 2492 4280 2577; baseline 0.001 -18"><span class='ocrx_word' id='word_1_584' title='bbox 2329 2515 2521 2559; x_wconf 89' lang='lat' dir='ltr'><strong>aures</strong></span> <span class='ocrx_word' id='word_1_585' title='bbox 2566 2514 2717 2557; x_wconf 89' lang='lat' dir='ltr'><strong>suas</strong></span> <span class='ocrx_word' id='word_1_586' title='bbox 2754 2492 3148 2575; x_wconf 90' lang='lat' dir='ltr'><strong>propinquas</strong></span> <span class='ocrx_word' id='word_1_587' title='bbox 3193 2514 3333 2557; x_wconf 89' lang='lat' dir='ltr'><strong>esse</strong></span> <span class='ocrx_word' id='word_1_588' title='bbox 3377 2494 3680 2558; x_wconf 89' lang='lat' dir='ltr'><strong>omuibus</strong></span> <span class='ocrx_word' id='word_1_589' title='bbox 3725 2495 3940 2577; x_wconf 88' lang='lat' dir='ltr'><strong>ipsum</strong></span> <span class='ocrx_word' id='word_1_590' title='bbox 3984 2495 4056 2559; x_wconf 91' lang='lat' dir='ltr'><strong>in</strong></span> <span class='ocrx_word' id='word_1_591' title='bbox 4105 2496 4280 2560; x_wconf 87' lang='lat' dir='ltr'><strong>veri·</strong></span> 
     </span>
     <span class='ocr_line' id='line_1_85' title="bbox 2330 2578 4279 2664; baseline 0.002 -21"><span class='ocrx_word' id='word_1_592' title='bbox 2330 2594 2463 2644; x_wconf 83' lang='lat' dir='ltr'><strong>tate</strong></span> <span class='ocrx_word' id='word_1_593' title='bbox 2528 2579 3029 2661; x_wconf 89' lang='lat' dir='ltr'><strong>quaerentibus,</strong></span> <span class='ocrx_word' id='word_1_594' title='bbox 3110 2587 3176 2641; x_wconf 89' lang='lat' dir='ltr'><strong>et</strong></span> <span class='ocrx_word' id='word_1_595' title='bbox 3219 2578 3438 2643; x_wconf 89' lang='lat' dir='ltr'><strong>oculos</strong></span> <span class='ocrx_word' id='word_1_596' title='bbox 3505 2580 3797 2644; x_wconf 89' lang='lat' dir='ltr'><strong>intentos</strong></span> <span class='ocrx_word' id='word_1_597' title='bbox 3870 2581 3937 2644; x_wconf 91' lang='lat' dir='ltr'><strong>in</strong></span> <span class='ocrx_word' id='word_1_598' title='bbox 3997 2602 4106 2646; x_wconf 90' lang='lat' dir='ltr'><strong>eos</strong></span> <span class='ocrx_word' id='word_1_599' title='bbox 4165 2580 4279 2664; x_wconf 87' lang='lat' dir='ltr'><strong>qui</strong></span> 
     </span>
     <span class='ocr_line' id='line_1_86' title="bbox 2330 2664 4280 2749; baseline 0.001 -19"><span class='ocrx_word' id='word_1_600' title='bbox 2330 2664 2647 2730; x_wconf 87' lang='lat' dir='ltr'><strong>auxilium</strong></span> <span class='ocrx_word' id='word_1_601' title='bbox 2693 2665 2895 2747; x_wconf 87' lang='lat' dir='ltr'><strong>ipsius</strong></span> <span class='ocrx_word' id='word_1_602' title='bbox 2939 2675 3336 2745; x_wconf 88' lang='lat' dir='ltr'><strong>exspectant.</strong></span> <span class='ocrx_word' id='word_1_603' title='bbox 3395 2664 3808 2748; x_wconf 87' lang='lat' dir='ltr'><strong>Responsum</strong></span> <span class='ocrx_word' id='word_1_604' title='bbox 3856 2666 4060 2749; x_wconf 87' lang='lat' dir='ltr'><strong>igitur</strong></span> <span class='ocrx_word' id='word_1_605' title='bbox 4103 2666 4280 2732; x_wconf 88' lang='lat' dir='ltr'><strong>istud</strong></span> 
     </span>
     <span class='ocr_line' id='line_1_87' title="bbox 2327 2750 4277 2818; baseline 0.002 -3"><span class='ocrx_word' id='word_1_606' title='bbox 2327 2751 2569 2815; x_wconf 88' lang='lat' dir='ltr'><strong>Davidi</strong></span> <span class='ocrx_word' id='word_1_607' title='bbox 2625 2751 2869 2815; x_wconf 84' lang='lat' dir='ltr'><strong>factum</strong></span> <span class='ocrx_word' id='word_1_608' title='bbox 2926 2762 3180 2814; x_wconf 90' lang='lat' dir='ltr'><strong>certum</strong></span> <span class='ocrx_word' id='word_1_609' title='bbox 3243 2761 3310 2814; x_wconf 91' lang='lat' dir='ltr'><strong>et</strong></span> <span class='ocrx_word' id='word_1_610' title='bbox 3352 2750 3791 2815; x_wconf 86' lang='lat' dir='ltr'><strong>indubitatum</strong></span> <span class='ocrx_word' id='word_1_611' title='bbox 3838 2768 3938 2816; x_wconf 89' lang='lat' dir='ltr'><strong>est</strong></span> <span class='ocrx_word' id='word_1_612' title='bbox 3985 2752 4277 2818; x_wconf 88' lang='lat' dir='ltr'><strong>testimo·</strong></span> 
     </span>
     <span class='ocr_line' id='line_1_88' title="bbox 2329 2833 4279 2921; baseline 0.001 -20"><span class='ocrx_word' id='word_1_613' title='bbox 2329 2841 2510 2901; x_wconf 90' lang='lat' dir='ltr'><strong>nium</strong></span> <span class='ocrx_word' id='word_1_614' title='bbox 2538 2835 2768 2901; x_wconf 88' lang='lat' dir='ltr'><strong>auxilii</strong></span> <span class='ocrx_word' id='word_1_615' title='bbox 2790 2833 3017 2910; x_wconf 89' lang='lat' dir='ltr'><strong>divini,</strong></span> <span class='ocrx_word' id='word_1_616' title='bbox 3056 2837 3307 2917; x_wconf 90' lang='lat' dir='ltr'><strong>quoties</strong></span> <span class='ocrx_word' id='word_1_617' title='bbox 3346 2835 3509 2900; x_wconf 90' lang='lat' dir='ltr'><strong>nihil</strong></span> <span class='ocrx_word' id='word_1_618' title='bbox 3551 2848 3793 2901; x_wconf 87' lang='lat' dir='ltr'><strong>temere</strong></span> <span class='ocrx_word' id='word_1_619' title='bbox 3828 2837 4279 2921; x_wconf 88' lang='lat' dir='ltr'><strong>suscipiemus,</strong></span> 
     </span>
     <span class='ocr_line' id='line_1_89' title="bbox 2327 2920 4277 3007; baseline 0 -19"><span class='ocrx_word' id='word_1_620' title='bbox 2327 2924 2439 2988; x_wconf 89' lang='lat' dir='ltr'><strong>sed</strong></span> <span class='ocrx_word' id='word_1_621' title='bbox 2500 2944 2541 2986; x_wconf 90' lang='lat' dir='ltr'><strong>a</strong></span> <span class='ocrx_word' id='word_1_622' title='bbox 2583 2920 2729 2986; x_wconf 92' lang='lat' dir='ltr'><strong>Deo</strong></span> <span class='ocrx_word' id='word_1_623' title='bbox 2784 2922 2900 2986; x_wconf 89' lang='lat' dir='ltr'><strong>toti</strong></span> <span class='ocrx_word' id='word_1_624' title='bbox 2947 2920 3403 3003; x_wconf 85' lang='lat' dir='ltr'><strong>pendebimus,</strong></span> <span class='ocrx_word' id='word_1_625' title='bbox 3460 2933 3525 2985; x_wconf 90' lang='lat' dir='ltr'><strong>et</strong></span> <span class='ocrx_word' id='word_1_626' title='bbox 3579 2922 3648 2986; x_wconf 92' lang='lat' dir='ltr'><strong>in</strong></span> <span class='ocrx_word' id='word_1_627' title='bbox 3717 2923 3925 3004; x_wconf 89' lang='lat' dir='ltr'><strong>ipsius</strong></span> <span class='ocrx_word' id='word_1_628' title='bbox 3967 2925 4277 3007; x_wconf 88' lang='lat' dir='ltr'><strong>obsequio</strong></span> 
     </span>
     <span class='ocr_line' id='line_1_90' title="bbox 2328 3006 4279 3087; baseline 0.001 -13"><span class='ocrx_word' id='word_1_629' title='bbox 2328 3031 2446 3074; x_wconf 92' lang='lat' dir='ltr'><strong>nos</strong></span> <span class='ocrx_word' id='word_1_630' title='bbox 2504 3007 2999 3074; x_wconf 90' lang='lat' dir='ltr'><strong>continebimus.</strong></span> <span class='ocrx_word' id='word_1_631' title='bbox 3099 3006 3200 3071; x_wconf 90' lang='lat' dir='ltr'><strong>Ne</strong></span> <span class='ocrx_word' id='word_1_632' title='bbox 3266 3007 3472 3087; x_wconf 80' lang='lat' dir='ltr'><strong>igitur</strong></span> <span class='ocrx_word' id='word_1_633' title='bbox 3539 3007 3891 3073; x_wconf 89' lang='lat' dir='ltr'><strong>multorum</strong></span> <span class='ocrx_word' id='word_1_634' title='bbox 3952 3010 4279 3075; x_wconf 88' lang='lat' dir='ltr'><strong>insaniam</strong></span> 
     </span>
     <span class='ocr_line' id='line_1_91' title="bbox 2329 3093 4279 3176; baseline 0.001 -17"><span class='ocrx_word' id='word_1_635' title='bbox 2329 3094 2522 3160; x_wconf 91' lang='lat' dir='ltr'><strong>bodie</strong></span> <span class='ocrx_word' id='word_1_636' title='bbox 2601 3093 2970 3169; x_wconf 88' lang='lat' dir='ltr'><strong>imitemur,</strong></span> <span class='ocrx_word' id='word_1_637' title='bbox 3050 3093 3162 3174; x_wconf 92' lang='lat' dir='ltr'><strong>qui</strong></span> <span class='ocrx_word' id='word_1_638' title='bbox 3237 3114 3306 3158; x_wconf 89' lang='lat' dir='ltr'><strong>se</strong></span> <span class='ocrx_word' id='word_1_639' title='bbox 3375 3095 3838 3175; x_wconf 85' lang='lat' dir='ltr'><strong>praescriptam</strong></span> <span class='ocrx_word' id='word_1_640' title='bbox 3909 3093 4171 3176; x_wconf 89' lang='lat' dir='ltr'><strong>quidem</strong></span> <span class='ocrx_word' id='word_1_641' title='bbox 4239 3115 4279 3161; x_wconf 87' lang='lat' dir='ltr'><strong>a</strong></span> 
     </span>
     <span class='ocr_line' id='line_1_92' title="bbox 2331 3177 4277 3262; baseline 0.002 -19"><span class='ocrx_word' id='word_1_642' title='bbox 2331 3178 2612 3245; x_wconf 89' lang='lat' dir='ltr'><strong>Domino</strong></span> <span class='ocrx_word' id='word_1_643' title='bbox 2659 3180 2831 3243; x_wconf 87' lang='lat' dir='ltr'><strong>viam</strong></span> <span class='ocrx_word' id='word_1_644' title='bbox 2878 3177 3064 3261; x_wconf 92' lang='lat' dir='ltr'><strong>sequi</strong></span> <span class='ocrx_word' id='word_1_645' title='bbox 3112 3178 3278 3243; x_wconf 88' lang='lat' dir='ltr'><strong>velle</strong></span> <span class='ocrx_word' id='word_1_646' title='bbox 3323 3177 3562 3256; x_wconf 79' lang='lat' dir='ltr'><strong>dicant,</strong></span> <span class='ocrx_word' id='word_1_647' title='bbox 3608 3192 3670 3242; x_wconf 91' lang='lat' dir='ltr'><strong>et</strong></span> <span class='ocrx_word' id='word_1_648' title='bbox 3718 3181 4277 3262; x_wconf 87' lang='lat' dir='ltr'><strong>opportunitatem</strong></span> 
     </span>
     <span class='ocr_line' id='line_1_93' title="bbox 2330 3262 4278 3348; baseline 0.001 -17"><span class='ocrx_word' id='word_1_649' title='bbox 2330 3279 2620 3347; x_wconf 91' lang='lat' dir='ltr'><strong>tempore</strong></span> <span class='ocrx_word' id='word_1_650' title='bbox 2651 3267 2835 3343; x_wconf 87' lang='lat' dir='ltr'><strong>scire,</strong></span> <span class='ocrx_word' id='word_1_651' title='bbox 2882 3262 3073 3328; x_wconf 91' lang='lat' dir='ltr'><strong>modo</strong></span> <span class='ocrx_word' id='word_1_652' title='bbox 3105 3265 3393 3329; x_wconf 88' lang='lat' dir='ltr'><strong>externis</strong></span> <span class='ocrx_word' id='word_1_653' title='bbox 3429 3262 3754 3346; x_wconf 88' lang='lat' dir='ltr'><strong>aliquibus</strong></span> <span class='ocrx_word' id='word_1_654' title='bbox 3797 3265 4007 3348; x_wconf 87' lang='lat' dir='ltr'><strong>signis</strong></span> <span class='ocrx_word' id='word_1_655' title='bbox 4051 3268 4278 3332; x_wconf 88' lang='lat' dir='ltr'><strong>volun-</strong></span> 
     </span>
     <span class='ocr_line' id='line_1_94' title="bbox 2328 3348 4280 3435; baseline 0 -18"><span class='ocrx_word' id='word_1_656' title='bbox 2328 3364 2531 3417; x_wconf 89' lang='lat' dir='ltr'><strong>tatem</strong></span> <span class='ocrx_word' id='word_1_657' title='bbox 2577 3371 2763 3416; x_wconf 90' lang='lat' dir='ltr'><strong>suam</strong></span> <span class='ocrx_word' id='word_1_658' title='bbox 2794 3349 2979 3415; x_wconf 88' lang='lat' dir='ltr'><strong>Deus</strong></span> <span class='ocrx_word' id='word_1_659' title='bbox 3023 3351 3182 3432; x_wconf 89' lang='lat' dir='ltr'><strong>ipsis</strong></span> <span class='ocrx_word' id='word_1_660' title='bbox 3221 3350 3631 3432; x_wconf 83' lang='lat' dir='ltr'><strong>patefaceret.</strong></span> <span class='ocrx_word' id='word_1_661' title='bbox 3679 3348 3812 3415; x_wconf 73' lang='lat' dir='ltr'><strong>Sed</strong></span> <span class='ocrx_word' id='word_1_662' title='bbox 3850 3373 4053 3435; x_wconf 89' lang='lat' dir='ltr'><strong>quum</strong></span> <span class='ocrx_word' id='word_1_663' title='bbox 4094 3353 4280 3417; x_wconf 85' lang='lat' dir='ltr'><strong>Deus</strong></span> 
     </span>
     <span class='ocr_line' id='line_1_95' title="bbox 2329 3435 4280 3520; baseline 0.001 -18"><span class='ocrx_word' id='word_1_664' title='bbox 2329 3439 2737 3502; x_wconf 88' lang='lat' dir='ltr'><strong>voluntatem</strong></span> <span class='ocrx_word' id='word_1_665' title='bbox 2784 3457 2971 3501; x_wconf 84' lang='lat' dir='ltr'><strong>suam</strong></span> <span class='ocrx_word' id='word_1_666' title='bbox 3015 3435 3215 3500; x_wconf 86' lang='lat' dir='ltr'><strong>verbo</strong></span> <span class='ocrx_word' id='word_1_667' title='bbox 3258 3456 3375 3500; x_wconf 92' lang='lat' dir='ltr'><strong>suo</strong></span> <span class='ocrx_word' id='word_1_668' title='bbox 3423 3436 3819 3519; x_wconf 88' lang='lat' dir='ltr'><strong>patefecerit,</strong></span> <span class='ocrx_word' id='word_1_669' title='bbox 3866 3438 4020 3519; x_wconf 90' lang='lat' dir='ltr'><strong>quid</strong></span> <span class='ocrx_word' id='word_1_670' title='bbox 4070 3439 4280 3520; x_wconf 90' lang='lat' dir='ltr'><strong>pluri-</strong></span> 
     </span>
     <span class='ocr_line' id='line_1_96' title="bbox 2331 3519 4278 3607; baseline 0 -19"><span class='ocrx_word' id='word_1_671' title='bbox 2331 3526 2447 3589; x_wconf 88' lang='lat' dir='ltr'><strong>bus</strong></span> <span class='ocrx_word' id='word_1_672' title='bbox 2509 3545 2677 3607; x_wconf 91' lang='lat' dir='ltr'><strong>opus</strong></span> <span class='ocrx_word' id='word_1_673' title='bbox 2735 3520 2880 3587; x_wconf 80' lang='lat' dir='ltr'><strong>est?</strong></span> <span class='ocrx_word' id='word_1_674' title='bbox 2977 3521 3073 3586; x_wconf 91' lang='lat' dir='ltr'><strong>Ne</strong></span> <span class='ocrx_word' id='word_1_675' title='bbox 3144 3519 3423 3603; x_wconf 87' lang='lat' dir='ltr'><strong>denique</strong></span> <span class='ocrx_word' id='word_1_676' title='bbox 3484 3521 3856 3606; x_wconf 81' lang='lat' dir='ltr'><strong>hypocritas</strong></span> <span class='ocrx_word' id='word_1_677' title='bbox 3925 3524 4278 3605; x_wconf 86' lang='lat' dir='ltr'><strong>imitemur,</strong></span> 
     </span>
     <span class='ocr_line' id='line_1_97' title="bbox 2326 3606 4280 3693; baseline 0.002 -22"><span class='ocrx_word' id='word_1_678' title='bbox 2326 3611 2440 3693; x_wconf 83' lang='lat' dir='ltr'><strong>qni</strong></span> <span class='ocrx_word' id='word_1_679' title='bbox 2485 3612 2607 3675; x_wconf 89' lang='lat' dir='ltr'><strong>sibi</strong></span> <span class='ocrx_word' id='word_1_680' title='bbox 2655 3608 2872 3672; x_wconf 90' lang='lat' dir='ltr'><strong>Deum</strong></span> <span class='ocrx_word' id='word_1_681' title='bbox 2933 3607 3305 3673; x_wconf 86' lang='lat' dir='ltr'><strong>devinctum</strong></span> <span class='ocrx_word' id='word_1_682' title='bbox 3373 3606 3775 3672; x_wconf 81' lang='lat' dir='ltr'><strong>arbitrantur</strong></span> <span class='ocrx_word' id='word_1_683' title='bbox 3818 3629 4019 3691; x_wconf 88' lang='lat' dir='ltr'><strong>quum</strong></span> <span class='ocrx_word' id='word_1_684' title='bbox 4064 3611 4280 3693; x_wconf 85' lang='lat' dir='ltr'><strong>ipsum</strong></span> 
     </span>
     <span class='ocr_line' id='line_1_98' title="bbox 2327 3694 4276 3776; baseline 0.001 -16"><span class='ocrx_word' id='word_1_685' title='bbox 2327 3697 2756 3771; x_wconf 84' lang='lat' dir='ltr'><strong>invocarunt,</strong></span> <span class='ocrx_word' id='word_1_686' title='bbox 2802 3706 2870 3758; x_wconf 90' lang='lat' dir='ltr'><strong>et</strong></span> <span class='ocrx_word' id='word_1_687' title='bbox 2913 3694 2971 3758; x_wconf 91' lang='lat' dir='ltr'><strong>si</strong></span> <span class='ocrx_word' id='word_1_688' title='bbox 3020 3714 3147 3757; x_wconf 88' lang='lat' dir='ltr'><strong>non</strong></span> <span class='ocrx_word' id='word_1_689' title='bbox 3199 3708 3465 3776; x_wconf 90' lang='lat' dir='ltr'><strong>repente</strong></span> <span class='ocrx_word' id='word_1_690' title='bbox 3511 3696 3712 3775; x_wconf 89' lang='lat' dir='ltr'><strong>ipsius</strong></span> <span class='ocrx_word' id='word_1_691' title='bbox 3756 3694 4076 3760; x_wconf 88' lang='lat' dir='ltr'><strong>auxilium</strong></span> <span class='ocrx_word' id='word_1_692' title='bbox 4124 3718 4276 3761; x_wconf 90' lang='lat' dir='ltr'><strong>sen-</strong></span> 
     </span>
     <span class='ocr_line' id='line_1_99' title="bbox 2329 3777 4282 3862; baseline 0.001 -16"><span class='ocrx_word' id='word_1_693' title='bbox 2329 3786 2499 3846; x_wconf 87' lang='lat' dir='ltr'><strong>tiant</strong></span> <span class='ocrx_word' id='word_1_694' title='bbox 2557 3781 2978 3845; x_wconf 85' lang='lat' dir='ltr'><strong>vehementer</strong></span> <span class='ocrx_word' id='word_1_695' title='bbox 3032 3777 3491 3861; x_wconf 85' lang='lat' dir='ltr'><strong>indignantur,</strong></span> <span class='ocrx_word' id='word_1_696' title='bbox 3552 3789 3621 3843; x_wconf 88' lang='lat' dir='ltr'><strong>et</strong></span> <span class='ocrx_word' id='word_1_697' title='bbox 3676 3779 3801 3862; x_wconf 88' lang='lat' dir='ltr'><strong>ipsi</strong></span> <span class='ocrx_word' id='word_1_698' title='bbox 3861 3781 4058 3846; x_wconf 90' lang='lat' dir='ltr'><strong>etiam</strong></span> <span class='ocrx_word' id='word_1_699' title='bbox 4105 3781 4282 3848; x_wconf 90' lang='lat' dir='ltr'><strong>oblo-</strong></span> 
     </span>
     <span class='ocr_line' id='line_1_100' title="bbox 2327 3865 4277 3951; baseline 0.001 -19"><span class='ocrx_word' id='word_1_700' title='bbox 2327 3880 2656 3951; x_wconf 90' lang='lat' dir='ltr'><strong>quuntur,</strong></span> <span class='ocrx_word' id='word_1_701' title='bbox 2725 3865 2894 3948; x_wconf 89' lang='lat' dir='ltr'><strong>quod</strong></span> <span class='ocrx_word' id='word_1_702' title='bbox 2966 3887 3097 3928; x_wconf 91' lang='lat' dir='ltr'><strong>non</strong></span> <span class='ocrx_word' id='word_1_703' title='bbox 3161 3866 3504 3929; x_wconf 82' lang='lat' dir='ltr'><strong>invocatus</strong></span> <span class='ocrx_word' id='word_1_704' title='bbox 3562 3866 3641 3929; x_wconf 89' lang='lat' dir='ltr'><strong>ab</strong></span> <span class='ocrx_word' id='word_1_705' title='bbox 3702 3866 3861 3947; x_wconf 91' lang='lat' dir='ltr'><strong>ipsis</strong></span> <span class='ocrx_word' id='word_1_706' title='bbox 3903 3869 4124 3931; x_wconf 84' lang='lat' dir='ltr'><strong>statim</strong></span> <span class='ocrx_word' id='word_1_707' title='bbox 4174 3890 4277 3933; x_wconf 88' lang='lat' dir='ltr'><strong>re·</strong></span> 
     </span>
     <span class='ocr_line' id='line_1_101' title="bbox 2327 3949 4276 4037; baseline -0.001 -17"><span class='ocrx_word' id='word_1_708' title='bbox 2327 3954 2695 4037; x_wconf 81' lang='lat' dir='ltr'><strong>sponderit:</strong></span> <span class='ocrx_word' id='word_1_709' title='bbox 2733 3962 2798 4016; x_wconf 89' lang='lat' dir='ltr'><strong>et</strong></span> <span class='ocrx_word' id='word_1_710' title='bbox 2827 3951 3031 4015; x_wconf 86' lang='lat' dir='ltr'><strong>multa</strong></span> <span class='ocrx_word' id='word_1_711' title='bbox 3056 3965 3383 4033; x_wconf 88' lang='lat' dir='ltr'><strong>satagunt,</strong></span> <span class='ocrx_word' id='word_1_712' title='bbox 3410 3965 3478 4015; x_wconf 92' lang='lat' dir='ltr'><strong>et</strong></span> <span class='ocrx_word' id='word_1_713' title='bbox 3506 3949 3933 4034; x_wconf 86' lang='lat' dir='ltr'><strong>undecunque</strong></span> <span class='ocrx_word' id='word_1_714' title='bbox 3956 3953 4276 4018; x_wconf 87' lang='lat' dir='ltr'><strong>auxilium</strong></span> 
     </span>
     <span class='ocr_line' id='line_1_102' title="bbox 2328 4034 4274 4123; baseline -0.001 -18"><span class='ocrx_word' id='word_1_715' title='bbox 2328 4055 2686 4123; x_wconf 81' lang='lat' dir='ltr'><strong>quaerunt,</strong></span> <span class='ocrx_word' id='word_1_716' title='bbox 2743 4036 2856 4102; x_wconf 87' lang='lat' dir='ltr'><strong>sed</strong></span> <span class='ocrx_word' id='word_1_717' title='bbox 2903 4036 3136 4118; x_wconf 85' lang='lat' dir='ltr'><strong>quibus</strong></span> <span class='ocrx_word' id='word_1_718' title='bbox 3182 4036 3446 4100; x_wconf 88' lang='lat' dir='ltr'><strong>tandem</strong></span> <span class='ocrx_word' id='word_1_719' title='bbox 3494 4034 3681 4101; x_wconf 84' lang='lat' dir='ltr'><strong>Deus</strong></span> <span class='ocrx_word' id='word_1_720' title='bbox 3727 4058 3857 4101; x_wconf 91' lang='lat' dir='ltr'><strong>non</strong></span> <span class='ocrx_word' id='word_1_721' title='bbox 3906 4040 4274 4120; x_wconf 89' lang='lat' dir='ltr'><strong>respondet,</strong></span> 
     </span>
     <span class='ocr_line' id='line_1_103' title="bbox 2328 4121 4276 4210; baseline -0.001 -20"><span class='ocrx_word' id='word_1_722' title='bbox 2328 4129 2484 4210; x_wconf 89' lang='lat' dir='ltr'><strong>quin</strong></span> <span class='ocrx_word' id='word_1_723' title='bbox 2526 4124 2743 4209; x_wconf 91' lang='lat' dir='ltr'><strong>potius</strong></span> <span class='ocrx_word' id='word_1_724' title='bbox 2788 4124 2856 4186; x_wconf 92' lang='lat' dir='ltr'><strong>in</strong></span> <span class='ocrx_word' id='word_1_725' title='bbox 2903 4121 3361 4186; x_wconf 84' lang='lat' dir='ltr'><strong>difficultatum</strong></span> <span class='ocrx_word' id='word_1_726' title='bbox 3397 4123 3725 4204; x_wconf 88' lang='lat' dir='ltr'><strong>angustiis</strong></span> <span class='ocrx_word' id='word_1_727' title='bbox 3763 4143 3896 4187; x_wconf 92' lang='lat' dir='ltr'><strong>non</strong></span> <span class='ocrx_word' id='word_1_728' title='bbox 3934 4123 4276 4190; x_wconf 87' lang='lat' dir='ltr'><strong>exauditos</strong></span> 
     </span>
     <span class='ocr_line' id='line_1_104' title="bbox 2330 4207 4279 4293; baseline -0.001 -16"><span class='ocrx_word' id='word_1_729' title='bbox 2330 4212 2669 4293; x_wconf 80' lang='lat' dir='ltr'><strong>relinquit3</strong></span> <span class='ocrx_word' id='word_1_730' title='bbox 2736 4207 2904 4292; x_wconf 88' lang='lat' dir='ltr'><strong>quod</strong></span> <span class='ocrx_word' id='word_1_731' title='bbox 2973 4209 3177 4290; x_wconf 89' lang='lat' dir='ltr'><strong>ipsius</strong></span> <span class='ocrx_word' id='word_1_732' title='bbox 3237 4208 3457 4272; x_wconf 76' lang='lat' dir='ltr'><strong>Saulis</strong></span> <span class='ocrx_word' id='word_1_733' title='bbox 3510 4208 3812 4291; x_wconf 87' lang='lat' dir='ltr'><strong>exemplo</strong></span> <span class='ocrx_word' id='word_1_734' title='bbox 3877 4210 4065 4290; x_wconf 88' lang='lat' dir='ltr'><strong>paulo</strong></span> <span class='ocrx_word' id='word_1_735' title='bbox 4124 4222 4279 4275; x_wconf 87' lang='lat' dir='ltr'><strong>ante</strong></span> 
     </span>
     <span class='ocr_line' id='line_1_105' title="bbox 2333 4293 4277 4376; baseline -0.001 -14"><span class='ocrx_word' id='word_1_736' title='bbox 2333 4298 2652 4374; x_wconf 70' lang='lat' dir='ltr'><strong>vidimus,</strong></span> <span class='ocrx_word' id='word_1_737' title='bbox 2739 4296 2849 4376; x_wconf 89' lang='lat' dir='ltr'><strong>qui</strong></span> <span class='ocrx_word' id='word_1_738' title='bbox 2923 4293 3134 4357; x_wconf 91' lang='lat' dir='ltr'><strong>Deum</strong></span> <span class='ocrx_word' id='word_1_739' title='bbox 3202 4293 3464 4375; x_wconf 89' lang='lat' dir='ltr'><strong>quidem</strong></span> <span class='ocrx_word' id='word_1_740' title='bbox 3532 4306 3599 4357; x_wconf 90' lang='lat' dir='ltr'><strong>et</strong></span> <span class='ocrx_word' id='word_1_741' title='bbox 3662 4296 3805 4358; x_wconf 91' lang='lat' dir='ltr'><strong>eius</strong></span> <span class='ocrx_word' id='word_1_742' title='bbox 3875 4294 4277 4360; x_wconf 89' lang='lat' dir='ltr'><strong>voluntatem</strong></span> 
     </span>
     <span class='ocr_line' id='line_1_106' title="bbox 2328 4378 4278 4462; baseline -0.001 -14"><span class='ocrx_word' id='word_1_743' title='bbox 2328 4384 2532 4448; x_wconf 86' lang='lat' dir='ltr'><strong>variis</strong></span> <span class='ocrx_word' id='word_1_744' title='bbox 2589 4379 2798 4445; x_wconf 88' lang='lat' dir='ltr'><strong>modis</strong></span> <span class='ocrx_word' id='word_1_745' title='bbox 2856 4380 3301 4462; x_wconf 87' lang='lat' dir='ltr'><strong>interrogavit,</strong></span> <span class='ocrx_word' id='word_1_746' title='bbox 3367 4378 3480 4443; x_wconf 86' lang='lat' dir='ltr'><strong>sed</strong></span> <span class='ocrx_word' id='word_1_747' title='bbox 3524 4379 3632 4444; x_wconf 91' lang='lat' dir='ltr'><strong>cui</strong></span> <span class='ocrx_word' id='word_1_748' title='bbox 3685 4380 3880 4458; x_wconf 90' lang='lat' dir='ltr'><strong>Deus,</strong></span> <span class='ocrx_word' id='word_1_749' title='bbox 3925 4381 4100 4462; x_wconf 86' lang='lat' dir='ltr'><strong>quod</strong></span> <span class='ocrx_word' id='word_1_750' title='bbox 4146 4402 4278 4447; x_wconf 93' lang='lat' dir='ltr'><strong>non</strong></span> 
     </span>
     <span class='ocr_line' id='line_1_107' title="bbox 2327 4466 4280 4549; baseline -0.001 -15"><span class='ocrx_word' id='word_1_751' title='bbox 2327 4491 2488 4534; x_wconf 89' lang='lat' dir='ltr'><strong>vera</strong></span> <span class='ocrx_word' id='word_1_752' title='bbox 2524 4466 2686 4533; x_wconf 82' lang='lat' dir='ltr'><strong>fides</strong></span> <span class='ocrx_word' id='word_1_753' title='bbox 2724 4486 2929 4549; x_wconf 90' lang='lat' dir='ltr'><strong>neque</strong></span> <span class='ocrx_word' id='word_1_754' title='bbox 2967 4466 3364 4547; x_wconf 87' lang='lat' dir='ltr'><strong>poenitentia</strong></span> <span class='ocrx_word' id='word_1_755' title='bbox 3398 4466 3830 4541; x_wconf 84' lang='lat' dir='ltr'><strong>invocaretur,</strong></span> <span class='ocrx_word' id='word_1_756' title='bbox 3879 4466 4130 4530; x_wconf 91' lang='lat' dir='ltr'><strong>nullum</strong></span> <span class='ocrx_word' id='word_1_757' title='bbox 4175 4489 4280 4532; x_wconf 89' lang='lat' dir='ltr'><strong>re·</strong></span> 
     </span>
     <span class='ocr_line' id='line_1_108' title="bbox 2326 4549 4275 4637; baseline -0.001 -17"><span class='ocrx_word' id='word_1_758' title='bbox 2326 4574 2642 4637; x_wconf 89' lang='lat' dir='ltr'><strong>sponsum</strong></span> <span class='ocrx_word' id='word_1_759' title='bbox 2710 4550 2906 4616; x_wconf 89' lang='lat' dir='ltr'><strong>dedit.</strong></span> <span class='ocrx_word' id='word_1_760' title='bbox 3013 4549 3210 4615; x_wconf 86' lang='lat' dir='ltr'><strong>Hanc</strong></span> <span class='ocrx_word' id='word_1_761' title='bbox 3276 4551 3478 4634; x_wconf 91' lang='lat' dir='ltr'><strong>igitur</strong></span> <span class='ocrx_word' id='word_1_762' title='bbox 3540 4550 3903 4614; x_wconf 89' lang='lat' dir='ltr'><strong>doctrinam</strong></span> <span class='ocrx_word' id='word_1_763' title='bbox 3974 4551 4275 4618; x_wconf 85' lang='lat' dir='ltr'><strong>meditari</strong></span> 
     </span>
     <span class='ocr_line' id='line_1_109' title="bbox 2329 4637 4277 4722; baseline -0.001 -17"><span class='ocrx_word' id='word_1_764' title='bbox 2329 4664 2446 4705; x_wconf 90' lang='lat' dir='ltr'><strong>nos</strong></span> <span class='ocrx_word' id='word_1_765' title='bbox 2516 4639 2867 4722; x_wconf 83' lang='lat' dir='ltr'><strong>diligenter</strong></span> <span class='ocrx_word' id='word_1_766' title='bbox 2911 4650 3206 4720; x_wconf 84' lang='lat' dir='ltr'><strong>oportet,</strong></span> <span class='ocrx_word' id='word_1_767' title='bbox 3272 4650 3338 4699; x_wconf 91' lang='lat' dir='ltr'><strong>et</strong></span> <span class='ocrx_word' id='word_1_768' title='bbox 3384 4649 3691 4717; x_wconf 88' lang='lat' dir='ltr'><strong>tanquam</strong></span> <span class='ocrx_word' id='word_1_769' title='bbox 3760 4637 4141 4702; x_wconf 87' lang='lat' dir='ltr'><strong>thesaurum</strong></span> <span class='ocrx_word' id='word_1_770' title='bbox 4207 4644 4277 4704; x_wconf 90' lang='lat' dir='ltr'><strong>in</strong></span> 
     </span>
     <span class='ocr_line' id='line_1_110' title="bbox 2327 4720 4277 4804; baseline -0.002 -13"><span class='ocrx_word' id='word_1_771' title='bbox 2327 4727 2566 4791; x_wconf 88' lang='lat' dir='ltr'><strong>animis</strong></span> <span class='ocrx_word' id='word_1_772' title='bbox 2603 4721 2971 4799; x_wconf 90' lang='lat' dir='ltr'><strong>recondere,</strong></span> <span class='ocrx_word' id='word_1_773' title='bbox 3019 4736 3091 4787; x_wconf 90' lang='lat' dir='ltr'><strong>nt</strong></span> <span class='ocrx_word' id='word_1_774' title='bbox 3132 4742 3333 4804; x_wconf 87' lang='lat' dir='ltr'><strong>quum</strong></span> <span class='ocrx_word' id='word_1_775' title='bbox 3371 4722 3436 4783; x_wconf 88' lang='lat' dir='ltr'><strong>in</strong></span> <span class='ocrx_word' id='word_1_776' title='bbox 3476 4720 3839 4786; x_wconf 88' lang='lat' dir='ltr'><strong>istiusmodi</strong></span> <span class='ocrx_word' id='word_1_777' title='bbox 3877 4724 4277 4789; x_wconf 88' lang='lat' dir='ltr'><strong>tentationes</strong></span> 
     </span>
     <span class='ocr_line' id='line_1_111' title="bbox 2327 4806 4276 4890; baseline -0.001 -14"><span class='ocrx_word' id='word_1_778' title='bbox 2327 4810 2770 4886; x_wconf 84' lang='lat' dir='ltr'><strong>inciderimus,</strong></span> <span class='ocrx_word' id='word_1_779' title='bbox 2820 4831 2946 4873; x_wconf 91' lang='lat' dir='ltr'><strong>non</strong></span> <span class='ocrx_word' id='word_1_780' title='bbox 2983 4809 3374 4874; x_wconf 88' lang='lat' dir='ltr'><strong>fluctuemus</strong></span> <span class='ocrx_word' id='word_1_781' title='bbox 3408 4806 3661 4870; x_wconf 89' lang='lat' dir='ltr'><strong>consilii</strong></span> <span class='ocrx_word' id='word_1_782' title='bbox 3697 4808 3940 4890; x_wconf 87' lang='lat' dir='ltr'><strong>inopes,</strong></span> <span class='ocrx_word' id='word_1_783' title='bbox 3987 4820 4054 4873; x_wconf 90' lang='lat' dir='ltr'><strong>et</strong></span> <span class='ocrx_word' id='word_1_784' title='bbox 4098 4824 4276 4875; x_wconf 88' lang='lat' dir='ltr'><strong>metu</strong></span> 
     </span>
     <span class='ocr_line' id='line_1_112' title="bbox 2325 4891 4274 4977; baseline -0.001 -14"><span class='ocrx_word' id='word_1_785' title='bbox 2325 4920 2400 4963; x_wconf 86' lang='lat' dir='ltr'><strong>ac</strong></span> <span class='ocrx_word' id='word_1_786' title='bbox 2468 4910 2716 4961; x_wconf 87' lang='lat' dir='ltr'><strong>terrore</strong></span> <span class='ocrx_word' id='word_1_787' title='bbox 2797 4893 3279 4977; x_wconf 87' lang='lat' dir='ltr'><strong>praeoccupati,</strong></span> <span class='ocrx_word' id='word_1_788' title='bbox 3361 4891 3531 4974; x_wconf 89' lang='lat' dir='ltr'><strong>quod</strong></span> <span class='ocrx_word' id='word_1_789' title='bbox 3605 4891 3988 4976; x_wconf 86' lang='lat' dir='ltr'><strong>plerumque</strong></span> <span class='ocrx_word' id='word_1_790' title='bbox 4055 4908 4274 4962; x_wconf 86' lang='lat' dir='ltr'><strong>tamen</strong></span> 
     </span>
     <span class='ocr_line' id='line_1_113' title="bbox 2327 4979 4278 5066; baseline -0.001 -18"><span class='ocrx_word' id='word_1_791' title='bbox 2327 5000 2590 5066; x_wconf 86' lang='lat' dir='ltr'><strong>propter</strong></span> <span class='ocrx_word' id='word_1_792' title='bbox 2642 4981 2989 5065; x_wconf 86' lang='lat' dir='ltr'><strong>segnitiem</strong></span> <span class='ocrx_word' id='word_1_793' title='bbox 3061 4979 3396 5042; x_wconf 88' lang='lat' dir='ltr'><strong>bominum</strong></span> <span class='ocrx_word' id='word_1_794' title='bbox 3455 4982 3763 5061; x_wconf 84' lang='lat' dir='ltr'><strong>contigit,</strong></span> <span class='ocrx_word' id='word_1_795' title='bbox 3823 4992 3898 5043; x_wconf 91' lang='lat' dir='ltr'><strong>ut</strong></span> <span class='ocrx_word' id='word_1_796' title='bbox 3955 4980 4095 5046; x_wconf 93' lang='lat' dir='ltr'><strong>Deo</strong></span> <span class='ocrx_word' id='word_1_797' title='bbox 4157 5004 4278 5048; x_wconf 86' lang='lat' dir='ltr'><strong>nos</strong></span> 
     </span>
     <span class='ocr_line' id='line_1_114' title="bbox 2325 5063 4276 5148; baseline 0 -14"><span class='ocrx_word' id='word_1_798' title='bbox 2325 5081 2671 5134; x_wconf 88' lang='lat' dir='ltr'><strong>exercente</strong></span> <span class='ocrx_word' id='word_1_799' title='bbox 2746 5067 2965 5148; x_wconf 88' lang='lat' dir='ltr'><strong>aliqua</strong></span> <span class='ocrx_word' id='word_1_800' title='bbox 3030 5065 3389 5127; x_wconf 79' lang='lat' dir='ltr'><strong>tentatione</strong></span> <span class='ocrx_word' id='word_1_801' title='bbox 3469 5063 3624 5145; x_wconf 90' lang='lat' dir='ltr'><strong>quid</strong></span> <span class='ocrx_word' id='word_1_802' title='bbox 3690 5086 3961 5147; x_wconf 80' lang='lat' dir='ltr'><strong>agamus</strong></span> <span class='ocrx_word' id='word_1_803' title='bbox 4039 5067 4276 5134; x_wconf 87' lang='lat' dir='ltr'><strong>incerti</strong></span> 
     </span>
     <span class='ocr_line' id='line_1_115' title="bbox 2326 5147 4282 5234; baseline 0.001 -15"><span class='ocrx_word' id='word_1_804' title='bbox 2326 5156 2553 5229; x_wconf 90' lang='lat' dir='ltr'><strong>simus,</strong></span> <span class='ocrx_word' id='word_1_805' title='bbox 2600 5164 2668 5218; x_wconf 90' lang='lat' dir='ltr'><strong>et</strong></span> <span class='ocrx_word' id='word_1_806' title='bbox 2702 5152 3054 5234; x_wconf 87' lang='lat' dir='ltr'><strong>gemitibus</strong></span> <span class='ocrx_word' id='word_1_807' title='bbox 3098 5166 3166 5213; x_wconf 88' lang='lat' dir='ltr'><strong>et</strong></span> <span class='ocrx_word' id='word_1_808' title='bbox 3199 5147 3592 5213; x_wconf 88' lang='lat' dir='ltr'><strong>clamoribus</strong></span> <span class='ocrx_word' id='word_1_809' title='bbox 3616 5151 3835 5214; x_wconf 86' lang='lat' dir='ltr'><strong>omnia</strong></span> <span class='ocrx_word' id='word_1_810' title='bbox 3871 5151 4282 5234; x_wconf 82' lang='lat' dir='ltr'><strong>repleamus:</strong></span> 
     </span>
     <span class='ocr_line' id='line_1_116' title="bbox 2325 5235 4278 5308; baseline 0.002 -4"><span class='ocrx_word' id='word_1_811' title='bbox 2325 5240 2439 5305; x_wconf 91' lang='lat' dir='ltr'><strong>sed</strong></span> <span class='ocrx_word' id='word_1_812' title='bbox 2516 5239 2709 5304; x_wconf 88' lang='lat' dir='ltr'><strong>malis</strong></span> <span class='ocrx_word' id='word_1_813' title='bbox 2778 5237 3016 5302; x_wconf 89' lang='lat' dir='ltr'><strong>nostris</strong></span> <span class='ocrx_word' id='word_1_814' title='bbox 3082 5235 3444 5300; x_wconf 77' lang='lat' dir='ltr'><strong>remedium</strong></span> <span class='ocrx_word' id='word_1_815' title='bbox 3512 5236 3771 5301; x_wconf 91' lang='lat' dir='ltr'><strong>nullum</strong></span> <span class='ocrx_word' id='word_1_816' title='bbox 3834 5236 4278 5308; x_wconf 82' lang='lat' dir='ltr'><strong>inveniamus.</strong></span> 
     </span>
    </p>
   </div>
   <div class='ocr_carea' id='block_1_7' title="bbox 3884 5337 3958 5392">
    <p class='ocr_par' dir='ltr' id='par_1_10' title="bbox 3884 5337 3958 5392">
     <span class='ocr_line' id='line_1_117' title="bbox 3884 5337 3958 5392; baseline 0 0"><span class='ocrx_word' id='word_1_817' title='bbox 3884 5337 3958 5392; x_wconf 83' lang='lat'><strong>44</strong></span> 
     </span>
    </p>
   </div>
  </div>
 </body>
</html>
