5059 6059
879 321 966 388 95

881 508 1353 575 existimantes.
1439 501 1538 570 Ac
1581 523 1736 568 sane
1779 501 2111 568 excusatio
2154 500 2300 582 illa,
2354 522 2482 586 qua
2523 522 2594 566 se
2638 499 2812 585 apud

881 591 1258 663 Samuelem
1301 597 1545 667 tuetur,
1599 587 1761 655 satis
1803 586 2091 654 ostendit
2133 586 2350 670 qualia
2392 588 2525 652 sint
2569 596 2812 652 morta-

881 681 1044 746 lium
1087 676 1343 744 iudicia.
1410 674 1580 740 Nam
1625 673 1680 739 si
1726 670 1889 738 Saul
1931 672 2270 738 hominum
2313 671 2549 739 iudicio
2594 680 2815 751 staret,

879 785 1016 831 non
1061 760 1252 828 modo
1296 761 1378 827 ab
1422 758 1600 825 omni
1624 758 1816 841 culpa
1836 758 2163 838 immunis,
2208 757 2319 824 sed
2344 758 2540 823 etiam
2562 779 2815 824 summo

881 850 1120 935 dignus
1163 848 1412 912 honore
1454 843 1792 912 diceretur.
1840 842 2051 925 Quale
2095 843 2269 908 enim
2293 843 2488 923 istud,
2531 841 2814 923 obsecro,

880 931 1175 1003 facinus?
1265 932 1543 1015 Captum
1600 928 1778 997 enim
1821 950 2039 1014 regem
2082 929 2441 995 reservavit
2483 928 2816 1013 triumpho

882 1022 1127 1097 vivum,
1171 1017 1406 1103 populo
1449 1014 1908 1092 exhibendum,
1954 1023 2028 1080 ut
2071 1036 2147 1080 eo
2190 1014 2395 1080 maior
2440 1012 2564 1079 Dei
2608 1014 2817 1098 gloria

881 1111 1246 1191 appareret.
1293 1102 1463 1169 Nam
1507 1101 1560 1168 si
1605 1101 1675 1166 in
1719 1100 1859 1184 ipsa
1903 1099 2320 1166 multitudino
2364 1119 2591 1166 eaesus
2625 1108 2815 1181 esset,

882 1213 1016 1259 non
1082 1188 1421 1256 videbatur
1482 1195 1613 1252 tam
1679 1185 1939 1271 insigne
2004 1188 2295 1253 futurum
2354 1185 2815 1270 spectaculum,

884 1297 1084 1362 quam
1142 1295 1339 1359 quum
1394 1271 1647 1358 publice
1690 1273 1758 1337 in
1801 1271 2132 1356 triumpho
2175 1270 2569 1355 spectandus
2612 1272 2816 1337 omni-

884 1363 1010 1431 bus
1050 1360 1463 1447 proponitur:
1537 1366 1612 1424 ut
1664 1355 1792 1422 Dei
1855 1356 2166 1424 iudicium
2223 1379 2299 1423 eo
2352 1358 2468 1423 fiat
2512 1376 2816 1441 conspec-

886 1449 1049 1514 tius:
1127 1456 1321 1530 atque
1397 1443 1696 1527 exemplo
1776 1443 1978 1526 ipsius
2056 1465 2190 1516 non
2263 1464 2490 1509 omnes
2555 1450 2813 1509 tantum

884 1531 1241 1609 Israelitae,
1306 1529 1420 1597 sed
1475 1528 1759 1613 reliquae
1803 1528 1998 1593 etiam
2041 1536 2268 1613 gentes
2312 1528 2396 1594 ad
2439 1549 2600 1612 quas
2642 1527 2817 1593 fama

884 1618 1256 1704 perveniret
1298 1615 1728 1681 erudirentur.
1817 1611 2004 1679 Adde
2052 1614 2495 1697 superioribus
2538 1615 2734 1680 etiam
2778 1633 2816 1677 a

884 1702 1125 1791 populo
1171 1710 1504 1769 reservata
1545 1706 1843 1765 armenta
1881 1698 2095 1778 boum,
2149 1719 2511 1778 vaccarum,
2571 1709 2638 1764 et
2676 1699 2805 1781 opi·

886 1810 1031 1858 mos
1096 1809 1328 1873 greges
1386 1784 1756 1861 vitulorum,
1823 1785 2065 1870 ovium,
2123 1805 2458 1869 agnorum,
2525 1794 2593 1850 et
2644 1785 2818 1851 simi-

888 1875 1053 1942 lium
1120 1874 1204 1940 ad
1278 1872 1591 1939 victimas.
1680 1872 1894 1953 Atque
1951 1869 2060 1937 hic
2123 1868 2371 1937 detecta
2435 1879 2537 1936 est
2602 1869 2818 1937 Saulis

886 1959 1078 2027 foeda
1163 1956 1561 2024 nundinatio.
1681 1954 2019 2021 Praetexit
2094 1955 2267 2021 enim
2346 1956 2661 2023 sacrificia
2751 1962 2820 2020 et

887 2045 1263 2113 holocausta
1323 2042 1466 2109 Deo
1531 2039 1849 2118 facienda,
1933 2039 2386 2125 solemnesque
2458 2042 2819 2124 gratiarum

891 2131 1177 2199 actiones
1218 2149 1337 2214 pro
1378 2126 1613 2211 adepta
1655 2126 1941 2192 victoria.
1998 2124 2184 2207 Quae
2228 2147 2384 2192 sane
2431 2124 2619 2191 valde
2663 2135 2822 2192 sunt

890 2217 1209 2301 speciosa:
1256 2211 1369 2280 sed
1411 2232 1574 2296 quae
1617 2210 2033 2297 hypocriseos
2067 2212 2262 2295 plena
2295 2220 2464 2278 sunt.
2510 2210 2823 2277 Nomina-

891 2304 1011 2368 tim
1049 2302 1225 2367 enim
1261 2307 1664 2377 accusantur,
1695 2296 1864 2380 quod
1901 2296 2150 2381 opimos
2183 2298 2404 2383 gregis
2440 2305 2505 2361 et
2541 2296 2820 2362 armenti

889 2394 1371 2456 reservassent:
1429 2383 1599 2467 quod
1655 2383 1777 2448 etsi
1821 2382 1889 2449 in
1930 2382 2144 2465 specie
2187 2382 2593 2466 praeclarum
2642 2380 2822 2447 vide-

893 2481 1003 2540 tur
1046 2480 1115 2537 et
1149 2469 1489 2548 laudabile,
1532 2479 1599 2535 et
1632 2489 1671 2531 a
1716 2476 1902 2550 paret
1934 2470 2131 2534 etiam
2168 2469 2577 2535 extrinsecus
2613 2467 2823 2533 virtus

892 2556 1208 2643 quaedam
1244 2576 1365 2622 sua
1404 2553 1597 2621 laude
1639 2489 1867 2637 dli'gna:
1912 2560 2133 2619 tamen
2155 2555 2494 2638 apparebit
2519 2553 2821 2637 deinceps

892 2641 1173 2727 praedae
1227 2642 1440 2724 potius
1497 2659 1691 2723 quam
1746 2637 2081 2723 religionis
2145 2639 2361 2706 studio
2426 2639 2588 2705 haec
2652 2639 2821 2705 facta

892 2728 1129 2795 fuisse:
1174 2748 1249 2794 ac
1291 2724 1560 2810 proinde
1602 2723 1834 2789 merito
1880 2723 2056 2791 reiici
2101 2744 2140 2788 a
2183 2725 2466 2791 Domino
2511 2737 2821 2809 tanquam

893 2814 1033 2880 suis
1077 2810 1400 2879 mandatis
1443 2809 1783 2875 contraria.
1831 2807 2010 2890 Quid
2045 2809 2137 2874 ita
2172 2810 2377 2876 vero?
2422 2810 2672 2893 Nempe
2693 2809 2821 2875 Dei

889 2896 1353 2982 omnipotentis
1426 2896 1824 2964 voluntatem
1902 2894 2215 2978 praeferri
2293 2895 2584 2961 omnium
2645 2915 2820 2961 mor-

892 2984 1124 3050 talium
1189 2982 1424 3050 studiis
1486 2987 1757 3065 oportet,
1825 3000 2248 3065 quaecunque
2313 2981 2484 3047 bona
2542 2981 2820 3047 intentio

934 3076 1332 3136 raetexatur.
1375 3067 1626 3133 Idcirco
1669 3066 1775 3132 hic
1818 3065 2119 3131 audimus
2164 3066 2384 3132 Deum
2429 3065 2509 3133 ad
2553 3066 2822 3132 Samue-

953 3177 1017 3221 m
1087 3154 1288 3221 verba
1351 3153 1694 3219 facientem
1763 3150 2034 3217 dixisse:
2108 3150 2388 3218 Paenitet
2448 3172 2545 3218 me
2596 3153 2824 3218 eonsti-

887 3242 1082 3309 tuisse
1128 3238 1384 3307 Saulem
1425 3239 1497 3304 in
1537 3255 1758 3322 regent,
1813 3236 1969 3319 quia
2008 3257 2268 3304 aversus
2310 3242 2399 3303 est
2439 3259 2482 3303 a
2522 3238 2823 3321 sequendo

891 3348 1006 3406 me,
1067 3331 1123 3391 et
1162 3324 1348 3392 verba
1410 3343 1552 3390 mea
1611 3343 1734 3390 non
1788 3322 2137 3402 praestitit.-
2197 3321 2429 3389 deinde
2486 3344 2658 3403 vero,
2715 3323 2825 3388 hoc

891 3411 1290 3494 displicuisse
1352 3407 1653 3487 Samueli,
1711 3408 1862 3474 adeo
1916 3412 1989 3472 ut
2041 3407 2335 3474 clamaret
2389 3409 2473 3474 ad
2530 3408 2825 3475 Iehovam

893 3502 1022 3562 tota
1062 3495 1179 3563 ala
1218 3500 1400 3562 mete.
1471 3494 1679 3560 Porro
1721 3513 1920 3577 quum
1967 3492 2184 3558 Deum
2230 3492 2624 3575 poenituisse
2667 3495 2824 3560 dicit

895 3581 1240 3664 scriptura,
1282 3578 1647 3664 notandum
1691 3586 1791 3644 est
1832 3578 2009 3643 illam
2033 3576 2554 3663 ἅνθρωποπᾰθως
2583 3578 2663 3645 de
2681 3579 2825 3646 Deo

896 3665 1090 3749 loqui,
1158 3676 1229 3733 ut
1287 3687 1404 3732 nos
1470 3662 1690 3730 doceat
1748 3664 1962 3729 Deum
2027 3663 2316 3729 humano
2381 3685 2562 3731 more
2628 3665 2822 3749 loqui,

945 3751 1070 3815 uod
1117 3751 1322 3835 ipsius
1368 3750 1581 3830 verba,
1623 3751 1677 3816 si
1736 3750 1804 3814 in
1864 3751 2199 3816 maiestate
2254 3771 2375 3816 sua
2430 3748 2821 3833 loqueretur,

893 3773 1066 3901 gerra
1113 3858 1240 3902 non
1287 3856 1652 3919 possemus,
1720 3855 1931 3918 neque
1975 3834 2058 3901 ad
2101 3834 2317 3919 ipsum
2361 3835 2664 3902 accedere
2708 3858 2822 3903 vo-

890 3942 1029 3988 cem
1075 3922 1214 3989 eius
1258 3920 1575 3988 audituri:
1634 3919 1872 3988 idcirco
1915 3942 1986 3986 se
2031 3930 2255 3986 nostro
2303 3923 2521 4004 captui
2569 3942 2809 3989 accom-

894 4006 1134 4088 modat,
1178 4005 1696 4106 quandoquidem
1732 4027 1866 4070 non
1910 4004 2081 4072 cadit
2123 4006 2193 4071 in
2231 4027 2382 4072 eum
2423 4007 2824 4091 poenitentia

896 4091 1106 4178 qualis
1168 4092 1240 4156 in
1305 4090 1651 4158 hommem.
1737 4090 1909 4157 Nam
1974 4092 2126 4159 facti
2191 4092 2463 4158 alicuius
2536 4094 2825 4178 poenitet

896 4178 1195 4244 homines
1213 4228 1227 4256 ,
1293 4177 1476 4246 cuius
1517 4183 1819 4243 eventum
1864 4185 2055 4243 antea
2095 4199 2221 4243 non
2267 4179 2431 4244 bene
2475 4201 2820 4264 perspexe-

893 4271 1081 4331 runt:
1139 4264 1359 4347 itaque
1420 4283 1618 4347 quum
1674 4260 1756 4327 ad
1799 4284 1869 4328 se
1916 4263 2217 4344 redeunt,
2282 4265 2565 4331 maxime
2607 4265 2824 4350 indig-

894 4355 1140 4418 nantur
1179 4348 1350 4433 quod
1397 4346 1755 4413 exciderint
1807 4369 1922 4432 spe
1966 4370 2114 4427 sua,
2176 4359 2248 4413 ut
2305 4371 2433 4415 uon
2493 4351 2820 4434 inceptum

894 4435 1409 4604 3¹3⁰&quss
1456 4431 2148 4604 ἒὲῗωᾞῗῑωῖἒῦἒὲῃ
2163 4435 2547 4605 Ἓὲἲέἐὲἓὶι
2567 4437 2825 4590 ³⁰23:

894 4606 1023 4673 ista
1067 4606 1286 4672 omnia
1344 4606 1413 4671 in
1459 4604 1677 4670 Deum
1735 4604 2004 4671 minime
2046 4604 2320 4687 cadunt,
2385 4606 2571 4673 cuius
2613 4608 2823 4675 consi·

893 4690 1057 4757 lium
1111 4698 1208 4757 est
1269 4698 1643 4768 aeternum,
1703 4699 1768 4755 et
1832 4691 1941 4757 cui
1982 4692 2200 4757 omnia
2244 4701 2398 4758 sunt
2439 4695 2824 4777 praesentia,

893 4798 1055 4860 quae
1123 4775 1302 4843 videt
1366 4777 1563 4844 etiam
1622 4783 1969 4858 antequam
2024 4776 2156 4842 sint
2212 4788 2445 4844 creata.
2537 4780 2823 4846 Tantum

893 4863 1096 5011 iffiitur
1154 4861 1337 4930 abest
1402 4871 1476 4928 ut
1531 4861 1714 4928 Deus
1782 4860 1926 4928 duci
1996 4863 2392 4946 poenitentia
2457 4867 2691 4948 possit:
2751 4873 2825 4932 ιιι

894 4947 919 5012 i
970 4966 1010 5013 a
1053 4948 1257 5016 nostri
1301 4956 1555 5014 tautum
1603 4955 1895 5031 respectu
1942 4946 2259 5027 dicantur,
2317 4958 2384 5015 et
2439 4970 2661 5018 corum
2717 4972 2823 5017 ra-

897 5031 1077 5098 tione
1120 5053 1284 5115 quae
1329 5034 1398 5099 in
1438 5031 1659 5099 oculos
1703 5041 1959 5099 nostros
2017 5042 2399 5100 occurrunt:
2464 5037 2822 5104 cuiusmodi

893 5117 1138 5183 multae
1194 5118 1358 5186 aliae
1416 5119 1688 5203 phrases
1747 5118 1988 5202 passim
2032 5127 2297 5186 exstant
2340 5122 2409 5186 in
2474 5124 2694 5204 sacris,
2757 5134 2824 5190 et

895 5202 1275 5270 nominatim
1318 5211 1658 5288 postquam
1702 5203 1885 5272 Deus
1927 5204 2242 5272 mundum
2286 5206 2694 5290 condidisset,
2758 5220 2825 5277 et

2568 311 2975 378 HOMILIA
3020 309 3174 376 LII.

2859 704 2868 904 ξ

4695 319 4755 383 96

2920 497 3160 564 Adami
3224 505 3567 581 conspecta
3620 496 4115 582 ingratitudine,
4175 498 4417 565 dixisse
4462 499 4677 588 dicitur,
4714 526 4761 571 te

2917 583 3253 667 poenitere
3297 581 3469 665 quod
3515 583 3846 650 hominem
3892 598 4192 650 creasset.
4281 583 4460 652 Sane
4500 586 4655 655 Deus
4682 611 4766 675 per

2916 690 2986 735 se
3028 666 3289 752 quidem
3328 667 3724 735 voluntatem
3764 690 3897 735 non
3938 678 4175 750 mutat,
4213 671 4329 736 sed
4374 683 4578 738 tamem
4606 679 4765 759 poeni·

2918 765 3053 820 tere
3097 751 3353 838 ditatur,
3396 775 3597 838 quum
3634 755 3710 819 'in
3753 755 3956 838 ipsias
3998 776 4190 839 opere
4224 757 4535 838 quaedam
4566 773 4769 846 apparet

2915 838 3212 923 mutatio,
3256 851 3323 904 et
3368 839 3718 918 revolutio,
3775 849 3843 906 et
3883 839 4124 906 bonum
4167 841 4238 906 in
4278 844 4527 909 malum
4565 866 4768 913 conve·-

2914 946 3059 991 sum
3102 923 3589 991 animadvertit.
3632 925 3822 1006 Nam,
3869 925 4150 1010 exempli
4185 929 4420 1013 gratia,
4466 926 4693 997 Saulem
4723 933 4772 998 in

2915 1031 3136 1095 regem
3180 1032 3221 1076 a
3263 1009 3549 1075 Domino
3592 1011 3789 1079 fuisse
3828 1013 4277 1097 constitutum,
4321 1024 4567 1082 certum
4603 1029 4698 1096 est,
4730 1027 4773 1083 οι

2915 1096 3251 1181 singulare
3313 1095 3440 1161 Dei
3506 1117 3668 1180 opus
3731 1097 3966 1164 fuisse:
4040 1098 4177 1163 iam
4249 1120 4408 1165 vero
4475 1099 4651 1169 dante
4698 1104 4775 1170 illo

2916 1201 3160 1265 poenas
3202 1193 3469 1266 propter
3514 1182 3948 1263 rebellionem,
3992 1204 4078 1249 an
4121 1184 4359 1252 idcirco
4401 1186 4665 1253 dixerint
4694 1189 4778 1255 ho·

2917 1268 3128 1333 mines
3171 1288 3253 1333 ex
3297 1288 3454 1333 suae
3498 1268 3899 1335 infirmitatis
3950 1287 4153 1335 sensu
4190 1270 4411 1337 Deum
4457 1273 4777 1339 senterius·

2917 1352 3322 1419 mutavisse?
3411 1353 3617 1437 Atqui
3660 1354 3877 1419 Deum
3936 1355 4175 1422 scimus
4218 1377 4547 1440 nunquam
4588 1374 4781 1425 mutare

2916 1437 3320 1504 voluntatem
3346 1488 3364 1519 ,
3430 1459 3637 1523 neque
3706 1459 3746 1504 a
3808 1460 3923 1524 pro
4044 1441 4136 1506 ito
4198 1441 4515 1509 recedere.
4616 1444 4781 1526 Qum

2915 1544 3114 1607 quum
3184 1524 3322 1589 Deo
3386 1524 3789 1608 poenitentia
3853 1527 3938 1590 tri
3986 1528 4181 1605 uitur,
4246 1547 4377 1593 non
4446 1535 4649 1612 potem
4694 1531 4784 1596 uisi

2917 1609 3204 1675 humano
3248 1630 3428 1675 more
3471 1611 3634 1691 fieri,
3692 1612 3997 1695 quoniam
4044 1613 4285 1678 terreni
4324 1635 4571 1694 sumus,
4622 1625 4694 1695 et,
4734 1625 4786 1681 ut

2918 1695 3090 1775 dixi,
3147 1694 3330 1760 Deus
3374 1715 3444 1761 se
3485 1696 3569 1761 ad
3611 1707 3904 1763 nostrum
3947 1707 4210 1782 captum
4255 1700 4691 1779 accommodat,
4736 1709 4787 1768 ut

2917 1780 3057 1847 eius
3115 1780 3384 1847 consilia
3437 1803 3556 1865 pro
3618 1781 3882 1849 modulo
3930 1791 4152 1849 nostro
4193 1786 4642 1885 percipiamus.
4710 1786 4787 1855 Sit

2918 1865 3202 1950 exempli
3225 1867 3453 1951 gratia,
3497 1889 3699 1952 quum
3743 1866 3904 1935 dicit
3926 1868 4108 1935 Deus
4154 1890 4224 1935 se
4258 1869 4409 1937 duct
4452 1872 4789 1955 poenitentis

2918 1951 3094 2035 quod
3149 1951 3480 2018 hominem
3538 1953 3802 2033 crearit,
3862 1954 4111 2020 ratione
4164 1957 4601 2039 corruptionis
4636 1957 4790 2042 loqui·

2920 2036 4034 2207 ffiassfflssumffitffibffffsstss
4067 2041 4263 2212 ¹³:¹3²
4307 2043 4794 2208 Pffi?oe”tffi

3302 2175 3303 2178 ’
4260 2176 4276 2207 2

2920 2207 3165 2274 malum
3210 2208 3353 2274 Deo
3399 2208 3711 2293 displicet,
3776 2210 4018 2278 idcirco
4059 2211 4244 2279 Deus
4287 2234 4440 2279 suas
4485 2214 4626 2280 illas
4662 2233 4792 2282 cret-

2922 2301 3105 2360 turas
3161 2304 3421 2377 peccato
3474 2295 3769 2361 foedatas
3826 2317 3957 2362 non
4010 2298 4291 2381 amplius
4348 2301 4668 2384 agnoseit.
4714 2297 4795 2366 scd

2920 2379 3898 2533 {fflmq‘tt‘ssffimssfflnffl
3936 2382 4795 2538 ἰξὲἓωξῗζιΐὲήξξὲιὲἑῖ

2923 2549 3216 2629 intuitus,
3280 2552 3498 2616 omnia
3560 2571 3702 2617 esse
3757 2552 3928 2618 bona
3982 2552 4169 2637 dixit,
4230 2554 4533 2639 nihilque
4588 2559 4653 2621 in
4700 2557 4795 2623 suit

2923 2636 3225 2721 operibus
3281 2634 3650 2702 desiderari.
3707 2636 3848 2703 Iam
3908 2659 4061 2704 vero
4100 2639 4334 2706 infelix
4376 2640 4494 2707 illa
4535 2651 4794 2718 creatum,

2924 2741 3065 2788 sese
3120 2720 3293 2787 ultro
3347 2721 3441 2786 ita
3493 2724 3796 2806 corrupit,
3854 2730 3928 2789 ut
3986 2722 4154 2789 bono
4208 2724 4322 2791 illo
4362 2727 4539 2810 quod
4591 2749 4629 2793 a
4664 2747 4794 2794 crec-

2924 2813 3066 2872 tore
3122 2807 3303 2890 prius
3356 2819 3690 2891 acceperat
3747 2809 4042 2891 spoliata,
4106 2820 4175 2875 et
4235 2811 4460 2897 imago
4518 2813 4597 2879 ad
4687 2832 4795 2878 un

2925 2891 3107 2958 illam
3162 2901 3502 2959 creaverat
3554 2893 3773 2959 deleta
3810 2896 3918 2979 sit,
3972 2905 4050 2960 ut
4090 2894 4227 2961 sola
4290 2897 4564 2964 rebellio
4604 2835 4798 2982 reliqua

2925 2980 3011 3046 sit
3050 2979 3119 3043 in
3163 2978 3442 3045 homine.
3533 2976 3645 3046 Sic
3691 3000 3890 3063 quum
3949 2981 4045 3046 ita
4087 2980 4249 3048 Saul
4306 2983 4684 3051 immutatus
4715 2994 4795 3057 αι.

2927 3074 2998 3130 ιιι
3040 3063 3169 3129 Dei
3214 3064 3537 3130 voluntati
3580 3086 3708 3131 non
3751 3066 4233 3151 obtemperarit,
4276 3068 4468 3138 Deus
4502 3070 4678 3137 illum
4706 3089 4798 3135 ast

2927 3150 3106 3216 reiici
3149 3148 3463 3215 declarat:
3530 3158 3595 3216 et
3637 3149 3979 3236 indignum
4024 3173 4169 3219 esse
4209 3154 4323 3237 qui
4362 3154 4438 3220 in
4482 3153 4799 3223 hominibus

2927 3245 3285 3314 censeatur,
3330 3236 3438 3319 qui
3484 3234 3628 3301 Deo
3673 3236 3977 3303 reluctari
4021 3258 4215 3304 ausus
4256 3239 4364 3306 sit.
4424 3240 4492 3307 N
4579 3261 4659 3308 ue
4690 3259 4801 3306 ven

2928 3329 3271 3405 propterea
3313 3321 3666 3387 dixerimus
3688 3321 3905 3389 Deum
3949 3332 4105 3389 ante
4142 3325 4310 3390 iacta
4352 3347 4517 3394 mun
4626 3325 4801 3392 funda-

2926 3416 3149 3472 menta
3193 3405 3450 3491 singula
3494 3427 3624 3471 non
3669 3408 4069 3491 praevidisse
4113 3421 4375 3477 aeterno
4414 3433 4538 3479 suo
4560 3410 4800 3480 consilio:

2926 3490 3159 3558 deinde
3202 3491 3537 3576 poenitere
3581 3494 3793 3576 ipsum
3837 3494 4011 3578 quod
4055 3497 4297 3562 temere
4333 3508 4401 3562 et
4422 3498 4802 3583 incogitata?

2927 3578 3119 3643 talem
3186 3576 3519 3643 hominem
3584 3579 3824 3645 fecerit.
3953 3578 4086 3647 Sed
4151 3581 4407 3649 ratione
4474 3581 4798 3650 mutationi·

2925 3664 3101 3731 illius
3144 3662 3326 3729 Deus
3384 3664 3693 3747 loquitur,
3753 3685 3917 3748 quae
3973 3665 4309 3733 hominum
4356 3670 4610 3736 malitia
4650 3679 4709 3734 et
4736 3669 4802 3731 is·

2925 3746 3323 3833 gratitudine
3387 3749 3651 3830 accidit,
3721 3759 3795 3815 ut
3855 3771 3973 3833 pro
4034 3772 4113 3818 eo
4184 3753 4356 3836 quod
4424 3765 4623 3823 antea
4668 3755 4800 3820 Det

2925 3836 3240 3902 creaturis
3295 3834 3432 3901 suis
3490 3834 3927 3902 delectabatur
3983 3845 4052 3902 et
4107 3839 4259 3904 volu
4306 3849 4516 3907 tatem
4580 3862 4661 3907 ex
4711 3837 4801 3904 inis

2924 3921 3235 4005 capiebat,
3280 3921 3410 3986 iam
3446 3920 3706 3987 easdem
3746 3921 4096 3989 abhorrere
4139 3930 4208 3991 et
4292 3928 4563 3993 etestari
4596 3933 4799 4011 propter

2924 4006 3253 4073 invectum
3299 4006 3530 4072 vitium
3573 4020 3858 4092 cogatur.
3947 4006 4133 4090 Quae
4166 4030 4327 4077 sane
4366 4031 4670 4097 magnam
4708 4010 4799 4076 vim

2925 4092 3009 4158 ad
3065 4112 3187 4157 nos
3242 4111 3460 4159 coram
3504 4092 3648 4159 Deo
3711 4091 4104 4161 deiiciendos
4148 4107 4215 4162 et
4257 4096 4687 4164 humiliandos
4720 4095 4797 4159 h»-

2926 4177 3077 4244 bere
3143 4176 3412 4243 debent:
3491 4176 4034 4262 quemadmodum
4102 4202 4307 4266 quum
4371 4182 4487 4250 hic
4563 4179 4797 4249 audimus

2926 4263 3143 4329 Deum
3189 4262 3510 4330 dicentem
3555 4283 3626 4330 se
3666 4265 3998 4348 poenitere
4040 4266 4210 4351 quod
4253 4266 4799 4335 consutum-iten-

2927 4350 3052 4415 lem
3099 4349 3170 4413 in
3215 4369 3466 4433 rogem:
3514 4371 3731 4416 annon
3773 4350 3926 4416 inde
3962 4372 4267 4438 magnam
4307 4356 4697 4421 messionem
4724 4350 4797 4414 lu-

2925 4436 3150 4501 bemus
3252 4454 3443 4500 ravas
3501 4445 3754 4501 nostras
3813 4436 4199 4520 cupiditates
4240 4439 4547 4507 adductis
4590 4435 4797 4505 hatoni·

2926 4533 3194 4588 coercen
3244 4521 3283 4601 ‘,
3325 4531 3399 4586 ut
3440 4522 3508 4586 in
3552 4521 3786 4586 timore
3828 4531 3894 4587 et
3926 4522 4362 4591 sollicitudine
4396 4517 4795 4593 ambulemus?

2926 4606 3119 4672 Dona
3157 4603 3415 4691 quidem
3458 4606 3604 4687 Dei,
3670 4617 3743 4672 ut
3783 4608 3878 4674 ait
3918 4609 4186 4691 Paulus,
4252 4620 4407 4677 sunt
4452 4612 4597 4678 sine
4632 4605 4797 4694 pomi·

2929 4695 3151 4771 tentia,
3195 4691 3309 4757 sed
3355 4691 3435 4758 de
3478 4691 3792 4759 electione
3834 4697 4119 4779 gratuita
4161 4697 4468 4782 loquitur,
4530 4715 4709 4780 quum
4735 4691 4795 4755 til

2927 4777 3198 4844 electum
3249 4778 3448 4845 fuisse
3492 4798 3531 4841 a
3573 4777 3717 4845 Deo
3768 4780 4077 4863 populum
4123 4782 4549 4850 israeliticum
4591 4783 4653 4848 in
4690 4778 4797 4844 hne-

2927 4863 3300 4944 reditatem,
3371 4865 3480 4948 qui
3556 4872 3777 4931 tamen
3847 4868 4255 4935 contumacia
4330 4890 4452 4935 sua
4528 4863 4793 4934 affluit

2926 4961 2991 5015 ot
3035 4950 3434 5017 reiectaneus
3476 4950 3691 5016 factus
3732 4951 3839 5017 sit.
3926 4952 4072 5018 Etsi
4132 4975 4360 5020 verum
4420 4954 4618 5020 etiam
4667 4942 4793 5017 istud

2927 5046 3055 5118 est,
3115 5035 3455 5101 hominum
3522 5037 3834 5103 malitiam
3908 5060 4036 5104 non
4102 5048 4361 5106 tantum
4436 5060 4621 5125 posse
4674 5028 4793 5117 apud

2926 5122 3161 5200 Deum,
3221 5123 3378 5204 quin
3443 5122 3566 5190 sibi
3630 5144 3885 5208 semper
3948 5124 4205 5208 aliquod
4268 5146 4492 5192 semen
4546 5127 4789 5190 και-πί

2926 5208 3156 5293 Neque
3202 5209 3370 5273 enim
3416 5228 3705 5292 unquam
3751 5230 3980 5294 passus
4021 5217 4117 5278 est
4162 5212 4255 5278 ita
4298 5231 4487 5279 suam
4522 5207 4789 5278 eccless!
