5059 6059
318 337 429 405 345

326 527 615 595 adversus
657 524 879 590 Deum
935 524 1032 589 ita
1091 524 1529 601 calcitremus,
1585 533 1664 588 nt
1721 524 1887 587 iram
1934 525 2075 589 eins
2119 524 2235 590 ad·

324 633 559 680 versum
609 632 728 674 nos
767 611 1121 688 irritemus,
1167 632 1298 694 qua
1342 633 1423 675 ex
1471 628 1746 674 numero
1787 620 1856 673 et
1896 610 2043 675 albo
2086 632 2236 676 sno-

324 720 456 765 rum
479 695 695 770 deleti,
741 698 1127 780 praccipites
1164 697 1231 761 in
1276 696 1453 778 ipsos
1487 695 1736 760 inferos
1771 694 2233 761 detrudamur:

322 797 381 851 et
429 783 545 849 eibi
605 782 841 863 quibus
899 782 991 847 ali
1050 802 1170 846 nos
1229 795 1581 864 oport-eret,
1640 781 1712 845 in
1771 802 2097 846 venenum
2165 791 2237 848 et

320 872 475 936 luem
533 880 1023 933 convertantur.
1112 867 1461 932 Caeterum
1524 877 1588 931 et
1646 865 1823 931 istud
1882 867 2235 933 observan-

321 957 477 1030 dum,
513 974 746 1039 parum
785 953 975 1018 nobis
1010 954 1428 1036 profuturum
1464 953 1521 1017 si
1556 952 1802 1018 crebris
1845 952 2235 1019 admonitio-

319 1041 496 1107 nibus
535 1052 604 1103 et
647 1038 1206 1105 cohortationibus
1249 1060 1442 1104 aures
1488 1048 1748 1104 nostrae
1784 1038 2123 1124 feriantur,
2167 1049 2236 1106 et

317 1126 732 1192 nihilominus
791 1126 863 1189 in
925 1125 1342 1190 induratione
1400 1145 1919 1208 perseveremus.
2009 1124 2235 1207 Quare

316 1225 373 1277 ct
412 1211 773 1296 rogandum
800 1210 1035 1290 Deum,
1079 1213 1267 1277 cuius
1307 1220 1407 1275 est
1451 1231 1644 1275 aures
1687 1213 1962 1293 aperire,
2011 1227 2079 1275 et
2122 1232 2235 1277 cor

317 1300 574 1373 flectere,
621 1309 701 1361 ut
744 1298 812 1360 in
858 1298 1048 1363 nobis
1087 1296 1154 1360 id
1201 1297 1472 1380 spiritus
1517 1297 1617 1361 sui
1660 1301 1873 1379 gratia
1918 1298 2233 1380 perficiat.

314 1384 553 1449 Natura
597 1383 772 1446 enim
820 1404 1021 1447 saxea
1063 1384 1260 1447 corda
1306 1383 1615 1466 gerimus,
1661 1396 1738 1446 ut
1781 1383 1873 1446 ait
1916 1382 2233 1465 propheta

314 1467 530 1534 Ezech.
577 1468 684 1545 36,
728 1468 842 1533 26:
903 1468 1017 1533 sed
1077 1469 1133 1533 si
1188 1467 1271 1532 ad
1339 1472 1627 1533 nativam
1685 1467 1867 1532 illam
1924 1468 2231 1535 duritiem

313 1555 493 1619 etiam
539 1555 889 1621 accesserit
930 1556 1360 1631 contumacia,
1403 1573 1535 1637 qua
1580 1555 1721 1618 Deo
1767 1555 2080 1634 monenti,
2126 1576 2232 1620 co·

313 1640 602 1718 hortanti,
651 1660 770 1722 per
814 1639 1088 1706 verbum
1135 1640 1415 1722 denique
1475 1642 1752 1719 vocanti,
1809 1641 2234 1723 pervicaciter

312 1745 523 1810 sponte
569 1727 1024 1806 restiterimus,
1085 1737 1273 1790 tauto
1330 1726 1538 1808 magis
1582 1736 1865 1808 augetur
1917 1727 1986 1791 in
2045 1726 2233 1793 nobis

312 1824 677 1895 peccatum,
742 1824 986 1894 quanto
1042 1812 1109 1876 in
1172 1812 1309 1877 dies
1368 1813 1565 1876 fimus
1623 1812 2101 1891 obstinatiores,
2166 1824 2234 1878 et

312 1899 468 1963 ferro
542 1917 622 1963 ac
704 1898 979 1984 chalybe
1044 1898 1356 1963 duriores.
1469 1897 1886 1980 Quapropter
1942 1918 2232 1965 summo·

310 2003 449 2066 pere
488 1982 881 2060 cavendum,
940 2004 1026 2047 ne
1085 2003 1162 2048 eo
1222 1984 1548 2048 amentiae
1608 1983 2057 2061 deveniamus,
2115 1984 2230 2050 sed

309 2070 666 2134 istiusmodi
716 2069 1045 2134 vindictae
1090 2079 1349 2134 mature
1404 2088 1847 2152 occurramus,
1907 2068 2051 2134 Deo
2092 2070 2231 2155 pla-

310 2154 437 2220 cide
479 2177 596 2221 nos
644 2154 1124 2234 submittentes,
1186 2166 1254 2220 et
1310 2168 1625 2239 paternas
1683 2155 2230 2238 reprehensiones

310 2238 741 2325 admittentes,
801 2263 884 2306 ne
928 2241 1133 2324 ipsius
1180 2241 1352 2306 dona
1393 2241 1464 2305 in
1512 2241 1688 2306 luem
1751 2261 1829 2306 ac
1871 2243 2230 2325 perniciem

308 2325 476 2392 nobis
518 2340 900 2393 vertantur:
949 2340 1014 2390 ct
1058 2329 1169 2409 qui
1216 2328 1668 2392 nutricationis
1714 2338 1979 2392 nostrae
2021 2328 2229 2394 futuri

307 2424 477 2477 erant
518 2415 653 2480 cibi
699 2414 976 2489 fomites,
1033 2414 1371 2478 interitum
1417 2425 1486 2477 et
1528 2414 1884 2497 perniciem
1929 2413 2227 2480 afferant.

304 2496 397 2562 En
439 2518 556 2564 cur
593 2498 773 2564 Psal.
812 2498 916 2578 69,
960 2497 1046 2563 23
1090 2498 1390 2565 hostibus
1437 2499 1597 2565 haec
1641 2501 2037 2582 imprecetur
2078 2520 2228 2582 pro-

302 2582 515 2666 pheta:
560 2585 727 2650 Fiat
771 2605 1001 2650 mensa
1044 2605 1267 2650 eorum
1313 2604 1534 2650 coram
1579 2586 1738 2667 ipsis
1782 2585 1853 2649 in
1900 2585 2228 2667 laqueum,

301 2681 361 2733 et
397 2671 465 2734 in
498 2670 909 2754 scandalum,
945 2680 1013 2735 ct
1047 2671 1112 2736 in
1150 2671 1673 2737 retributionem.
1741 2671 2014 2737 Mensae
2048 2672 2224 2737 enim

300 2774 444 2821 voce
484 2758 814 2844 propheta
855 2756 1308 2841 complectitur
1364 2757 1676 2840 quidquid
1737 2757 1819 2822 ad
1884 2756 2226 2822 hominum

298 2842 644 2907 utilitatem
690 2841 867 2920 facit,
925 2845 1066 2910 sive
1122 2843 1411 2926 corporis
1466 2845 1606 2910 sive
1664 2843 1935 2925 spiritus
1979 2842 2225 2908 donum

300 2926 409 2992 sit:
450 2939 519 2993 et
562 2930 1071 3013 imprecationes
1115 2940 1427 3012 tanquam
1476 2932 1543 2995 in
1588 2929 1960 2995 coniuratos
2005 2929 2226 2995 hostes

301 3010 561 3080 Domini
628 3015 835 3079 nostri
893 3015 1047 3080 Iesu
1107 3014 1375 3092 Christi,
1435 3024 1500 3080 et
1555 3024 1871 3099 tanquam
1932 3014 2224 3081 membra

301 3101 544 3181 putrida
588 3111 997 3183 contorquet.
1087 3102 1254 3166 Erat
1296 3100 1471 3166 enim
1520 3101 1736 3167 David
1803 3122 2005 3184 quum
2062 3100 2225 3168 haec

296 3187 609 3267 proferret
671 3186 878 3270 ipsius
924 3186 1178 3253 Christi
1236 3186 1575 3271 propheta,
1631 3197 1699 3252 et
1755 3207 2107 3272 personam
2151 3207 2227 3254 ac

300 3271 558 3353 figuram
608 3271 755 3338 eius
798 3272 1141 3339 referebat.
1231 3274 1339 3339 En
1384 3274 1590 3357 igitur
1632 3294 1764 3338 non
1824 3283 2087 3339 tantum
2139 3294 2222 3339 ex

297 3355 515 3424 Esaiae
576 3358 945 3442 prophetae
1006 3360 1223 3426 verbis
1278 3370 1493 3424 ratum
1545 3359 1613 3424 id
1673 3357 1850 3443 quod
1916 3359 2222 3440 diximus,

296 3445 548 3510 verbum
589 3444 726 3509 Dei
772 3444 1149 3528 pestiferum
1193 3454 1261 3512 et
1305 3444 1549 3511 lethale
1591 3466 1733 3511 esse
1775 3445 1996 3529 ipsum
2038 3466 2225 3529 sper·

295 3532 610 3610 uentibus,
681 3540 750 3595 et
824 3531 1145 3597 adversus
1212 3533 1428 3597 Deum
1504 3530 2027 3597 contumacibus:
2104 3531 2220 3597 sed

293 3615 474 3680 etiam
519 3637 648 3700 per
692 3617 1016 3682 Davidem
1076 3616 1400 3700 loquentis
1453 3618 1663 3683 sancti
1719 3617 1991 3701 spiritus
2034 3616 2224 3683 testi-

299 3702 535 3767 monio:
584 3723 733 3781 nos,
776 3703 833 3769 si
880 3703 1015 3769 Dei
1050 3704 1331 3769 verbum
1375 3705 1839 3786 spreverimus,
1879 3713 1946 3768 et
1984 3703 2221 3769 adver-

296 3805 395 3851 sus
418 3788 781 3854 Dominum
829 3787 1127 3854 nostrum
1165 3791 1383 3855 lesum
1409 3790 1754 3856 Christum
1797 3797 2221 3855 contumaces

296 3871 617 3950 fuerimus,
666 3874 1056 3940 horrendam
1084 3877 1213 3942 Dei
1255 3874 1611 3943 vindictam
1660 3895 1946 3940 manere.
1992 3874 2220 3960 Nobis,

294 3955 346 4019 ei
380 3960 528 4027 vitio
574 3972 808 4026 nostro
868 3981 907 4026 a
967 3962 1111 4026 Deo
1167 3962 1557 4038 resiliamus,
1618 3962 1700 4026 ad
1759 3981 1956 4046 quem
2018 3962 2219 4028 verbo

294 4041 481 4124 ipsius
535 4046 1055 4126 advocabamur,
1116 4067 1445 4123 mensam,
1505 4047 1574 4113 id
1633 4056 1735 4112 est
1792 4065 2219 4130 quaeeunque

291 4141 416 4195 tum
457 4135 757 4218 corporis
794 4147 937 4198 tum
982 4135 1187 4198 animi
1236 4135 1564 4209 beneficia,
1611 4135 1682 4197 in
1718 4133 2026 4215 laqueum
2074 4155 2217 4199 ver·

290 4233 420 4280 sum
462 4219 564 4300 iri,
610 4221 683 4284 in
730 4218 1063 4303 scandala,
1109 4220 1344 4303 quibus
1387 4219 1456 4283 in
1504 4219 1779 4284 exitium
1825 4220 2217 4303 praecipites

290 4302 600 4386 feramur,
689 4315 757 4369 et
810 4326 1137 4371 venenum
1201 4305 1482 4389 denique
1548 4326 1676 4389 quo
1741 4304 2213 4388 dirumpemur.

288 4386 468 4452 Absit
509 4412 550 4455 a
594 4390 789 4456 nobis
828 4391 1038 4475 igitur
1082 4403 1308 4456 tentus
1363 4403 1618 4474 stupor:
1677 4411 1762 4456 ne
1807 4391 2058 4457 tamdiu
2103 4412 2217 4456 ex-

285 4490 644 4554 spectemus
688 4475 895 4542 donec
938 4477 1262 4544 vindicem
1294 4478 1557 4543 Domini
1601 4498 1873 4543 manum
1920 4478 2215 4561 experia-

286 4577 454 4624 mur:
514 4564 634 4627 sed
694 4578 955 4629 mature
1015 4585 1132 4646 per
1191 4583 1417 4629 veram
1480 4574 1547 4629 et
1601 4564 1876 4628 minime
1929 4563 2213 4629 fucatam

283 4646 789 4729 resipiscentiam
852 4651 1024 4715 iusto
1081 4650 1211 4715 Dci
1268 4650 1471 4715 furori
1528 4648 1786 4715 obviam
1846 4669 2093 4728 eamus,
2147 4656 2216 4715 et

286 4730 360 4794 ad
404 4734 547 4799 eius
604 4736 1013 4800 voluntatem
1059 4734 1261 4801 verbo
1304 4757 1425 4801 sno
1469 4735 1825 4801 revelatam
1875 4756 1994 4802 nos
2035 4754 2213 4800 com-

283 4834 615 4896 ponamus.
684 4824 785 4887 Ac
819 4822 874 4887 si
918 4842 1080 4904 quos
1114 4823 1297 4907 prius
1332 4823 1402 4886 in
1432 4821 1554 4886 Dei
1598 4822 1969 4906 cognitione
2011 4820 2215 4905 probe

280 4899 636 4985 institutos,
680 4906 762 4971 ad
812 4910 1131 4973 vomitum
1180 4907 1414 4982 redire,
1459 4917 1528 4972 et
1569 4908 1640 4971 in
1683 4906 1970 4971 diabolos
2016 4906 2210 4991 dege·

281 5005 503 5055 nerare
574 4995 1131 5076 conspexerimus,
1202 4995 1358 5059 iusti
1415 4992 1650 5059 iudicis
1715 4992 2072 5058 vindictam
2137 4993 2211 5057 in

281 5091 499 5142 eorum
566 5078 1115 5163 ingratitudinem
1196 5099 1647 5164 agnoscamus,
1725 5090 1792 5143 ct
1854 5078 2212 5144 eorundem

279 5162 578 5246 exemplo
622 5163 829 5232 edocti
874 5166 1223 5250 sapiamus,
1273 5186 1357 5230 ne
1399 5166 1576 5231 luem
1621 5164 1703 5230 ab
1745 5165 1906 5247 ipsis
1948 5176 2210 5231 contra-

281 5243 528 5314 hamne.
654 5249 845 5331 Quod
925 5251 1311 5337 plerumque
1388 5250 1819 5317 nihilominus
1896 5250 2209 5329 accidere,

1658 334 1757 401 IN
1802 334 1856 401 Ι.
1902 335 2083 403 LIB.
2132 332 2535 402 SAMUEL.
2581 334 2781 402 CAP.
2827 334 2919 400 H.

4155 340 4288 408 346

3836 536 3916 594 ut
4004 528 4283 598 aliorum

2343 523 2627 588 nimium
2719 523 2919 589 eheu!
3010 523 3240 591 multis
3317 525 3744 610 adspicimus,

3941 613 4081 680 Nos
4124 635 4283 682 vero

2340 610 2645 692 exemplo
2688 608 2896 674 veluti
2939 610 3087 677 labe
3128 611 3409 693 quadam
3455 613 3851 679 inficiantur.

2344 707 2530 760 tanto
2576 695 2791 779 magis
2833 695 3105 762 sollicite
3140 696 3271 762 Dei
3315 697 3682 764 doctrinam
3726 720 4167 781 revereamur,
4211 708 4282 768 et

2341 800 2460 845 suo
2507 782 2721 866 pretio
2767 783 3225 849 aestimemus:
3285 784 3554 867 Deoque
3611 787 3866 851 sincere
3909 806 4032 851 nos
4078 788 4281 852 subii-

2340 867 2607 945 ciamus,
2668 869 3088 933 severitatem
3145 868 3535 935 iudiciorum
3587 871 3796 954 ipsius
3852 872 3918 936 in
3981 873 4279 957 ingratos

2341 961 2410 1016 ct
2450 963 2889 1037 contumaces,
2949 968 3015 1019 et
3073 976 3114 1019 a
3155 957 3270 1020 via
3326 956 3558 1022 salutis
3601 956 3979 1023 recedentes
4022 972 4277 1025 metua-

2341 1058 2506 1114 mus,
2554 1061 2638 1103 ne
2684 1060 2973 1122 unquam
3019 1041 3125 1106 vel
3171 1041 3253 1105 ad
3298 1042 3553 1108 laevam
3601 1043 3708 1108 vel
3738 1042 3820 1107 ad
3858 1043 4157 1109 dextram
4194 1046 4276 1111 ab

2340 1125 2482 1189 eius
2526 1126 2778 1192 semitis
2834 1125 3276 1205 deflectamus,
3345 1138 3460 1193 aut
3516 1128 3672 1193 ullis
3728 1129 4277 1198 terriculamentis

2340 1223 2754 1275 avertamur:
2801 1219 2876 1275 ut
2919 1213 3015 1278 ita
3059 1214 3242 1277 Deus
3294 1233 3413 1279 sua
3466 1214 3533 1279 in
3596 1214 3784 1280 nobis
3840 1217 4062 1298 potius
4105 1217 4277 1283 dona

2340 1296 2749 1379 multiplicet,
2793 1309 2863 1363 et
2903 1299 2958 1363 si
3004 1318 3200 1381 quem
3260 1309 3522 1383 gustum
3593 1299 3903 1367 bonitatis
3961 1313 4275 1385 paternae

2339 1382 2546 1464 ipsius
2613 1382 2684 1447 in
2749 1404 2871 1450 nos
2937 1384 3303 1461 habuimus,
3372 1387 3584 1469 magis
3651 1386 3993 1470 magisque
4055 1388 4125 1452 in
4191 1408 4270 1454 eo

2337 1469 2839 1533 confirmemur:
2884 1480 3080 1552 atque
3124 1471 3309 1536 verbi
3353 1472 3558 1555 ipsius
3592 1471 3941 1555 splendore
3982 1473 4274 1539 illustre-

2339 1572 2507 1630 mur,
2555 1573 2594 1618 a
2636 1574 2763 1637 quo
2821 1576 2952 1621 uno
3007 1565 3144 1620 tota
3209 1555 3386 1622 salus
3443 1568 3510 1622 et
3573 1560 3821 1624 sanitas
3878 1573 4108 1624 nostra·
4160 1559 4286 1624 de-.

2340 1638 2598 1722 pendet.
2665 1639 2774 1705 Ita
2818 1662 2889 1707 se
2925 1641 3175 1708 Paulus
3218 1641 3584 1709 accinctum
3630 1643 4011 1728 evangelico
4053 1644 4274 1730 gladio

2340 1724 2497 1790 dicit
2541 1725 2623 1789 ad
2670 1725 3025 1796 vindictam
3071 1728 3141 1792 in
3187 1738 3602 1794 contumaces
3659 1741 3724 1795 et
3767 1729 4043 1796 rebelles
4085 1751 4271 1797 exse-

2339 1808 2647 1876 rendam:
2709 1823 2784 1876 ut
2838 1812 3015 1879 hunc
3073 1834 3217 1880 esse
3274 1813 3461 1880 verbi
3520 1815 3728 1881 divini
3786 1837 3978 1881 usum
4023 1816 4271 1894 doceat,

2339 1897 2485 1961 Deo
2530 1917 2654 1962 nos
2707 1896 3127 1964 submittere:
3202 1899 3374 1983 quod
3445 1901 3642 1966 etiam
3699 1903 3980 1985 ipsemet
4024 1903 4274 1968 Paulus

2338 1991 2644 2067 testatur,
2690 2004 2893 2066 quum
2939 1988 3051 2066 ait,
3095 2007 3167 2051 se
3208 1986 3484 2053 missum
3530 2007 3569 2050 a
3611 1985 3880 2053 Christo
3926 1997 3995 2052 et
4034 1988 4121 2054 ab
4161 2008 4274 2053 eo·

2339 2065 2487 2132 dem
2549 2071 2983 2152 apostolatum
3053 2073 3380 2154 accepisse
3449 2073 3534 2140 ad
3591 2072 4030 2139 obedientiam
4087 2073 4275 2139 fidei:

2337 2173 2469 2236 qua
2511 2157 2826 2221 nimirum
2894 2157 3190 2223 homines
3238 2159 3378 2224 Deo
3444 2158 3677 2226 subiici
3739 2158 4020 2239 discant,
4079 2169 4148 2225 et
4205 2160 4275 2225 in

2338 2240 2576 2306 timore
2658 2241 2867 2325 ipsius
2931 2244 3364 2309 retineantur.
3475 2243 3701 2326 Quare
3768 2245 4275 2329 praedicationis

2334 2324 2527 2389 Pauli
2572 2347 2809 2412 scopus
2855 2349 2988 2394 non
3049 2330 3174 2395 fuit
3229 2328 3573 2396 hominum
3629 2331 4020 2412 excaecatio,
4079 2340 4146 2397 et
4199 2331 4273 2396 in

2332 2411 2790 2479 incredulitate
2845 2414 3205 2481 induratio:
3265 2425 3334 2480 et
3390 2425 3611 2482 tamen
3670 2417 3849 2482 hunc
3916 2418 3986 2483 in
4044 2416 4275 2482 multis

2333 2497 2583 2564 exitum
2623 2498 2855 2565 habuit
2875 2502 3016 2584 ipsa
3049 2501 3444 2584 praedicatio
3479 2502 3847 2588 evangelii:
3892 2502 4066 2585 quod
4104 2503 4276 2570 hano

2336 2583 2419 2648 ob
2491 2602 2755 2650 causam
2803 2585 2885 2652 ab
2946 2587 3239 2671 apostolo
3284 2588 3345 2652 2.
3389 2586 3542 2654 Cor.
3587 2590 3647 2666 2,
3698 2588 3782 2655 15
3835 2589 4075 2655 dicitur
4115 2587 4279 2654 odor

2333 2669 2570 2735 mortis
2611 2671 2692 2736 iis
2734 2675 2850 2754 qui
2894 2683 3195 2754 pereunt,
3242 2683 3310 2739 et
3351 2673 3513 2740 odor
3556 2676 3736 2742 vitae
3780 2675 3863 2740 ad
3908 2676 4137 2756 vitam,
4194 2674 4277 2741 iis

2334 2757 2443 2839 qui
2486 2756 2799 2822 credunt:
2846 2771 2916 2823 et
2958 2761 3277 2825 Actorum
3336 2760 3568 2825 ultimo
3609 2762 3825 2844 capite
3869 2760 4118 2826 Paulus
4166 2761 4274 2826 his

2333 2842 2552 2908 verbis
2594 2843 2972 2909 incredulos
2992 2844 3271 2912 Iudaeos
3310 2848 3637 2930 increpat:
3683 2846 3890 2913 Recte
3936 2866 4097 2912 sane
4142 2846 4276 2930 spi-

2332 2927 2501 2992 ritus
2543 2939 2813 2995 sanctus
2869 2929 3179 3014 loquutus
3234 2939 3337 2996 est
3391 2952 3512 3016 per
3553 2932 3824 2998 Esaiam
3882 2932 4272 3015 prophetam

2333 3014 2631 3098 patribus
2674 3015 2934 3096 nostris,
2981 3018 3239 3083 dicens:
3300 3016 3490 3083 Vade
3546 3017 3628 3083 ad
3672 3039 3758 3101 po
3809 3017 3991 3083 ulum
4048 3019 4270 3094 istum,

2330 3108 2399 3163 et
2443 3097 2581 3167 dic:
2640 3100 2898 3167 Auditu
2956 3101 3255 3184 audietis,
3308 3112 3379 3168 et
3422 3123 3555 3169 non
3597 3104 3759 3169 intel
3789 3104 4016 3188 igetis3
4061 3117 4128 3168 et
4168 3102 4270 3167 vi-

2331 3184 2565 3251 dentes
2630 3187 2959 3268 videbitis,
3027 3197 3095 3254 et
3160 3209 3292 3256 non
3352 3190 3654 3256 cernetis.
3765 3189 4273 3275 Pinguefactum

2331 3280 2434 3336 est
2496 3272 2673 3337 enim
2738 3295 2852 3340 cor
2910 3275 3132 3358 populi
3193 3274 3407 3341 huius.
3495 3275 3590 3340 Et
3645 3274 3967 3342 hactenus
4024 3275 4107 3340 de
4149 3274 4274 3341 hoc

2330 3358 2546 3440 capite
2589 3357 2928 3425 doctrinae
2972 3361 3218 3426 dictum
3262 3373 3421 3427 esto.

2503 3443 2563 3509 N
2568 3444 2967 3512 ari-ationem
3012 3447 3219 3531 igitur
3263 3447 3513 3513 decreti
3559 3445 3770 3512 divini
3810 3446 3891 3512 de
3932 3446 4087 3511 filiis
4109 3444 4270 3511 Heli

2331 3528 2704 3597 occidendis
2746 3533 3048 3616 sequitur
3091 3533 3302 3598 altera
3344 3533 3427 3598 de
3470 3530 3801 3614 Samuele,
3855 3532 4125 3598 crevisse
4165 3532 4270 3595 ni-

2329 3615 2572 3681 mirum
2618 3618 2831 3699 ipsum
2873 3623 2930 3685 et
2959 3619 3283 3701 placuisse
3322 3624 3454 3685 tam
3487 3617 3628 3684 Deo
3670 3638 3865 3701 quam
3896 3617 4269 3698 hominibus,

2329 3702 2444 3785 qui
2486 3701 2698 3767 veluti
2739 3711 2841 3769 est
2874 3706 3194 3770 transitus
3237 3704 3321 3769 ad
3357 3703 3748 3770 horrendam
3789 3704 3991 3769 totins
4025 3703 4275 3788 populi,

2330 3807 2500 3870 quae
2545 3808 2586 3852 a
2619 3787 2767 3854 Deo
2811 3791 2938 3873 ipsi
2979 3792 3389 3871 imminebat,
3435 3789 3930 3871 desolationem,
3985 3790 4131 3855 Deo
4174 3791 4275 3854 ni·

2327 3872 2680 3941 hilominus
2737 3874 2862 3942 sibi
2917 3895 3142 3942 semen
3202 3877 3468 3962 aliquod
3524 3886 3929 3952 reservante,
3996 3883 4075 3940 ut
4116 3895 4270 3958 pro-

2326 3960 2675 4025 missiones
2728 3981 2883 4028 suas
2949 3963 3384 4028 nihilominus
3446 3961 3736 4045 impleat.
3838 3960 4019 4043 Quid
4085 3960 4260 4026 enim

2324 4045 2570 4112 factum
2616 4051 2858 4113 misera
2899 4047 3107 4132 plebe,
3150 4050 3278 4114 nisi
3325 4070 3366 4114 a
3408 4046 3698 4113 Domino
3739 4048 4097 4114 ¹suscitatus
4140 4045 4260 4112 Sa-

2324 4130 2499 4196 muel
2545 4132 2792 4211 fuissct,
2853 4153 3079 4217 quum,
3134 4144 3214 4200 nt
3255 4133 3564 4216 deinceps
3607 4133 3995 4211 videbimus,
4054 4131 4260 4198 eaesis

2325 4218 2394 4282 in
2430 4218 2680 4301 praelio
2712 4219 2870 4285 filiis
2898 4219 3079 4298 Heli,
3123 4229 3189 4285 et
3231 4240 3385 4287 arca
3409 4220 3538 4286 Dei
3572 4220 3640 4285 in
3686 4240 3923 4286 manus
3969 4217 4259 4283 hostium

2325 4304 2587 4383 tradita,
2608 4305 2891 4388 ipsemet
2911 4304 3071 4371 Heli
3107 4316 3241 4372 tam
3279 4307 3571 4371 infausto
3606 4307 3846 4371 nuncio
3880 4303 4261 4388 pavefactus

2323 4388 2560 4456 cecidit
2624 4390 2705 4456 de
2775 4392 2936 4457 sella
3001 4403 3368 4458 retrorsum
3393 4442 3409 4469 ,
3474 4401 3543 4457 et
3606 4392 3831 4457 fractis
3897 4388 4264 4457 cervicibus

2321 4485 2624 4542 mortuus
2663 4476 2815 4542 est?
2905 4477 3103 4559 Quid,
3147 4479 3439 4562 inquam,
3500 4478 3741 4543 misera
3781 4476 3973 4559 plebe
4015 4474 4261 4539 factum

2323 4571 2514 4640 esset,
2560 4560 2689 4628 nisi
2736 4562 2951 4628 Deum
2986 4564 3085 4628 illi
3131 4563 3214 4631 de
3259 4563 3598 4630 sacerdote
3642 4583 3683 4628 a
3725 4582 3855 4645 quo
3914 4567 4260 4644 regeretur

2322 4657 2389 4713 et
2432 4645 2777 4714 doceretur
2817 4659 3076 4716 mature
3117 4647 3555 4732 providisset?
3633 4648 3812 4714 Hinc
3859 4651 4019 4713 vei-o
4063 4644 4255 4709 disci·

2320 4755 2470 4799 mus
2515 4732 2738 4799 Deum
2783 4734 2997 4802 iustas
3043 4756 3286 4819 poenas
3331 4734 3708 4801 hominibus
3765 4739 4133 4818 parantem,
4191 4739 4262 4795 et

2319 4820 2627 4885 ultimum
2670 4820 2835 4904 ipsis
2879 4822 3157 4888 exitium
3204 4823 3588 4897 minantem,
3632 4827 3855 4885 tamen
3900 4817 4264 4883 misericor-

2319 4906 2468 4971 diae
2520 4907 2925 4985 meminisse,
2986 4916 3053 4972 ct
3108 4908 3325 4974 locum
3384 4907 3446 4970 ei
3501 4907 3734 4972 facere.
3841 4902 4263 4986 Quapropter

2320 4991 2499 5057 hunc
2542 4992 2856 5075 populum
2903 5014 3163 5076 semper
3206 4994 3388 5070 fovit,
3443 5011 3661 5074 neque
3699 5009 3824 5056 suo
3871 4990 4098 5056 favore
4144 5008 4264 5053 va-

2317 5097 2517 5144 cuum
2559 5099 2852 5163 unquam
2899 5079 3278 5162 dereliquit:
3331 5076 3459 5142 etsi
3512 5079 3726 5161 prima
3776 5075 3992 5158 stonte
4059 5073 4258 5158 quale

2317 5163 2440 5229 sibi
2483 5182 2526 5228 a
2580 5165 2725 5230 Deo
2782 5174 3132 5248 pararetur
3179 5162 3510 5230 auxilium
3569 5183 3701 5228 non
3757 5161 4261 5227 intellexerunt:

2316 5269 2530 5333 neque
2586 5250 2763 5316 enim
2819 5250 2979 5334 quid
3021 5248 3331 5317 Samuele
3383 5248 3576 5315 fleret
3616 5259 3839 5315 mente
3882 5247 4261 5331 praesagire
