5059 6059
863 284 996 352 263
2475 279 2889 348 HOMILIA
2936 277 3183 345 LXVI.
4644 281 4742 344 264

965 486 1072 537 tur
1140 468 1543 558 ingratitudo
1602 470 1731 535 fuit
1786 489 1915 538 non
1976 489 2323 554 agnoscere
2381 467 2785 534 benefactum

865 495 1190 632 glavidis?
1257 564 1498 642 quanta
1555 555 1801 622 malitia
1859 565 1994 620 tam
2039 555 2236 619 atroci
2279 553 2424 618 odic
2469 553 2789 620 Davidem

872 641 1172 732 prosequi
1227 651 1292 704 et
1352 661 1466 723 pro
1511 641 1679 707 bono
1725 640 1968 704 malum
2013 638 2410 722 rependere?
2478 638 2616 705 Our
2660 660 2788 703 non

869 726 1196 813 cogitabat
1255 746 1419 809 opus
1479 725 1773 792 divinum
1835 725 2021 790 esse?
2085 724 2402 790 Davidem
2461 725 2584 791 sibi
2626 723 2790 789 nihil

869 812 1203 898 proprium
1260 809 1650 877 vendicare?
1713 811 1854 876 Deo
1911 810 2073 875 duce
2114 812 2349 875 sactum
2395 809 2557 875 illud
2603 808 2786 876 esse?

874 900 1013 966 Cur
1056 918 1187 962 non
1232 896 1301 960 in
1349 898 1722 962 memoriam
1768 894 2112 961 revocabat
2154 895 2283 960 Dei
2318 895 2667 976 decretum,
2712 894 2790 959 de

872 1006 995 1051 sua
1053 981 1579 1048 exauctoratione
1632 993 1696 1046 et
1752 981 2096 1046 reiectione
2140 1002 2179 1044 a
2222 982 2399 1064 regia
2443 980 2788 1066 dignitate,

873 1080 943 1135 et
987 1066 1195 1135 eidem
1241 1087 1381 1132 sese
1424 1066 1888 1133 submittebat?
1937 1067 2159 1146 Quare
2204 1065 2365 1132 Saul
2409 1087 2542 1131 non
2586 1064 2789 1130 Davi-

873 1155 1044 1233 dem,
1111 1152 1224 1217 sed
1289 1150 1508 1216 Deum
1573 1154 1786 1235 ipsum
1849 1153 2308 1225 insectabatur,
2377 1161 2441 1216 et
2482 1153 2605 1235 ipsi
2648 1150 2792 1216 Deo

873 1238 1133 1306 viventi
1198 1235 1436 1302 bellum
1493 1237 1847 1303 indicebat:
1913 1250 1975 1302 et
2035 1247 2339 1319 tanquam
2395 1241 2673 1302 furiosus
2726 1245 2793 1301 et

879 1324 1227 1392 freneticus
1270 1323 1482 1405 ipsum
1528 1322 1776 1388 coelum
1821 1332 2038 1404 petere
2080 1324 2359 1388 volebat.
2446 1322 2628 1386 Haec
2671 1322 2792 1385 ita-

880 1431 1007 1495 que
1051 1407 1393 1474 manifesta
1437 1405 1657 1473 Saulis
1702 1408 1877 1474 vitia.
1964 1407 2143 1472 Hinc
2181 1408 2502 1473 discamus
2545 1409 2613 1471 in
2659 1406 2792 1489 pri-

881 1497 1007 1561 mis
1068 1514 1299 1561 cavere
1364 1513 1790 1575 summopere,
1856 1513 1939 1557 ne
2005 1491 2150 1558 aliis
2206 1495 2479 1559 virtutes
2538 1513 2698 1575 quas
2756 1512 2794 1556 a

879 1581 1025 1646 Dec
1094 1589 1481 1662 acceperunt
1551 1578 1991 1642 invideamus:
2064 1578 2376 1661 siquidem
2434 1578 2792 1642 alienarum

884 1667 1200 1732 virtutum
1245 1661 1448 1727 invidi
1495 1684 1620 1727 non
1666 1663 1737 1727 in
1779 1661 2075 1727 homines
2120 1675 2391 1739 tantum,
2435 1664 2547 1727 sed
2591 1663 2661 1726 in
2697 1665 2794 1745 ip-

882 1772 1026 1817 sum
1074 1751 1288 1814 Deum
1338 1749 1662 1812 viventem
1707 1761 1976 1831 peccant
2018 1759 2083 1811 et
2124 1758 2275 1813 sunt
2317 1747 2793 1813 contumeliosi:

881 1842 950 1901 et
986 1835 1042 1901 si
1072 1833 1359 1899 divinam
1385 1835 1784 1897 maiestatem
1809 1833 2245 1899 adversariam
2272 1832 2529 1908 habent,
2577 1833 2798 1915 quales

884 1924 1173 2005 ipsorum
1234 1918 1407 1983 vires
1466 1916 1774 1984 adversus
1833 1939 1974 1983 eam
2019 1918 2278 1982 futurae
2334 1918 2535 1984 sunt?
2625 1919 2798 1983 Con·

885 2031 917 2071 s
966 2007 1178 2072 icuum
1226 2003 1433 2086 igitur
1476 2015 1594 2085 est,
1659 2003 1825 2079 odia,
1892 2015 1958 2067 et.
2012 2005 2341 2078 invidiam,
2408 2011 2473 2067 et
2527 2004 2797 2067 livorem

886 2113 924 2155 a
951 2093 1133 2156 ienae
1206 2088 1468 2155 virtutis
1527 2109 1664 2154 esse
1724 2089 2035 2152 adversus
2090 2089 2306 2153 Deum
2365 2089 2798 2153 inimicitiam:

887 2197 961 2242 ac
1005 2173 1272 2258 proinde
1317 2175 1425 2255 qui
1468 2172 1763 2255 proximo
1806 2173 1972 2237 dona
2007 2173 2278 2250 invidet,
2324 2194 2452 2236 non
2492 2173 2803 2238 adversus

889 2261 1248 2337 mortalem,
1310 2258 1420 2323 sed
1468 2258 1781 2325 adversus
1838 2258 2057 2322 Deum
2115 2260 2326 2340 ipsum
2372 2279 2681 2343 pugnare,
2741 2270 2804 2322 et

889 2345 1153 2412 tandem
1212 2343 1673 2409 detrimentum
1735 2365 1809 2410 ac
1868 2364 2185 2408 summam
2243 2346 2678 2409 confusionem
2733 2343 2800 2407 in

888 2454 959 2497 se
1002 2432 1215 2513 ipsum
1294 2448 1638 2494 accersere.
1726 2428 1900 2508 Quin
1956 2429 2085 2492 imo
2129 2428 2287 2493 Saul
2331 2429 2468 2511 ipse
2511 2450 2651 2494 sese
2694 2448 2804 2493 ore

889 2515 1149 2600 proprio
1206 2514 1611 2591 condemnat,
1670 2534 1867 2597 quum
1913 2515 2022 2590 ait,
2079 2514 2231 2595 quid
2272 2515 2330 2579 ei
2361 2518 2635 2594 superest
2675 2515 2804 2578 nisi

891 2603 1093 2667 solum
1134 2600 1443 2683 requam?
1529 2600 1697 2663 Nam
1743 2620 1871 2664 non
1917 2598 2181 2663 dubium
2220 2609 2320 2663 est
2354 2599 2512 2681 quin
2551 2599 2805 2663 venerit

890 2688 1016 2770 ipsi
1072 2686 1144 2749 in
1200 2695 1484 2749 mentem
1541 2683 1862 2752 Samuelis
1906 2684 2017 2749 illa
2060 2684 2489 2761 comminatio,
2545 2684 2647 2748 cui
2690 2704 2806 2766 pro

891 2771 1145 2837 viribus
1189 2770 1486 2834 resistere
1533 2770 1773 2835 nititur.
1862 2767 1991 2835 Sed
2032 2769 2182 2852 quid
2218 2770 2416 2835 miser
2450 2779 2803 2852 promovet,

891 2858 1018 2924 nisi
1055 2854 1222 2939 quod
1258 2852 1565 2920 adversus
1601 2854 1894 2921 stimulos
1929 2853 2261 2921 calcitrat?
2340 2853 2502 2919 Inde
2539 2865 2805 2937 apparet

891 2942 1190 3007 homines
1225 2940 1362 3005 suis
1396 2940 1801 3022 passionibus
1835 2941 2202 3024 implicitos,
2248 2961 2503 3004 omnem
2543 2960 2806 3005 sensum

892 3027 1163 3093 rationis
1206 3024 1521 3102 amittere,
1567 3037 1630 3089 et
1665 3035 1971 3109 tanquam
1997 3028 2164 3090 ferae
2186 3025 2430 3092 belluas
2450 3026 2518 3088 in
2546 3026 2809 3090 obvium

893 3131 1211 3197 quemque
1258 3122 1497 3175 temere
1541 3112 1731 3174 ferri:
1777 3131 1851 3175 ac
1894 3111 1949 3175 si
1983 3109 2195 3174 Deum
2218 3113 2430 3194 ipsum
2455 3109 2807 3188 offendant,

890 3199 1088 3265 etiam
1146 3194 1460 3261 adversus
1517 3197 1730 3279 ipsum
1799 3215 2110 3280 pugnare,
2174 3216 2488 3279 suumque
2543 3197 2811 3261 exitium

896 3283 1156 3349 sibimet
1197 3283 1358 3364 ipsis
1397 3280 1667 3345 adferre.
1755 3279 1904 3361 Quo
1947 3300 2167 3346 sumus
2212 3282 2412 3363 igitur
2454 3283 2521 3345 in
2557 3281 2677 3347 hcc
2721 3283 2810 3346 vi-

898 3372 1060 3434 tium
1126 3368 1560 3449 procliviores,
1627 3387 1702 3429 eo
1765 3367 1971 3431 maior
2036 3365 2400 3430 adhibenda
2464 3368 2651 3432 nobis
2715 3375 2814 3431 est

899 3454 1130 3527 cautio,
1181 3461 1252 3515 ut
1294 3452 1534 3516 nostris
1578 3451 1910 3516 affectibus
1953 3450 2377 3524 moderemur,
2442 3473 2526 3517 ne
2571 3464 2810 3517 temere

900 3538 1215 3603 adversus
1261 3537 1474 3600 Deum
1518 3535 1731 3617 ipsum
1777 3537 2190 3620 insurgamus
2233 3549 2299 3601 et
2343 3538 2654 3601 feramur:
2699 3536 2810 3602 sed

903 3635 1133 3705 sponte
1191 3631 1257 3685 et
1315 3620 1560 3703 placide
1613 3620 1777 3686 colla
1819 3622 1939 3704 ipsi
1986 3621 2419 3699 subiiciamus,
2476 3630 2561 3700 et,
2617 3639 2811 3705 quam

904 3727 1178 3791 poenam
1220 3707 1405 3772 nobis
1438 3707 1766 3787 imponere
1801 3706 2116 3789 placuerit
2151 3708 2469 3789 patienter
2507 3708 2809 3772 feramus.

1075 3792 1164 3855 Et
1209 3790 1287 3854 de
1329 3792 1471 3856 istis
1519 3791 1847 3857 hactenus.
1939 3790 2097 3857 Saul
2141 3791 2567 3857 nihilominus
2610 3793 2811 3857 Davi-

908 3876 1052 3942 dem
1109 3875 1281 3958 apud
1333 3897 1402 3940 se
1445 3876 1731 3942 retinuit.
1820 3876 1998 3957 Quid
2042 3878 2134 3941 ita
2176 3877 2376 3941 vero?
2462 3878 2630 3941 Nam
2677 3878 2812 3941 eius

907 3972 1233 4044 aspectum
1273 3962 1382 4026 vix
1417 3963 1583 4025 ferre
1623 3974 1890 4044 poterat,
1930 3971 1994 4027 et
2023 3974 2098 4025 ut
2119 3961 2413 4044 deinceps
2438 3962 2813 4041 videbimus,

906 4049 1044 4113 eius
1082 4046 1510 4128 praesentiam
1548 4057 1678 4110 tam
1717 4068 1906 4132 aegre
1937 4048 2105 4124 tulit,
2151 4061 2222 4111 ut
2266 4047 2391 4111 alio
2433 4045 2812 4130 amandarit,

904 4145 971 4198 et
1016 4131 1170 4197 alibi
1214 4130 1519 4195 mandata
1562 4132 1682 4213 ipsi
1726 4132 1990 4210 dederit,
2037 4154 2118 4197 ne
2164 4133 2440 4216 amplius
2484 4133 2684 4197 oculis
2717 4133 2812 4214 ip·

904 4220 1038 4284 sius
1080 4218 1553 4282 obversaretur.
1639 4216 1781 4281 Iam
1827 4220 2041 4299 itaque
2085 4220 2349 4283 retinuit
2393 4220 2603 4301 ipsum
2642 4218 2812 4301 apud

904 4327 993 4381 se,
1037 4303 1290 4368 invitus
1335 4313 1399 4366 et
1441 4323 1586 4367 cum
1633 4302 1952 4368 amicitiae
1995 4303 2419 4369 simulatione.
2506 4302 2667 4368 Inde
2703 4325 2814 4386 ap-

905 4401 1091 4473 paret
1161 4388 1456 4452 homines
1518 4387 1665 4450 odia
1721 4409 1839 4453 sua
1893 4398 1960 4453 et
2015 4389 2380 4454 inimicitias
2434 4389 2815 4472 plerumque

906 4489 1125 4559 tegere
1167 4473 1487 4540 amicitiae
1530 4473 1743 4556 pallio,
1791 4483 1856 4538 et
1889 4474 2162 4557 aliquem
2195 4475 2403 4540 odisse
2439 4478 2506 4539 in
2543 4484 2814 4558 pectore,

904 4580 1098 4644 quem
1156 4574 1391 4636 tamen,
1443 4580 1525 4623 ne
1586 4558 1897 4626 malitiam
1952 4581 2138 4624 suam
2192 4573 2255 4624 et
2300 4561 2480 4626 virus
2523 4560 2815 4644 prodant,

905 4666 1126 4713 secum
1184 4643 1462 4708 retinere
1518 4661 1585 4709 et
1642 4644 1879 4710 habere
1937 4645 2162 4720 velint,
2229 4647 2579 4728 multisque
2624 4645 2815 4710 bene-

903 4733 1067 4799 ficiis
1104 4731 1417 4795 demereri
1453 4729 1816 4808 videantur,
1860 4730 1972 4796 sed
2013 4743 2079 4796 ut
2115 4731 2440 4797 incautum
2476 4731 2535 4796 si
2569 4732 2818 4815 possint

906 4817 1296 4901 opprimant.
1387 4815 1564 4880 Sane
1621 4815 1965 4898 primariae
2019 4814 2352 4899 dignitatis
2405 4816 2597 4896 viros,
2663 4829 2818 4899 puta

906 4924 1111 4988 reges,
1196 4901 1474 4984 rincipes
1510 4912 1574 4966 et
1608 4902 1972 4968 istiusmodi
2008 4902 2184 4967 viros
2214 4923 2480 4985 magnos
2503 4902 2816 4982 videmus,

908 4992 966 5054 si
1021 5008 1143 5070 quo
1229 4986 1294 5050 in
1346 5007 1462 5052 ens
1507 4987 1885 5053 beneficium
1930 4989 2292 5069 acceperint
2336 5009 2374 5053 a
2416 4985 2816 5052 subditorum

910 5073 1140 5156 alique,
1198 5093 1284 5155 pu
1331 5093 1442 5138 ore
1497 5073 1772 5154 quodam
1820 5073 1985 5139 affici
2029 5071 2197 5155 quod
2242 5074 2395 5156 ipsis
2437 5092 2511 5138 eo
2556 5073 2817 5138 nomine

908 5159 1191 5224 devincti
1256 5156 1423 5224 sint:
1489 5179 1564 5225 ac
1627 5157 1898 5242 proinde
1956 5167 2182 5242 optare
2235 5178 2272 5222 a
2315 5179 2432 5224 suc
2474 5167 2818 5241 conspectu

2890 479 3191 546 remotos,
3237 479 3303 532 et
3347 466 3604 532 illorum
3650 487 3882 532 nomen
3926 488 3964 533 e
4005 467 4175 532 vivis
4212 465 4551 532 sublatum.
4609 469 4751 535 'Palis

2891 565 2988 618 est
3047 574 3161 635 pro
3218 553 3496 635 acceptis
3553 553 3881 619 beneficiis
3934 554 4164 635 gratia,
4222 561 4291 617 et
4347 559 4749 637 compensatio.

2888 639 3188 705 Profecto
3253 640 3311 702 si
3371 637 3527 704 Saul
3586 638 3858 703 candide
3916 648 3981 702 et
4035 639 4283 703 sincere
4340 658 4488 702 cum
4544 638 4753 704 Davide

2889 725 3144 807 egisset,
3190 745 3338 789 eum
3381 722 3551 788 ultro
3595 723 3765 806 apud
3810 744 3879 788 se
3922 734 4250 806 receptum
4297 723 4572 797 fovisset,
4611 725 4755 788 etad

2889 809 3168 874 honores
3213 810 3655 891 promovisset,
3701 831 3771 874 re
3813 810 3955 891 ipsa
3990 821 4316 891 expertus,
4360 823 4429 873 et
4462 811 4758 875 universus

2890 915 3039 962 cum
3075 896 3214 978 ipso
3250 893 3541 977 populus,
3587 907 3744 976 quot
3777 895 4166 977 quantisque
4202 895 4552 960 virtutibus
4585 916 4620 959 a
4648 894 4760 959 Dec

2891 990 3062 1046 esset
3126 991 3495 1044 exornatus.
3586 977 3718 1045 Sed
3779 979 4215 1059 nihilominus,
4273 982 4393 1046 etsi
4437 982 4763 1045 contraius

2889 1077 2956 1130 et
2996 1085 3274 1147 aequum
3317 1064 3692 1131 inimicitias
3734 1077 3991 1148 pectore
4035 1064 4314 1145 fovebat,
4373 1075 4441 1129 et
4485 1087 4612 1130 non
4648 1087 4761 1131 cum

2892 1150 3157 1216 homine
3214 1150 3490 1224 mortali,
3559 1150 3676 1215 sed
3734 1170 3883 1215 cum
3940 1150 4082 1216 Dec
4139 1152 4276 1233 ipso
4321 1151 4564 1215 bellum
4602 1152 4764 1215 susci-

2892 1235 3128 1319 piebat,
3174 1235 3281 1301 vel
3326 1234 3604 1299 invitum
3649 1236 3936 1318 oportuit
3977 1235 4148 1319 apud
4190 1258 4259 1301 se
4297 1236 4616 1302 Davidem
4649 1238 4764 1300 reti·

2892 1342 3047 1386 nere
3109 1329 3185 1385 ut
3242 1322 3381 1385 eius
3436 1321 3613 1385 furor
3671 1335 3737 1387 et
3795 1321 4012 1386 odium
4058 1332 4422 1405 augeretur,
4479 1335 4543 1385 et
4583 1334 4769 1387 contra

2892 1404 3134 1470 Davidi
3168 1426 3543 1488 prosperum
3583 1427 3799 1471 rerum
3838 1426 4201 1472 successum
4239 1406 4397 1484 dari,
4436 1418 4504 1470 et
4531 1408 4769 1491 gratiam

2893 1504 2959 1555 et
3016 1490 3424 1556 autoritatem
3484 1492 3562 1568 ei,
3632 1492 3729 1555 vel
3776 1492 3913 1574 ipsc
3958 1491 4156 1557 Saule
4197 1494 4519 1572 ministro,
4578 1496 4769 1575 parari.

2894 1577 3062 1642 Nam
3121 1587 3279 1659 quot
3335 1575 3431 1639 illi
3490 1576 3798 1640 mandata
3857 1576 4032 1642 dedit
4074 1579 4142 1641 in
4188 1589 4323 1641 tota
4367 1580 4650 1661 regione,
4699 1587 4771 1640 tot

2896 1660 3108 1726 media
3165 1661 3430 1725 fuerunt
3489 1663 3722 1742 quibus
3778 1662 3875 1726 illi
3926 1665 4138 1746 gratia
4180 1675 4247 1727 et
4287 1665 4602 1727 autoritas
4639 1661 4772 1744 apud

2897 1747 3200 1829 populum
3239 1760 3467 1827 parata
3502 1746 3652 1810 fuit:
3700 1747 3870 1829 quod
3906 1749 4097 1812 etiam
4138 1749 4523 1812 nominatim
4562 1748 4774 1812 dicitur.

2896 1831 3071 1896 Hinc
3116 1841 3384 1914 apparet
3429 1833 3751 1914 principes
3797 1853 3988 1915 saepe
4024 1832 4124 1899 vel
4162 1834 4401 1897 invitos
4440 1854 4777 1915 promovere

2897 1937 3048 1981 suos
3113 1917 3401 1981 subditos
3460 1918 3525 1981 in
3588 1919 3867 1999 aliquam
3935 1918 4330 2001 dignitatem,
4404 1940 4536 1983 non
4594 1938 4774 1982 amore

2895 2022 3024 2088 quo
3068 2000 3198 2065 illis
3243 2000 3402 2066 bene
3446 2002 3670 2077 velint,
3727 2003 4028 2086 quoniam
4073 2025 4201 2068 non
4248 2015 4408 2068 sunt
4453 2002 4652 2074 liberi,
4689 2003 4775 2067 sed

2901 2087 3208 2153 vitiorum
3295 2107 3558 2152 suorum
3640 2089 3835 2151 servi.
3924 2087 4267 2153 Praeterea
4337 2087 4777 2153 observandum

2901 2193 3019 2236 sua
3077 2171 3376 2253 opinione
3420 2171 3685 2238 Saulem
3728 2172 4063 2238 excidisse.
4150 2174 4317 2237 Nam
4363 2195 4570 2257 quum
4615 2174 4779 2238 Davi·

2902 2257 3049 2322 dem
3106 2257 3275 2340 apud
3333 2278 3402 2321 se
3457 2258 3742 2333 retinuit,
3804 2278 3935 2321 non
3990 2258 4177 2323 modo
4236 2261 4408 2324 viam
4473 2260 4781 2340 praeclusit

2904 2343 3201 2408 omnibus
3257 2343 3394 2407 suis
3450 2345 3670 2425 pravis
3724 2343 4037 2408 adversus
4079 2345 4296 2427 ipsum
4339 2345 4651 2419 consiliis,
4695 2344 4781 2407 sed

2905 2430 3098 2493 etiam
3159 2428 3555 2492 occasionem
3596 2428 3832 2510 populo
3876 2427 4187 2510 praebuit,
4254 2429 4430 2511 quod
4477 2430 4785 2504 metuebat,

2907 2510 3241 2578 efficiendi.
3329 2513 3497 2578 Nam
3567 2513 3838 2596 populus
3894 2512 4043 2577 inde
4100 2524 4354 2597 poterat
4416 2517 4783 2582 occasionem

2908 2600 3191 2681 arripere
3235 2599 3412 2680 regia
3453 2597 3770 2680 dignitate
3811 2598 4023 2681 ipsum
4059 2599 4392 2684 spoliandi,
4444 2614 4513 2666 et
4547 2599 4786 2664 ludibrio

2907 2681 3207 2762 habendi,
3261 2682 3429 2764 quod
3488 2684 3658 2748 malo
3700 2684 3929 2765 spiritu
3971 2685 4221 2769 vexari,
4279 2701 4346 2750 et
4390 2687 4788 2768 ignominiose

2911 2770 3111 2835 vitam
3154 2789 3346 2852 agere
3391 2767 3655 2834 videret.
3742 2768 3979 2849 Nosne,
4038 2781 4339 2852 poterant
4384 2771 4621 2850 dicere,
4682 2772 4787 2852 regi

2908 2856 3132 2919 insano
3166 2865 3230 2918 et
3263 2854 3502 2918 furioso
3538 2853 3938 2920 servituros?
3975 2855 4130 2920 Istis
4167 2869 4234 2920 et
4268 2856 4599 2922 similibus
4631 2857 4788 2920 ratio-

2912 2939 3097 3004 nibus
3162 2937 3391 3003 adduci
3445 2949 3697 3022 poterat
3756 2939 4029 3022 populus
4074 2941 4154 3005 ad
4202 2939 4478 3007 Saulem
4524 2953 4789 3006 exaucto-

2910 3024 3202 3101 randum,
3289 3033 3358 3087 et
3436 3024 3506 3087 in
3594 3026 3892 3089 ultimum
3969 3027 4240 3090 exitium
4321 3026 4788 3092 deturbandum.

2912 3110 3105 3175 Multi
3175 3117 3472 3190 poterant
3535 3131 3622 3174 ex
3678 3110 3860 3192 plebe
3914 3111 4110 3176 rebus
4169 3112 4353 3178 novis
4412 3112 4690 3189 studere,
4742 3123 4791 3174 et

2913 3195 3096 3278 pulso
3139 3193 3342 3258 Saule
3385 3193 3709 3259 Davidem
3751 3195 3848 3258 illi
3891 3196 4303 3274 substituere,
4348 3199 4467 3279 qui
4514 3198 4677 3281 apud
4708 3215 4790 3279 po-

2914 3280 3136 3363 pulum
3200 3280 3335 3344 suis
3403 3279 3747 3346 virtutibus
3804 3292 3870 3344 et
3914 3282 4173 3365 egregie
4219 3281 4401 3347 factis
4446 3286 4711 3366 gratiam
4744 3293 4792 3344 et

2914 3365 3323 3429 autoritatem
3368 3364 3755 3446 acquirebat.
3843 3364 4001 3430 Saul
4048 3377 4263 3431 autem
4309 3367 4504 3432 illum
4550 3368 4707 3449 apud
4740 3385 4790 3429 se

2912 3452 3167 3532 retinet,
3211 3465 3282 3514 ut
3326 3460 3626 3531 tanquam
3672 3451 3993 3534 mancipio
4038 3463 4281 3536 utatur,
4325 3465 4394 3517 et
4439 3454 4587 3518 eius
4622 3453 4789 3516 virtu·

2912 3544 3041 3601 tem
3115 3534 3584 3618 quodammodo
3652 3537 3945 3619 sepeliat:
4023 3537 4136 3602 sed
4195 3539 4510 3620 opinione
4570 3539 4791 3603 fallitur.

2910 3622 3081 3686 Nam
3130 3620 3249 3683 Dei
3293 3616 3620 3686 decretum
3654 3621 4075 3687 irrevocabile
4109 3644 4302 3688 suum
4340 3625 4649 3690 effectum
4680 3643 4790 3705 pro·

2912 3705 3108 3770 ducat
3172 3724 3434 3770 necesse
3477 3716 3593 3770 est.
3681 3705 4120 3786 Quamobrem
4165 3709 4404 3776 animis
4455 3710 4689 3775 nostris
4725 3707 4793 3770 al·

2911 3793 3040 3855 tius
3082 3790 3428 3872 infigamus
3465 3812 3604 3854 eam
3640 3794 4046 3865 sententiam,
4091 3815 4258 3876 quae
4293 3796 4362 3859 in
4400 3795 4609 3862 sacris
4641 3812 4791 3875 saepe

2911 3876 3223 3941 occurrit:
3268 3875 3465 3939 Nulla
3510 3876 3798 3941 humana
3841 3877 4130 3955 consilia,
4175 3900 4386 3962 neque
4430 3881 4603 3946 ullos
4636 3900 4789 3944 cona·

2912 3969 3020 4026 tus
3057 3981 3243 4043 posse
3278 3961 3420 4026 Dec
3455 3960 3780 4026 resistere:
3824 3962 3891 4027 id
3928 3974 4043 4038 est,
4092 3985 4275 4046 posse
4312 3966 4632 4048 impedire
4663 3981 4791 4046 quae

2915 4045 3084 4129 apud
3123 4067 3191 4110 se
3227 4045 3528 4112 decrevit.
3617 4047 3690 4112 Si
3734 4046 3916 4112 Sauli
3941 4047 4069 4113 Dei
4092 4051 4425 4115 sententia
4450 4074 4583 4116 non
4606 4051 4791 4115 fuisset

2915 4132 3222 4215 abrogata
3265 4132 3444 4214 regia
3489 4132 3787 4215 dignitas,
3847 4143 3912 4197 et
3956 4135 4013 4198 si
4056 4156 4185 4199 non
4230 4137 4593 4218 accepisset
4632 4157 4669 4199 a
4704 4133 4791 4198 Sa-

2917 4218 3124 4282 muele
3160 4217 3473 4299 propheta
3506 4215 3745 4282 decreti
3784 4217 3992 4283 divini
4016 4219 4547 4302 declarationem,
4584 4231 4790 4304 poterat

2917 4303 3202 4368 humana
3258 4300 3531 4384 quadam
3588 4302 3927 4385 prudentia
3970 4304 4292 4370 Davidem
4337 4306 4584 4385 fovere,
4639 4317 4698 4370 et
4730 4301 4788 4366 ad

2917 4389 3162 4471 aliquos
3212 4387 3487 4453 honores
3544 4408 3940 4472 promovere,
3997 4412 4121 4473 quo
4163 4391 4333 4457 facto
4376 4392 4509 4458 sibi
4553 4390 4787 4477 gratiam

2917 4473 3087 4557 apud
3130 4473 3437 4556 populum
3481 4473 3898 4552 conciliasset,
3965 4485 4036 4539 ut
4076 4479 4186 4560 qui
4227 4488 4498 4561 gratum
4542 4477 4786 4543 animum

2915 4561 2975 4623 ei
3038 4557 3390 4637 exhiberet,
3456 4558 3638 4624 cuius
3701 4561 3944 4625 auxilio
4011 4562 4279 4627 victoria
4342 4575 4540 4645 parta
4602 4565 4785 4628 fuerat.

2919 4642 3048 4710 Sed
3092 4665 3288 4725 quum
3336 4643 3505 4726 apud
3550 4667 3619 4709 se
3662 4666 3924 4711 manere
3965 4645 4158 4726 iubet,
4200 4648 4294 4714 sic
4338 4658 4415 4713 ut
4454 4670 4537 4714 ne
4572 4647 4787 4732 prodire

2914 4728 3173 4813 quidem
3219 4729 3359 4794 sine
3401 4730 3701 4794 mandato
3747 4733 3969 4815 possit,
4031 4744 4096 4797 et
4140 4742 4453 4816 tanquam
4500 4734 4785 4818 captivum

2918 4816 3170 4895 retinet,
3211 4815 3335 4880 etsi
3371 4836 3559 4880 suum
3595 4816 3933 4882 consilium
3972 4837 4102 4882 non
4138 4820 4370 4901 prodit,
4412 4821 4579 4885 satis
4613 4835 4783 4883 tamen

2916 4912 3181 4984 apparet
3223 4920 3301 4966 ea
3343 4911 3561 4965 mente
3602 4901 3811 4984 ipsum
3856 4903 4080 4980 facere,
4127 4913 4200 4968 ut
4241 4903 4572 4971 Davidem
4614 4911 4783 4970 ament

2916 5007 2955 5051 a
3008 4986 3190 5070 regia
3245 4985 3579 5071 dignitate,
3638 5008 3720 5052 ne
3762 4987 3885 5056 sibi
3927 4989 4246 5068 succedat,
4305 5000 4370 5055 et
4412 4991 4593 5056 illam
4634 4989 4783 5054 Iona-

2917 5071 3119 5137 thano
3157 5070 3295 5137 filio
3338 5092 3454 5137 suo
3497 5074 3868 5157 praeripiat.
3953 5074 4544 5143 Verumenimverc
4584 5078 4781 5142 frusta

2919 5157 3170 5226 laborat
3179 5177 3199 5240 ;
3242 5158 3415 5242 quod
3448 5158 3679 5223 metuit
3711 5159 3968 5225 eveniat
4004 5169 4290 5243 oportet:
4334 5182 4456 5228 nec
4488 5163 4626 5248 ipse
4656 5155 4779 5227 Saul
