5059 6059
422 304 562 372 369

423 495 599 572 lans,
643 493 712 560 in
757 493 869 559 illo
909 499 1166 578 patrem
1198 493 1304 562 vel
1348 513 1567 570 avum,
1613 489 1720 557 vel
1766 488 2040 576 denique
2081 492 2361 559 maiores

423 581 642 667 punit.
732 578 920 661 Quae
952 578 1196 646 iudicia
1238 579 1391 646 licet
1429 578 1512 645 ob
1554 576 1793 643 mentis
1836 588 2100 644 nostrae
2144 579 2359 644 tenui-

424 676 638 732 tatem
694 687 824 731 non
880 666 1194 750 capimus,
1254 676 1474 732 tamen
1528 660 1858 732 adoranda
1913 672 2068 729 sunt
2114 664 2186 730 in
2227 664 2359 729 illis

424 751 564 817 Dei
621 750 907 830 consilia,
952 750 1142 835 eique
1187 758 1371 817 tanta
1414 758 1675 834 tamque
1716 749 2002 832 perfecta
2044 756 2111 815 et
2151 748 2357 815 admi·

422 836 643 904 randa
696 837 1014 921 sapientia
1048 835 1413 916 tribuenda,
1458 844 1534 902 ut
1574 834 1658 901 ad
1700 855 1846 901 eam
1890 836 2111 901 omnia
2138 845 2359 900 nostra

427 922 713 989 consilia
774 923 1165 1003 referamus,
1225 943 1546 1008 sensuque
1609 940 1834 987 omnes
1891 918 2099 986 eidem
2166 919 2363 988 subii·

420 1009 697 1076 ciamus.
787 1008 892 1074 En
936 1008 1153 1091 itaque
1197 1018 1271 1073 ut
1310 1008 1496 1075 Deus
1538 1005 1801 1091 quidem
1850 1005 2198 1090 unicuique
2261 1027 2359 1073 se-

420 1096 720 1162 cundum
762 1114 955 1159 suum
997 1092 1318 1178 flagitium
1358 1093 1675 1179 rependit,
1731 1098 1798 1156 et
1831 1101 2050 1158 tamen
2093 1100 2354 1176 patrum

420 1180 501 1246 in
544 1180 676 1246 illis
719 1178 981 1261 scelera,
1023 1178 1106 1244 ad
1151 1182 1406 1246 tertiam
1450 1187 1830 1263 quartamve
1870 1179 2354 1263 generationem

420 1265 783 1332 ulciscitur.
870 1265 963 1330 Et
1018 1265 1281 1347 quidem
1334 1264 1684 1332 verborum
1738 1262 1997 1330 illorum
2054 1263 2163 1331 hic
2205 1283 2353 1329 sen-

419 1374 544 1418 sus
597 1361 716 1425 est.
773 1360 835 1416 et
893 1349 1171 1435 insignis
1213 1351 1529 1432 doctrina,
1570 1369 1773 1434 quum
1817 1348 2034 1414 Deum
2079 1349 2354 1415 suseita-

420 1449 652 1503 turnm
692 1435 948 1502 fidelem
1004 1436 1402 1503 sacerdotem
1453 1436 1723 1520 spiritus
1765 1434 2094 1517 praedicit,
2159 1454 2353 1519 quem

421 1521 741 1590 Solomon
801 1519 1107 1605 deinceps
1148 1522 1218 1587 in
1274 1521 1678 1589 sacerdotem
1721 1519 2048 1586 ordinavit
2088 1539 2164 1588 ac
2206 1520 2358 1587 licet

417 1607 507 1674 de
561 1607 788 1673 divina
845 1606 1169 1675 sententia
1209 1628 1339 1673 non
1398 1607 1710 1690 cogitaret
1760 1605 2192 1690 exsequenda,
2232 1607 2355 1670 mi-

417 1695 699 1761 nisterio
780 1701 1000 1758 tamen
1079 1704 1198 1758 suo
1262 1692 1560 1760 divinum
1624 1689 1954 1758 decretum
2031 1690 2352 1775 implevit.

416 1780 533 1847 En
582 1776 818 1862 quibus
873 1775 1085 1844 modis
1139 1777 1323 1845 Deus
1367 1779 1777 1861 omnipotens
1821 1776 1903 1843 ad
1945 1774 2352 1842 decretorum

412 1862 1774 2033 ἔῖοέἓῗυᾲᾞῗέἳὲἶῗωέξῖῗρῗὲἓῗέ
1782 1863 2353 2031 dffisstffiff‘ffi

410 2036 543 2102 etsi
597 2055 839 2119 poenas
894 2032 1222 2100 Abiathar
1276 2046 1544 2120 propter
1613 2034 1854 2099 laesam
1914 2034 2088 2118 regis
2145 2033 2346 2099 maie·

411 2129 657 2188 statem
714 2120 858 2200 luit,
902 2140 1058 2188 reus
1111 2121 1287 2186 enim
1333 2120 1560 2187 mortis
1602 2127 1764 2198 erat,
1812 2118 1941 2185 Dei
1986 2127 2203 2185 tamen
2248 2118 2349 2184 iu·

410 2206 605 2273 diciis
661 2205 786 2272 hac
826 2205 1080 2272 ratione
1135 2206 1242 2271 via
1284 2207 1454 2273 facta
1495 2213 1614 2286 est,
1656 2203 1801 2271 Deo
1856 2204 1926 2269 in
1970 2203 2351 2270 Abiatharis

411 2313 701 2378 persona
739 2290 943 2357 Helin
1003 2290 1315 2375 puniente
1356 2299 1438 2358 »et
1493 2290 1567 2356 in
1622 2291 1761 2357 eius
1817 2290 2132 2355 familiam
2178 2287 2348 2374 quod

408 2399 487 2445 se
544 2377 872 2444 facturum
929 2386 1073 2443 erat
1121 2377 1427 2457 minatus,
1485 2374 1765 2442 dedecus
1806 2384 1872 2441 et
1925 2376 2349 2460 ignominiam

408 2463 775 2530 derivante.
864 2461 1121 2544 Quibus
1176 2462 1480 2530 omnibus
1536 2481 1614 2528 ea
1667 2481 1863 2546 quam
1910 2461 2211 2545 superine
2252 2469 2350 2526 at-

409 2550 686 2635 tigimus
729 2548 1026 2614 doctrina
1066 2549 1519 2629 confirmatur,
1557 2546 1704 2612 Deo
1746 2568 1879 2612 non
1922 2546 2350 2631 patefaciente

408 2655 686 2703 suorum
729 2632 1114 2702 iudiciorum
1156 2635 1347 2719 signa
1381 2632 1745 2713 manifesta,
1786 2653 2060 2716 quorum
2103 2632 2350 2698 intuitu

411 2731 803 2802 terreamur,
846 2740 980 2785 non
1022 2718 1169 2785 ideo
1213 2729 1431 2786 tamen
1467 2716 2006 2796 insolescendum,
2048 2717 2164 2783 sed
2209 2736 2349 2782 mo·

409 2806 605 2873 deste
645 2804 726 2874 de
768 2826 839 2871 se
882 2803 1295 2872 sentiendum
1338 2812 1405 2870 et
1446 2823 1663 2871 coram
1686 2803 1972 2870 Domino
2013 2801 2350 2869 ambulan-

408 2893 592 2971 dum,
651 2888 1170 2975 quandoquidem
1212 2899 1281 2957 et
1331 2897 1488 2976 post
1526 2890 1663 2956 fata
1704 2909 1857 2956 suas
1898 2889 2186 2955 rationes
2231 2888 2350 2954 ha·

408 2978 544 3058 het,
602 2998 745 3058 nos,
797 2998 932 3042 non
986 2977 1205 3042 minus
1263 2996 1461 3061 quam
1516 2974 1659 3040 vita
1720 2975 2086 3061 fungentes,
2148 2973 2347 3041 corri-

408 3061 642 3149 piendi
718 3070 784 3129 et
862 3061 1245 3163 castigandi.
1351 3062 1441 3127 Et
1527 3060 1846 3129 hactenus
1930 3059 2190 3144 quidem
2270 3058 2348 3125 de

410 3149 791 3215 divinorum
857 3146 1244 3214 iudiciorum
1320 3146 1588 3216 occultis
1652 3147 1781 3211 viis
1845 3153 1912 3211 et
1984 3144 2348 3212 rationibus

407 3233 662 3300 dictum
720 3241 857 3299 est:
929 3231 1099 3316 quod
1156 3240 1376 3300 tamen
1441 3240 1904 3317 argumentum
1969 3232 2347 3315 ampliorem

406 3328 771 3387 tractatum
823 3325 1136 3418 posceret,
1192 3316 1306 3385 sed
1349 3317 1421 3383 in
1462 3317 1833 3403 praesentia
1874 3337 2075 3402 quum
2118 3315 2199 3382 de
2240 3336 2349 3383 oc·

411 3405 619 3473 cultis
660 3403 792 3471 Dei
832 3402 1091 3470 iudiciis
1132 3412 1382 3489 agatur,
1428 3402 1833 3470 intellexisse
1872 3403 2171 3484 sufficiat,
2214 3422 2349 3468 non

410 3491 637 3557 inulta
681 3490 877 3556 fnisse
919 3489 1204 3556 filiorum
1247 3488 1404 3556 Heli
1446 3489 1531 3554 fia
1582 3488 1713 3570 aa,
1754 3488 1910 3558 licet
1958 3486 2030 3553 in
2091 3496 2349 3572 tempus

414 3597 631 3660 usque
676 3573 1045 3643 Solomonis
1099 3574 1300 3640 dilata
1352 3573 1439 3639 sit
1492 3596 1536 3640 u
1565 3574 1683 3639 tio:
1742 3594 1823 3640 ac
1878 3572 2150 3656 proinde
2198 3572 2351 3637 licct

417 3662 735 3746 temporis
798 3660 1281 3744 longinquitate
1334 3659 1588 3743 sepulta
1644 3668 1712 3725 et
1753 3659 2094 3726 obliterata
2146 3657 2351 3724 videri

416 3755 642 3833 posset
682 3746 1015 3830 iniquitas,
1064 3746 1136 3811 in
1179 3746 1311 3811 Dei
1351 3754 1570 3811 tamen
1615 3744 1882 3813 consilio
1924 3759 2188 3812 aeterno
2229 3743 2351 3808 im·

416 3852 712 3918 proesam
753 3842 823 3897 et
863 3831 1255 3915 insculptam
1288 3830 1605 3897 hactenus
1645 3828 2054 3898 remansisse.

598 3915 911 4002 Sequitur
932 3917 999 3983 in
1028 3916 1384 4004 prophetae
1408 3916 1658 3984 verbis:
1700 3915 1916 3983 Deum
1958 3915 2059 3982 illi
2097 3915 2354 3981 domum

416 4003 926 4086 aedificaturum,
968 4004 1209 4086 quibus
1241 4001 1459 4070 verbis
1484 4002 1614 4068 alia
1646 4001 2091 4087 metaphorica
2122 3999 2351 4083 loquu-

416 4090 513 4155 tio
556 4089 944 4155 continetur.
990 4088 1301 4154 Domum
1337 4087 1514 4154 enim
1557 4087 1896 4155 aedificare
1937 4085 2197 4170 dicitur,
2240 4085 2353 4169 qui

413 4182 671 4242 statum
731 4173 1014 4258 aliquem
1067 4174 1335 4239 firmum
1391 4181 1459 4239 et
1512 4173 1811 4242 stabilem
1872 4172 2089 4253 efficit,
2153 4169 2352 4237 nullis

413 4259 896 4327 mutationibus
938 4260 1308 4332 obnoxium.
1398 4256 1512 4330 Sic
1553 4259 1821 4325 Psalmo
1866 4258 2008 4337 127,
2047 4260 2105 4323 1.
2149 4277 2351 4341 quum

414 4345 696 4412 dicitur:
749 4344 1031 4412 Domum
1067 4345 1317 4428 frustra
1380 4343 1725 4428 aedificari,
1787 4365 1979 4427 quam
2032 4342 2354 4410 Dominus

410 4452 543 4498 non
586 4431 1027 4514 aedificaverit,
1083 4450 1215 4497 non
1260 4431 1602 4515 parietum,
1645 4430 2056 4515 lignorumve
2100 4438 2215 4494 aut
2254 4427 2350 4493 la-

413 4516 653 4602 pidum
675 4537 757 4582 ex
780 4516 1016 4601 quibus
1060 4516 1347 4601 assurgit
1386 4515 1753 4583 aedificium
1776 4525 2073 4600 respectu
2103 4513 2351 4581 dictum

414 4601 590 4669 illud
633 4601 1168 4682 existimandum,
1212 4601 1327 4668 sed
1371 4598 1820 4668 diuturnitatis
1862 4609 1928 4667 et
1956 4599 2349 4680 stabilitatis,

410 4708 617 4773 quam
661 4686 790 4755 sibi
831 4688 1131 4753 homines
1171 4686 1490 4773 augendis
1531 4687 1798 4755 familiis
1837 4687 2066 4771 opibus
2099 4693 2165 4752 et
2207 4686 2350 4771 dig-

414 4773 739 4841 nitatibus
782 4774 1022 4839 intenti
1065 4773 1327 4853 frustra,
1380 4773 1520 4841 sine
1561 4773 1691 4839 Dei
1735 4772 1999 4848 auxilio,
2043 4770 2350 4856 pollicen-

414 4870 552 4926 tur.
655 4857 875 4943 Atque
940 4862 1010 4924 in
1088 4858 1431 4945 scripturis
1497 4859 1656 4926 haec
1726 4857 2029 4943 loquendi
2096 4856 2353 4941 phrasis

410 4945 710 5013 occurrit
766 4965 977 5097 ηοξ,
1021 4944 1239 5010 Deum
1284 4945 1624 5012 aedificare
1660 4944 1943 5023 domum,
1999 4963 2202 5027 quum
2259 4943 2355 5010 ita

416 5031 638 5099 servis
696 5033 834 5100 suis
968 5030 1231 5109 aedicit,
1284 5039 1360 5096 ut
1408 5038 1547 5097 tam
1601 5030 1926 5113 corporeis
1981 5029 2121 5095 eius
2166 5027 2352 5097 donis

413 5116 1115 5271 ἓὲοωᾶὲοῗῗῗῒὲἓ
1157 5123 1523 5268 ἓῗέἭῗ*
1541 5113 2350 5287 ἰζέῗὲἓῑῖὲῗξωὲῗᾊῖἓὲἑ

628 5304 854 5362 cavius·
876 5319 1060 5375 opera.
1108 5300 1229 5364 Vol.
1253 5299 1485 5363 xm

1795 305 1896 373 IN
1933 304 1989 373 Ι.
2034 305 2214 373 LIB.
2259 303 2661 373 SAMUEL.
2704 301 2900 371 OAP.
2945 302 3033 370 11.

4264 306 4397 374 370

2460 490 2761 559 hemines
2841 490 2948 558 vel
3021 489 3104 557 ad
3170 513 3460 561 summos
3535 494 3814 562 honores
3890 501 3958 562 et
4035 494 4386 582 dignitates

2459 575 4222 733 ⁹v3¹²iffl¹.z¹³r;fflz.⁰‘.2¹1³22,⁹..·;¹>122‘¹²‘⁰2¹2⁰2sss0¹
4267 604 4391 732 ’θ’

2458 684 2737 901 {agius
2760 749 3128 850 ‚videantur
3153 713 3284 817 ’illa
3312 690 3953 852 ,consequuqifuszla
3968 689 4211 837 cinq&
4251 689 4388 821 Eg

2456 856 2647 1021 12:³5.
2670 844 2777 1022 ’ἐξ
2779 855 3023 986 2¹:123:
3025 838 3817 1024 2:322220529203223
3826 849 4162 1003 ᾝιῑέἓζὶ,
4198 838 4384 1025 31:¹1}ss

2454 1027 2907 1157 {atatam
2936 1015 3234 1158 3155ss
3274 1007 4388 1180 ἲὲωῗιὲἰὲῗᾶῗηὲἒέᾛῖἓφὲῖοῗέἷῗ

2455 1175 2641 1243 chiae
2697 1187 2764 1243 et
2817 1185 3030 1244 status
3078 1179 3446 1263 quicunque
3505 1179 3907 1258 validissimi,
3970 1191 4186 1248 tamen
4246 1202 4382 1247 cor-

2456 1263 2745 1415 ξυῖξιέτοε
2788 1262 2964 1364 οῌρ
3009 1263 3285 1330 nihilum
3337 1264 3750 1414 {Odiffgflndoe2
3797 1267 4236 1419 quotieguleo
4280 1267 4386 1333 vi-

2458 1370 3228 1518 5.;.{.²{1‚..¹2¹:;..¹232.2
3261 1370 3505 1503 15011?
3508 1372 3753 1504 {25:03
3756 1373 4209 1506 {35³⁶an
4210 1363 4383 1506 w.

2455 1520 2669 1587 iacere
2711 1519 3155 1599 fundamenta,
3212 1520 3573 1605 liberosque
3624 1543 3778 1590 suos
3830 1524 4055 1590 eadem
4112 1523 4381 1590 edocere

2456 1613 2729 1689 oportet,
2771 1605 2830 1672 si
2864 1608 2999 1673 suis
3042 1606 3306 1673 familiis
3346 1607 3764 1673 stabilitatem
3808 1609 4091 1693 aliquam
4128 1608 4382 1676 diutur-

2455 1692 2857 1775 nitatemque
2916 1711 3146 1776 parare
3196 1692 3479 1758 student.
3575 1693 3780 1759 Porro
3835 1716 4052 1762 coram
4109 1693 4377 1764 Ohristo

2453 1777 2754 1843 sacerdos
2814 1777 3264 1844 ambulaturus
3321 1775 3577 1859 dicitur,
3636 1777 3702 1844 id
3757 1786 3875 1858 est,
3932 1800 4151 1847 coram
4208 1802 4382 1867 rege,

2452 1861 2565 1947 qui
2612 1863 2876 1928 Domini
2918 1863 3100 1963 iussu
3144 1863 3519 1948 inungetur.
3607 1865 3792 1932 Tunc
3836 1886 3989 1932 vero
4049 1867 4382 1951 temporis,

2452 1946 2675 2014 nullus
2728 1947 2942 2048 adhue
2996 1970 3063 2013 in
3089 1948 3354 2048 ‘Israele
3410 1972 3481 2015 re
3532 1951 3656 2015 'am
3701 1950 4088 2050 dignitatem
4129 1951 4380 2053 obtine-

2450 2032 2964 2185 3ξὲξῖὲῶῗῖ
2991 2033 3331 2185 33ῗᾷωῶ
3377 2034 3464 2186 :2¹
3496 2036 4385 2207 ..i'ffimttttzitffffij

2450 2224 2614 2288 pora
2655 2225 2772 2270 rex
2817 2204 3038 2271 fuerat
3077 2205 3146 2272 in
3170 2205 3433 2286 Israele,
3475 2206 3587 2272 sed
3631 2206 3775 2273 sine
3818 2228 3972 2292 rege
4015 2208 4379 2293 respublica

2450 2290 2801 2357 israelitica
2856 2289 3073 2356 fuerat
3128 2289 3602 2359 administrata.
3691 2291 3872 2374 Quin
3929 2300 3997 2359 et
4056 2294 4221 2360 illud
4265 2294 4381 2362 oh-

2451 2375 2872 2453 servandum‚
2931 2397 3014 2442 ne
3060 2373 3282 2448 Saulis
3338 2377 3599 2460 quidem
3655 2398 3932 2463 regnum
3975 2379 4176 2448 fuisse
4219 2380 4379 2467 legi-

2454 2462 2708 2541 timum,
2752 2461 2876 2527 etsi
2920 2461 3228 2546 populum
3262 2463 3400 2529 suis
3432 2462 3684 2548 legibus
3718 2465 3906 2544 rexit,
3948 2473 4016 2531 et
4047 2463 4379 2533 subditum

2453 2566 2530 2612 ac
2594 2547 3054 2631 obsequentem
3117 2547 3381 2630 habuit,
3449 2549 3588 2633 ipse
3649 2569 3692 2614 a
3755 2547 4060 2617 Samuele
4124 2561 4377 2620 unctus.

2453 2632 2706 2734 Verum
2763 2643 2983 2699 tamen
3032 2630 3216 2733 ‘haud
3273 2635 3418 2699 Deo
3472 2632 3720 2735 placuit
3777 2636 4094 2703 eiusmodi
4159 2636 4382 2706 Saulis
4471 2702 4476 2706 .

2451 2717 3763 2888 tffitztssffsssszsszfflmntffissfflffi
3777 2731 4383 2874 ³35m⁰ss⁸3122⁰¹²⁸⁶⁰

2452 2910 2598 2974 gem
2646 2851 2878 2956 Israeli
2920 2853 3322 2969 destinarat(
3358 2889 3472 2956 sed
3517 2827 4024 2974 exspeeltandum
4082 2901 4227 2959 erat
4265 2832 4384 2980 1¹2·-
4447 2889 4452 2894 ’

2452 2973 2607 3059 pulo
2664 2975 2818 3076 dum
2875 2976 3015 3059 ipse
3057 2974 3244 3041 Deus
3291 2997 3518 3077 ,reg-em
3580 2976 3785 3054 daret,
3849 2998 3979 3076 nou
4024 2977 4225 3061 ipsius
4269 2978 4380 3082 de·

2450 3061 4381 3247 332³ffmwfflsszattsszffirsffss23230533

2452 3241 2660 3332 nostri
2715 3233 2946 3318 figura.
3034 3230 3255 3313 Quare
3313 3252 3514 3317 quum
3574 3233 3815 3300 dicitur
3873 3232 4174 3302 sacerdos
4227 3246 4379 3303 ante

2450 3315 2795 3384 Christum
2882 3315 3374 3418 ambulaturus,
3450 3316 3535 3383 ad
3614 3325 3869 3403 tempus
3945 3320 4374 3421 sacerdotium

2451 3402 2885 3471 exercendum
2930 3401 3221 3487 docetur,
3271 3424 3378 3469 cm
3433 3404 3634 3470 finem
3676 3413 3849 3470 esset
3889 3424 4128 3471 summi
4169 3428 4381 3475 sacer-

2439 3488 2621 3572 dotis
2664 3488 2915 3555 Christi
2956 3489 3027 3553 in
3070 3509 3328 3555 carnem
3390 3487 3712 3555 adventus
3754 3488 4198 3573 impositurus,
4251 3514 4379 3578 quo

2451 3581 2745 3657 tempore
2785 3594 2972 3640 suam
3018 3573 3476 3658 perfectionem
3534 3574 3805 3642 ecclesia
3859 3588 4378 3660 consequeretur.

2454 3663 2546 3725 Ac
2608 3660 2878 3745 proinde
2940 3681 3070 3727 non
3136 3657 3403 3725 dubium
3467 3659 3626 3743 quin
3692 3657 4009 3744 propbeta
4059 3662 4163 3729 hic
4217 3663 4378 3731 Heli

2454 3743 2790 3829 alloquens
2832 3744 3138 3812 iudicarit
3180 3745 3315 3811 fore
3358 3745 3788 3811 sacerdotium
3833 3757 4377 3832 momentaneum,

2453 3831 2582 3898 etsi
2624 3831 2694 3897 in
2736 3831 2940 3916 ipsius
2983 3830 3232 3898 familia
3264 3829 3693 3913 perdurasset,
3740 3831 3931 3898 doceo
3963 3853 4148 3899 suam
4184 3836 4381 3902 eccle-

2451 3916 2617 3984 siam
2661 3915 2745 3981 ad
2788 3915 3059 4001 gloriam
3104 3924 3171 3982 et
3212 3915 3586 3982 felicitatem
3632 3915 3958 3982 duxisset:
4001 3939 4185 4001 quae,
4228 3919 4382 3988 licet

2452 4002 2594 4087 ipse
2637 4001 2942 4069 Ohristus
2984 4003 3052 4067 in
3111 4023 3305 4069 carne
3366 4000 3633 4067 veniens
3693 4022 3825 4068 non
3882 4002 4113 4070 fuisset
4169 4005 4377 4072 factus

2453 4089 2854 4173 conspicuus,
2898 4096 3122 4153 tamen
3164 4093 3308 4153 erat
3361 4086 3697 4154 ecclesiam
3753 4086 4178 4168 illustratura,
4236 4089 4380 4175 ipso

2453 4195 2598 4241 sese
2655 4172 3181 4258 conspiciendum
3240 4173 3306 4239 in
3369 4172 3643 4238 Davidis
3705 4181 3773 4237 et
3826 4172 4100 4240 aliorum
4163 4176 4378 4260 figura

2453 4258 2824 4343 praebente.
2910 4258 3092 4325 Dicit
3147 4259 3364 4341 itaque
3416 4257 3732 4342 propheta
3774 4257 3932 4324 Heli
3974 4267 4128 4326 tunc
4169 4262 4229 4325 ei
4272 4280 4376 4326 sa-

2451 4345 2812 4412 cerdotium
2870 4342 3306 4423 adimendum,
3363 4362 3560 4427 quum
3604 4343 3790 4409 Deus
3831 4343 3972 4428 ipse
4013 4344 4217 4411 veluti
4261 4368 4377 4413 ve·

2451 4430 2687 4498 xillum
2750 4430 2980 4497 salutis
3045 4428 3374 4510 extulerit,
3439 4448 3513 4494 ac
3576 4450 3718 4494 sese
3782 4450 3912 4494 non
3977 4429 4216 4495 frustra
4273 4452 4375 4498 re-

2453 4517 2853 4600 demptorem
2901 4536 3041 4582 esse
3074 4514 3433 4599 pollicitum
3473 4534 3543 4579 re
3577 4514 3718 4597 ipsa
3750 4513 4144 4598 patefecerit,
4178 4536 4377 4600 seque

2451 4622 2730 4687 regnare
2773 4600 2940 4667 velle
2999 4599 3380 4668 ostenderit.
3467 4598 3815 4666 Caeterum
3880 4600 4376 4680 observandum,

2451 4695 2728 4771 sequuta
2783 4707 2925 4753 esse
2969 4685 3340 4753 Solomonis
3397 4694 3672 4751 mortem
3728 4693 4020 4769 tempora
4075 4685 4377 4768 infelicia,

2451 4794 2689 4859 nempe
2723 4771 2923 4838 totius
2958 4770 3179 4857 populi
3216 4768 3621 4857 divisionem,
3657 4768 3876 4836 decem
3912 4769 4045 4836 illis
4079 4771 4376 4841 tribubus

2452 4881 2494 4924 a
2536 4856 2815 4924 Davidis
2859 4857 3048 4924 domo
3092 4854 3571 4924 deficientibus:
3636 4875 3712 4922 ac
3754 4854 4030 4937 proinde
4071 4857 4140 4922 in
4187 4855 4376 4925 Solo-

2451 4966 2666 5025 mone,
2711 4965 2843 5010 non
2883 4943 2954 5009 in
2998 4940 3355 5021 Roboamo,
3409 4963 3540 5006 non
3601 4940 3875 5024 denique
3918 4941 3988 5005 in
4033 4941 4178 5009 aliis
4221 4942 4376 5010 ullis

2450 5052 2493 5097 a
2532 5029 2791 5097 Davide
2833 5031 3095 5115 regibus
3135 5027 3427 5096 oriundis
3471 5026 3655 5092 nobis
3696 5024 4210 5114 subsistendum¹
4258 5028 4377 5096 sed

2449 5115 2574 5182 sub
2614 5125 2767 5202 typo
2808 5124 2879 5182 et
2919 5117 3130 5200 figura
3185 5113 3530 5178 veritatem
3593 5109 4031 5197 quaerendam
4088 5121 4155 5182 et
4196 5135 4373 5181 com-

2450 5200 3008 5287 prehendendam:
3054 5197 3324 5286 perinde
3378 5217 3453 5264 ac
3510 5197 3567 5265 si
3618 5198 3705 5265 sit
3745 5196 3980 5263 horum
4022 5198 4376 5268 verborum
