5059 6059
904 308 1026 375 ⁷07

2431 374 2436 381 ,
2519 297 2926 369 HOMILIA
2980 298 3207 365 XLII.

4662 303 4748 370 708

901 516 1025 562 nos
1066 493 1146 560 ad
1188 494 1444 560 unicam
1481 491 1608 558 Dei
1650 510 1893 570 vocem,
1937 488 2192 556 etiamsi
2223 486 2391 553 nihil
2425 488 2810 573 pollicentis,
2906 506 3014 553 vos
3072 507 3111 550 r
3178 507 3290 554 em.
3377 487 3464 555 Et
3525 488 3815 556 clamavit
3878 486 4132 589 Samuel
4189 490 4278 555 ad
4320 488 4663 555 Dominum:
4694 490 4757 555 Et

901 583 971 648 iu
1007 581 1211 681 ipsius
1246 579 1622 662 obsequium
1656 575 1923 643 excitari
1956 584 2021 642 et
2055 574 2200 659 cogi
2232 594 2350 657 par
2383 573 2534 640 est?
2574 574 2811 640 Nonne
2908 572 3075 638 dedit

3185 574 3435 639 ominus
3476 594 3646 640 voces
3686 574 4034 656 acptum-as
4074 576 4145 640 in
4183 574 4303 641 §aa
4343 576 4473 640 die:
4516 576 4757 641 ati-mit

903 669 1107 750 ipsius
1161 686 1323 748 opus
1381 661 1655 729 sumus?
1743 666 1853 727 An
1911 671 2160 744 patrem
2215 669 2523 744 putamus
2586 659 2810 725 iuben·
2909 659 3109 725 omnis
3148 659 3417 742 populus
3457 660 3652 727 nimis
3689 659 4036 726 Dominum
4076 664 4133 727 et
4175 658 4540 726 Samuelem.
4614 659 4759 741 Quod

907 760 1039 818 tem
1082 750 1288 816 filium
1332 769 1542 824 suum,
1587 746 1709 813 hoc
1752 747 1858 813 vel
1902 747 2064 812 illud
2103 746 2331 821 facere,
2375 743 2458 810 ad
2506 766 2811 828 compen·
2912 744 2995 809 ad
3037 743 3424 809 miraculum
3466 746 3721 823 attinet,
3776 745 4054 813 sciamus
4097 746 4257 812 illud
4301 756 4558 828 propter
4594 747 4761 828 populi

906 837 1222 905 sationem
1263 830 1750 918 obligandum?
1851 832 2087 898 Nonne
2148 830 2353 897 filium
2417 830 2610 896 etiam
2674 831 2814 896 sine
2910 828 3087 895 illius
3130 828 3476 896 ruditatem
3521 830 3844 907 accidisse,
3889 852 4078 914 quem
4120 833 4213 897 sic
4253 831 4539 914 oportuit
4577 832 4761 914 guber-

906 920 1409 991 contradictione
1470 918 1670 1001 patris
1735 916 2057 983 mandatis
2117 936 2360 982 morem
2417 936 2643 998 gerere
2701 935 2817 998 par
2913 915 3056 980 nari
3110 926 3178 980 et
3233 916 3621 982 confirmari.
3709 915 3932 999 Neque
3991 919 4166 982 enim
4224 916 4439 982 adhuc
4495 915 4632 981 talis
4662 928 4765 981 erat

906 1005 1049 1075 est?
1135 1005 1340 1089 Atqui
1381 1003 1566 1069 Deus
1623 1004 1759 1087 ipse
1803 1013 2088 1068 nostram
2126 1001 2466 1085 segnitiem
2509 1009 2577 1067 et
2617 998 2816 1069 tardi·

907 1101 1112 1160 tatem
1165 1089 1685 1156 animadvertens
1739 1109 1814 1152 eo
1869 1108 2072 1171 usque
2129 1107 2271 1153 sese
2333 1084 2519 1152 nobis
2572 1106 2819 1152 accom-

907 1176 1146 1252 modat,
1192 1186 1263 1241 ut
1305 1195 1419 1257 spe
1450 1173 1830 1327 §repositae
1864 1171 2179 1240 mercedis
2220 1190 2337 1237 nos
2376 1171 2457 1236 ad
2499 1192 2570 1237 se
2612 1171 2821 1238 colen-

912 1264 1066 1330 dum
1107 1261 1361 1326 invitet.
1505 1258 1582 1325 ed
1642 1279 1844 1342 quum
1900 1279 1985 1323 ne
2038 1257 2182 1325 istis
2240 1255 2499 1339 quidem
2544 1278 2821 1323 commo-

911 1368 1160 1425 vemur,
1222 1356 1285 1412 et
1324 1344 1542 1411 Deum
1587 1345 1685 1411 uti
1727 1341 2331 1410 comminationibus
2372 1351 2437 1408 et
2478 1343 2823 1409 severitate

913 1433 1222 1516 cogimus,
1277 1439 1352 1496 ut
1407 1430 1593 1495 nobis
1635 1428 1836 1494 veluti
1895 1428 2066 1494 diem
2110 1437 2260 1493 ante
2304 1448 2492 1493 suum
2537 1426 2821 1493 tribunal

914 1518 1103 1597 dicat,
1148 1528 1212 1582 et
1252 1515 1539 1581 futuram
1581 1514 1672 1581 ibi
1714 1512 2314 1580 condemnationem
2355 1512 2669 1593 ostendat,
2710 1533 2821 1577 an-

913 1626 1045 1670 non
1103 1612 1202 1669 ter
1254 1600 1524 1667 miseros
1580 1608 1648 1665 et
1710 1598 2091 1682 depravatos
2147 1619 2286 1665 esse
2327 1619 2446 1664 nos
2488 1598 2822 1663 fatendum

913 1687 1057 1756 est?
1144 1687 1384 1754 Procul
1427 1684 1623 1752 dubio
1665 1705 1749 1750 ex
1792 1705 1868 1750 eo
1909 1705 2016 1749 ma
2064 1705 2215 1749 nam
2259 1684 2659 1749 occasionem
2705 1682 2824 1749 ha-

913 1774 1145 1840 bemus
1193 1793 1313 1839 nos
1370 1792 1584 1839 coram
1639 1770 1782 1853 ipso
1846 1770 2027 1835 humi
2057 1767 2248 1847 'andi,
2311 1776 2378 1833 et
2432 1769 2823 1851 pravitatem

917 1869 1190 1925 naturae
1248 1871 1507 1924 nostrae
1564 1854 1957 1939 deplorandi,
2015 1875 2261 1937 nosque
2317 1874 2384 1919 m
2474 1854 2487 1868 '
2569 1875 2644 1921 ac
2688 1875 2824 1919 ma·

968 1945 981 1958 ‘
1084 1963 1301 2010 coram
1365 1943 1506 2026 ipso
1572 1938 1910 2008 deiiciendi
1972 1947 2040 2006 et
2102 1938 2417 2005 humilian
2466 1940 2505 2003 '.
2607 1938 2829 2021 Quare

919 1966 1134 2095 {insuda
1176 2037 1274 2093 est
1316 2047 1527 2111 opera,
1587 2036 1660 2092 ut
1713 2046 1911 2109 quum
1953 2024 2167 2091 Deum
2209 2025 2488 2090 sciamus
2531 2024 2714 2090 nobis
2756 2025 2828 2089 in

920 2115 1101 2181 nullo
1161 2113 1553 2191 devinctum,
1611 2119 1677 2177 et
1732 2111 1937 2177 simus
1991 2110 2063 2176 in
2105 2110 2307 2193 ipsius
2350 2110 2550 2175 verbo
2595 2109 2828 2174 admit-

922 2198 1115 2267 tendo
1158 2199 1492 2276 tardiores,
1546 2206 1623 2262 ut
1663 2195 1891 2261 saltem
1937 2193 2469 2279 promissionibus
2511 2195 2653 2260 eius
2697 2216 2828 2261 mo-

920 2306 1192 2350 neamur
1234 2303 1309 2348 ac
1349 2281 1795 2350 stimulemur:
1838 2301 2002 2364 quae
2045 2281 2102 2345 si
2142 2300 2275 2347 non
2317 2281 2475 2345 satis
2517 2300 2827 2364 magnum

920 2368 1171 2453 pondus
1230 2369 1309 2434 ad
1368 2388 1488 2434 nos
1530 2366 2026 2433 commovendos
2067 2364 2328 2441 habent,
2388 2364 2619 2431 saltem
2661 2385 2828 2432 com-

923 2455 1306 2523 minationes
1361 2453 1565 2535 ipsius
1626 2450 1960 2517 horrorem
2022 2451 2093 2517 in
2158 2450 2344 2517 nobis
2395 2450 2684 2536 gignant,
2751 2470 2829 2516 ac

921 2548 1028 2607 stu
1073 2559 1250 2607 orem
1305 2536 1491 2602 illum
1547 2543 1614 2605 et
1667 2545 2026 2615 veternum,
2083 2556 2209 2620 quo
2264 2535 2334 2601 in
2393 2536 2573 2601 vitiis
2616 2547 2682 2602 et
2723 2556 2825 2601 re-

922 2624 1004 2690 be
1057 2624 1071 2638 “
1119 2644 1201 2689 ne
1251 2623 1583 2691 stertimus
1637 2631 1704 2688 et
1757 2622 2154 2703 indui-amur,
2216 2620 2564 2700 excutiant,
2627 2641 2827 2704 quum

923 2721 1260 2794 armatum⁸
1322 2709 1530 2793 ipsum
1609 2706 1692 2773 ad
1758 2707 2113 2774 vindictam
2173 2706 2252 2772 de
2324 2707 2506 2774 nobis
2562 2726 2825 2771 sumen-

925 2794 1074 2860 dam
1141 2792 1516 2871 videbimus,
1596 2802 1660 2858 et
1737 2792 2116 2859 afflictiones
2178 2791 2392 2858 varias
2454 2792 2825 2869 sentiemus,

922 2901 1084 2966 quae
1153 2879 1210 2945 si
1261 2879 1623 2961 fecerimus,
1688 2886 1753 2943 et
1809 2887 2071 2960 peccata
2127 2887 2353 2943 nostra
2408 2875 2685 2943 confessi
2743 2874 2827 2940 ad

921 2965 1254 3032 meliorem
1299 2972 1581 3030 mentem
1624 2962 2023 3039 redierimus,
2084 2964 2147 3027 in
2195 2962 2433 3028 bonum
2477 2970 2544 3028 et
2586 2960 2829 3027 utilita-

922 3059 1053 3117 tem
1112 3060 1401 3117 nostram
1460 3069 1724 3115 cessura
1778 3060 1953 3115 sunt.
2041 3047 2223 3115 Haec
2274 3047 2478 3132 igitur
2536 3046 2831 3115 doctrina

919 3136 1205 3202 eruenda
1276 3145 1374 3200 est
1445 3155 1531 3199 ex
1595 3131 1914 3201 Samuelis
1978 3133 2286 3210 oratione,
2368 3154 2497 3216 qua
2560 3131 2826 3201 Samuel

919 3221 1231 3306 populum
1296 3220 1374 3285 ad
1434 3218 1580 3285 Deo
1646 3217 2081 3292 serviendum,
2141 3239 2293 3285 eum
2358 3218 2697 3285 colendum
2762 3224 2833 3283 et

921 3304 1363 3373 venerandum
1418 3305 1679 3384 excitat,
1740 3305 1976 3388 partim
2031 3303 2603 3388 pollicitationibus
2657 3323 2831 3368 sum-

921 3410 1067 3458 mac
1110 3388 1435 3457 felicitatis
1490 3401 1557 3455 et
1606 3390 2081 3474 prosperitatis:
2139 3389 2378 3473 partim
2420 3390 2617 3455 etiam
2660 3408 2833 3454 com·

923 3475 1385 3545 minationibus
1426 3474 1903 3559 suppliciorum,
1947 3476 2003 3541 si
2046 3475 2246 3558 ipsius
2287 3474 2469 3541 abusi
2504 3473 2835 3557 patientia,

926 3562 1051 3630 sibi
1105 3561 1560 3646 impunitatem
1613 3559 2008 3644 polliceatur.
2094 3559 2395 3644 Denique
2452 3559 2560 3627 hic
2616 3560 2833 3625 obser-

930 3646 1233 3727 vandum,
1291 3645 1509 3711 Deum
1555 3667 1668 3711 uos
1712 3645 1794 3711 ad
1839 3656 2094 3728 tempus
2130 3645 2513 3711 tolerantem
2557 3643 2641 3710 ad
2682 3663 2834 3727 poe·

929 3732 1277 3797 nitentiam
1335 3730 1642 3807 invitare,
1707 3741 1781 3797 ut
1834 3730 2017 3798 docet
2070 3731 2315 3797 Paulus
2369 3731 2439 3797 in
2496 3729 2682 3813 epist.
2750 3729 2831 3795 ad

928 3815 1259 3882 Romanos
1313 3828 1377 3881 et
1434 3825 1693 3900 tempus
1726 3815 2094 3894 concedere,
2156 3824 2230 3882 ut
2271 3817 2440 3883 serio
2485 3813 2566 3880 de
2652 3835 2834 3881 ecca-

930 3901 1018 3966 tis
1077 3901 1310 3967 nostris
1368 3902 1743 3984 cogitantes,
1797 3902 1878 3969 ab
1933 3900 2065 3967 illis
2122 3900 2513 3969 recedamus.
2655 3900 2733 3966 ed
2777 3899 2836 3965 si

929 3985 1314 4069 stupidiores
1366 4000 1432 4051 et
1487 3985 1847 4056 hebetiores
1902 3987 2053 4055 facti
2104 3988 2175 4053 in
2216 3987 2492 4070 peccatis
2532 4007 2835 4070 perrexe-

931 4072 1154 4148 rimus,
1212 4079 1460 4139 certum
1504 4081 1603 4140 est
1646 4081 1740 4139 tot
1779 4072 1907 4139 Dei
1950 4072 2445 4154 cohortationes,
2499 4080 2598 4138 tot
2639 4072 2833 4138 etiam

929 4156 1462 4224 comminationes
1514 4169 1577 4225 et
1630 4159 2074 4240 correctiones,
2126 4157 2210 4224 ad
2265 4178 2425 4242 quas
2475 4158 2685 4242 magis
2736 4157 2836 4222 in-

931 4242 1142 4310 durati
1192 4242 1523 4323 fuerimus,
1585 4252 1841 4309 nostrae
1881 4242 2319 4311 contumaciae
2362 4252 2432 4311 et
2472 4241 2841 4309 rebellionis

931 4337 1147 4406 testes,
1203 4328 1473 4413 gravius
1532 4328 1789 4395 tandem
1848 4328 2156 4397 iudicium
2200 4338 2267 4396 st
2317 4328 2704 4413 supplicium
2747 4328 2841 4394 al-

929 4415 1196 4480 laturas.
1255 4414 1348 4481 Et
1389 4424 1616 4481 contra
1658 4414 1852 4481 etiam
1896 4416 1952 4480 si
1993 4414 2104 4483 diu
2146 4435 2266 4481 nos
2306 4422 2376 4482 et
2415 4416 2485 4481 in
2528 4415 2840 4497 patientia

934 4498 1243 4579 tolerarit,
1287 4520 1414 4582 qua
1456 4500 1657 4566 simus
1701 4499 1904 4581 abusi,
1945 4501 2137 4586 longe
2178 4500 2470 4568 severius
2508 4501 2580 4566 in
2626 4509 2841 4584 poste-

934 4607 1078 4653 rum
1123 4585 1456 4653 nobiscum
1500 4592 1715 4651 actum
1757 4585 1860 4651 iri.

1104 4668 1314 4739 Porro
1355 4669 1621 4739 Samuel
1665 4668 1996 4739 doctrinae
2032 4692 2189 4741 suae
2231 4671 2641 4739 autoritatem
2683 4689 2837 4737 con·

933 4754 1267 4824 ciliaturus
1315 4776 1455 4825 eam
1499 4755 1807 4825 miraculo
1849 4764 2058 4825 ratam
2098 4756 2282 4838 facit3
2341 4777 2494 4823 nam
2534 4756 2659 4821 ait:
2718 4754 2841 4823 Sed

937 4847 993 4909 et
1046 4860 1208 4907 nuno
1257 4844 1429 4915 state.
1491 4846 1548 4909 d
1600 4842 1799 4909 videte
1853 4863 1983 4911 rem
2037 4842 2228 4909 istam
2275 4842 2590 4927 qnondam,
2651 4862 2843 4924 quam

934 4927 1215 5010 facturus
1256 4931 1345 4995 esi
1383 4925 1697 4997 Dominus
1746 4928 1818 4995 in
1858 4933 2172 5010 conspecu
2209 4934 2430 4995 vestro.
2512 4925 2847 5010 Numquid

938 5032 1062 5078 non
1100 5013 1320 5081 messis
1360 5012 1550 5081 tritici
1590 5019 1679 5080 est
1716 5012 1942 5081 hodia?
2028 5012 2329 5081 Invocabo
2368 5011 2732 5096 Domum,
2787 5017 2844 5081 et

941 5097 1109 5163 dabit
1161 5097 1732 5183 vocesetpzwias,
1788 5103 1845 5167 et
1896 5098 2845 5184 scietisqumymndemhm

938 5181 1206 5265 tleoem‘tis
1266 5181 1438 5255 vobis
1499 5185 1572 5251 in
1626 5190 1936 5269 conspectu
1983 5183 2271 5267 Dmi,
2322 5188 2596 5266 pamm
2655 5204 2843 5267 super

2918 999 3210 1067 doctrina
3288 1002 3541 1083 qualem
3620 1021 3794 1075 nunc
3871 1002 4217 1070 habemus:
4296 1000 4409 1067 sed
4473 1000 4765 1083 plurimum

2916 1084 3324 1152 obscuritatis
3368 1085 3662 1154 habebat.
3725 1086 3869 1152 Iam
3912 1109 4067 1154 vero
4111 1087 4527 1170 pervenimus
4562 1086 4637 1150 ad
4670 1086 4766 1169 ple·

2917 1168 3281 1236 nitudinem
3337 1178 3718 1254 temporum,
3780 1194 3857 1239 us
3913 1192 4095 1239 sacra
4148 1174 4471 1257 scriptura
4525 1170 4768 1254 loquitur,

2919 1266 2987 1320 et
3043 1254 3127 1320 ad
3178 1257 3654 1339 perfectionem.
3740 1258 3910 1323 Nam
3954 1279 4369 1342 quaecuuque
4410 1255 4495 1321 ad
4552 1256 4769 1323 salutem

2918 1341 3427 1424 requirebantur,
3482 1341 3752 1426 impleta
3805 1352 3975 1410 sunt.
4063 1343 4413 1427 Evangelii
4468 1341 4656 1407 facem
4690 1341 4769 1405 hs-

2919 1425 3146 1493 bemus
3209 1447 3326 1493 nos
3382 1426 3478 1493 ita
3518 1429 3977 1505 illustrantem,
4036 1440 4112 1494 ut
4150 1429 4245 1494 sol
4291 1440 4501 1493 terras
4541 1427 4771 1493 meridie.

2921 1512 3144 1595 Neque
3202 1533 3355 1578 vero
3398 1513 3679 1597 amplius
3736 1515 3982 1580 umbris
4025 1514 4157 1580 illis
4198 1513 4520 1598 legalibus
4554 1511 4771 1578 adstrin-

2923 1598 3052 1678 gim
3061 1620 3156 1676 ur,
3224 1618 3355 1663 non
3419 1597 3696 1682 amplius
3773 1621 3858 1666 ex
3921 1599 4132 1666 brutis
4195 1597 4588 1665 animalibus
4643 1619 4774 1663 sacr·

2922 1681 3213 1762 facimus,
3267 1705 3398 1749 non
3437 1683 3718 1767 amplius
3761 1685 4001 1768 templo
4044 1685 4364 1750 materiali
4405 1692 4477 1749 et
4516 1683 4775 1749 similibus

2923 1767 3171 1851 alligati
3228 1789 3472 1836 sumus.
3557 1768 3690 1837 Sed
3745 1770 4033 1835 omnium
4083 1770 4343 1836 illorum
4398 1767 4774 1836 substantiam

2924 1864 2990 1919 et
3056 1854 3390 1920 veritatem
3455 1853 3766 1921 habemus
3826 1855 4189 1920 Dominum
4252 1864 4548 1920 nostrum
4610 1853 4776 1918 Iesum

2923 1939 3294 2005 Christum:
3352 1939 3464 2006 ille
3506 1940 3694 2007 nobis
3735 1941 3832 2006 ita
3874 1961 4147 2024 regnum
4190 1941 4520 2007 coelorum
4564 1938 4779 2021 aperuit,

2927 2035 2998 2090 ut
3039 2023 3166 2090 Dei
3223 2024 3494 2107 gloriam
3554 2034 3773 2108 aperte
3833 2026 4253 2108 contemplari
4310 2028 4653 2109 possimus.
4722 2023 4781 2086 sst

2925 2108 3237 2176 miracula
3295 2110 3497 2175 multa
3553 2111 3724 2177 facta
3780 2119 3955 2190 sunt,
4011 2112 4247 2195 quibus
4301 2111 4598 2178 doctrina
4635 2128 4782 2191 quam

2926 2194 3007 2261 ab
3051 2195 3189 2277 ipso
3230 2195 3591 2279 accepimus
3634 2196 3756 2261 fuit
3797 2198 4203 2263 confirmata:
4248 2208 4319 2261 et
4348 2206 4487 2261 tam
4523 2196 4782 2260 sufficien-

2927 2290 3029 2345 ter
3069 2277 3425 2362 obsignata,
3483 2292 3559 2346 ut
3612 2282 3697 2347 sit
3752 2292 3945 2348 extra
4001 2302 4191 2347 omne
4247 2280 4518 2348 dubium
4576 2292 4639 2346 et
4671 2297 4780 2343 cou-

2927 2365 3329 2432 troversiam.
3372 2364 3593 2446 Quare
3633 2366 3949 2434 miracula
3991 2367 4114 2434 hoe
4149 2375 4441 2450 tempore
4484 2386 4612 2430 non
4640 2361 4782 2429 modo

2928 2470 3058 2516 nou
3101 2452 3673 2534 suntnecessaria,
3732 2453 3845 2518 sed
3900 2473 3983 2519 ne
4041 2452 4227 2518 utilia
4268 2451 4554 2534 quidem,
4608 2466 4674 2515 ut
4706 2470 4783 2531 po·

2928 2534 3081 2618 pulo
3124 2536 3329 2601 veteri
3371 2536 3661 2603 fuerunt:
3706 2558 3857 2602 nam
3900 2540 3995 2603 ita
4033 2537 4449 2621 evangelicae
4492 2535 4784 2609 doctrinae.

2928 2622 2997 2685 in
3054 2641 3182 2703 qua
3235 2642 3374 2687 sese
3416 2622 3597 2687 Deus
3659 2622 3841 2689 nobis
3895 2623 4082 2707 plene
4127 2621 4447 2707 patefecit,
4507 2620 4781 2687 autoritati

2929 2719 2996 2771 et
3050 2705 3423 2771 certitudini
3486 2707 3766 2774 multum
3821 2708 4256 2791 derogaretur.
4361 2707 4783 2774 Verumtamen

2929 2789 3120 2856 hodie
3177 2790 3387 2857 multa
3440 2792 3764 2859 mirabilia
3818 2795 3941 2861 Dei
4000 2814 4196 2876 opera
4252 2792 4671 2858 nihilominus
4716 2791 4783 2853 in·

2928 2885 3205 2961 tuemur,
3258 2876 3325 2941 in
3379 2875 3611 2960 quibus
3663 2879 3805 2945 eius
3859 2882 4242 2945 immensam
4287 2878 4598 2945 virtutem
4635 2876 4782 2942 senti·

2928 2981 3109 3027 mus:
3202 2964 3314 3027 sed
3398 2962 3708 3030 miracula
3794 2963 3911 3030 illa
3995 2962 4531 3044 extraordinaria,
4605 2962 4785 3046 quibus

2927 3045 3097 3130 quod
3157 3046 3237 3113 ad
3294 3048 3497 3130 ipsius
3549 3047 3797 3115 cultum
3849 3052 4153 3134 pertinet,
4216 3048 4587 3126 doceamur,
4641 3046 4785 3113 hodio

2930 3152 3062 3197 non
3117 3130 3445 3211 habemus,
3502 3154 3708 3216 neque
3760 3135 4052 3218 expedit:
4110 3134 4300 3218 quod,
4358 3142 4437 3199 ut
4494 3133 4646 3212 dixi,
4690 3152 4785 3196 uon

2928 3217 3063 3283 sint
3116 3216 3306 3283 hodie
3360 3218 3558 3284 utilia.
3648 3219 3834 3287 Tunc
3877 3242 4035 3287 vero
4078 3220 4382 3303 temporis
4430 3231 4694 3284 veterem
4730 3216 4780 3279 il·

2930 3301 3066 3369 lum
3109 3302 3415 3385 populum
3471 3305 3761 3388 oportuit
3811 3307 3954 3372 istis
3994 3307 4201 3390 signis
4242 3304 4631 3373 confirmari.
4702 3301 4786 3366 At·

2931 3408 3052 3471 que
3106 3387 3344 3455 idcirco
3386 3389 3565 3455 Deus
3609 3398 3747 3455 tum
3803 3392 4094 3457 tonitrua
4135 3401 4205 3456 et
4244 3392 4505 3474 pluvias
4548 3387 4785 3486 immisit.

2930 3472 4224 3646 ffiodfflgfflugffgeffaltggnmsuffioffiim
4264 3474 4667 3645 &zm
4700 3492 4785 3622 ff

2932 3644 3043 3727 qui
3107 3663 3305 3726 quum
3361 3644 3546 3711 Deus
3610 3647 3903 3730 paternis
3967 3647 4229 3716 vocibus
4295 3670 4413 3713 nos
4475 3645 4788 3730 alloquitur,

2934 3748 3152 3795 nonne
3201 3729 3462 3797 maioris
3518 3730 3690 3815 apud
3748 3753 3869 3798 nos
3923 3734 4067 3801 eius
4116 3733 4287 3801 filios
4327 3753 4473 3799 esse
4517 3727 4789 3799 momenti·

2933 3834 3588 3967 ἒῑὲὲᾓὲἳῧωῖἒῗ
3613 3817 4247 3971 ὕέἳ“ἷιῗὲῑιὲἰ“’ῗὲζῖ
4301 3818 4607 3980 &inps-‚02⁰⁶
4636 3834 4787 3984 ‘¹3¹3

2936 3985 3092 4051 feris
3135 3986 3292 4069 ipsis
3334 4007 3643 4070 magnum
3688 3996 3999 4057 terrorem
4040 3990 4332 4068 incutiat,
4376 4009 4602 4055 cervas
4639 3987 4787 4051 etism

2937 4071 3215 4137 abortire
3269 4081 3472 4155 cogat,
3533 4073 3831 4156 ingentes
3882 4075 4108 4142 cedros
4165 4076 4407 4141 Libani
4460 4073 4789 4153 confringat.

2936 4165 3129 4239 atque
3183 4158 3400 4223 omnia
3441 4156 3759 4225 elementa
3813 4163 4157 4241 concutiat,
4213 4159 4539 4239 docemur,
4596 4156 4789 4223 tenittu

2938 4262 3163 4309 vocem
3209 4262 3349 4309 esse
3389 4241 3537 4322 Dei,
3593 4244 3675 4309 ad
3731 4265 3924 4328 quam
3968 4246 4261 4330 singulas
4298 4265 4405 4311 res
4448 4254 4682 4312 creatas
4715 4259 4787 4305 ve·

2936 4327 3276 4393 hementer
3330 4337 3584 4411 oportet
3643 4333 4051 4409 commoveri,
4116 4331 4284 4415 quod
4346 4330 4419 4399 in
4479 4326 4789 4395 tonia-ubas

2938 4432 3123 4479 suam
3185 4414 3588 4479 maiestatem
3659 4415 4088 4499 insculpserit,
4169 4438 4245 4485 ae
4311 4414 4586 4500 preinde
4636 4430 4789 4506 quain

2937 4507 3075 4564 tam
3129 4496 3451 4565 horrenda
3505 4501 3589 4565 sit
3639 4501 3755 4566 illa
3820 4523 3966 4581 vox,
4029 4513 4275 4568 metum
4340 4500 4595 4567 adferre
4654 4496 4787 4563 nebu

2936 4583 3114 4651 illam
3158 4583 3408 4651 debere.
3496 4584 3631 4652 Sed.
3671 4607 3871 4669 quum
3913 4587 4034 4655 sub
4075 4588 4321 4655 Psalmi
4378 4588 4575 4654 finem
4614 4579 4787 4651 sdiifli·

2937 4678 3064 4748 tur,
3120 4670 3427 4755 populum
3468 4671 3596 4738 Dei
3653 4672 3725 4737 in
3764 4672 3969 4756 ipsius
4012 4673 4250 4757 templo
4292 4673 4557 4741 interim
4593 4663 4789 4740 laetari,

2936 4755 4787 4929 mmhffiiffiofffflgississmdssfflssqu

2941 4928 3234 4995 tonitrua.
3320 4926 3489 4993 Nam
3525 4928 3650 4993 etsi
3688 4936 4016 5012 stuporem
4060 4940 4128 4996 et
4168 4930 4507 4997 horrorem
4544 4929 4789 4996 adferunt

2940 5014 3247 5093 tonitrua,
3306 5033 3434 5079 nen
3492 5023 3709 5081 umen
3765 5015 4105 5083 instruunt
4160 5016 4242 5083 de
4299 5016 4426 5083 Dei
4486 5015 4786 5106 voluntat}-

2941 5097 3187 5167 Contra
3243 5119 3417 5179 vero,
3481 5120 3681 5182 quum
3745 5100 3923 5169 Deus
3980 5102 4253 5171 verbum
4307 5122 4501 5169 suum
4551 5112 4671 5167 tam
4713 5094 4783 5159 (b-

2940 5186 3197 5263 stiuam,
3258 5194 3390 5251 tam
3450 5183 3855 5252 familiariter
3909 5187 4097 5255 nobis
4160 5188 4479 5272 proponit,
4542 5198 4604 5252 et
4638 5185 4697 5249 iu
4728 5200 4781 5245 es
