5059 6059
345 309 479 379 277

339 502 539 585 signa
607 523 764 568 suae
820 502 1180 571 maiestatis
1236 516 1308 569 ut
1362 526 1504 573 eam
1565 504 1947 576 horreamus
2006 513 2074 570 et
2115 505 2285 571 refu·

345 590 633 672 giamus,
698 587 813 654 sed
879 590 1009 655 illis
1073 589 1293 673 potius
1360 613 1480 656 nos
1546 589 1626 656 ad
1693 613 1762 657 se
1828 590 2143 657 invitare:
2210 611 2285 657 ac

347 672 629 772 proinde
694 674 991 741 homines
1047 675 1174 741 Dei
1219 676 1448 741 faciem
1494 677 1818 760 fugientes
1862 677 2175 742 malitiam
2220 687 2285 743 et

347 759 898 843 ingratitudinem
975 783 1131 845 erga
1213 764 1424 829 Deum
1489 762 1779 844 prodere.
1870 760 1984 829 Sic
2048 764 2287 829 dicitur

349 845 523 911 Saul
587 867 717 912 non
784 856 1036 912 tantum
1106 849 1409 914 metuisse
1474 847 1599 914 Dei
1656 850 2106 932 praesentiam,
2172 845 2285 914 sed

347 933 553 997 etiam
598 951 793 999 causa
828 942 1039 998 metus
1076 942 1359 1013 notatur,
1400 933 1571 1016 quod
1609 944 1915 1017 tanquam
1953 934 2284 1018 putridum

348 1016 722 1083 membrum
763 1030 1084 1085 resectum
1123 1029 1293 1084 esset
1328 1041 1366 1085 a
1404 1041 1689 1103 corpore,
1730 1031 1795 1085 et
1834 1040 1875 1084 a
1914 1020 2036 1085 Dei
2074 1021 2286 1105 gratia

347 1103 721 1181 excidisset,
768 1115 833 1169 et
879 1105 1177 1170 dedecori
1220 1116 1288 1170 et
1330 1105 1729 1190 ignominiae
1764 1108 2053 1173 omnium
2091 1126 2287 1189 expo-

345 1190 521 1255 situs
585 1202 775 1257 esset.
865 1190 1087 1272 Quare
1152 1190 1367 1256 danda
1433 1192 1619 1257 nobis
1688 1212 1899 1275 opera,
1968 1202 2035 1256 et
2092 1211 2286 1258 omne

347 1274 647 1341 studium
706 1275 1169 1358 adhibendum,
1234 1287 1308 1342 ut
1349 1298 1551 1360 quum
1597 1278 1663 1342 in
1710 1278 1895 1343 nobis
1940 1276 2122 1343 Deus
2167 1278 2285 1343 ha-

351 1362 682 1437 bitaverit,
730 1384 813 1428 ne
854 1373 1079 1427 nostra
1114 1363 1590 1447 ingratitudine
1626 1363 1808 1429 illum
1846 1362 2285 1447 expellamus:

348 1447 469 1512 sed
514 1447 711 1514 alacri
750 1459 964 1513 mente
1004 1469 1259 1532 semper
1297 1449 1718 1532 requiramus,
1767 1470 1965 1531 quum
2003 1449 2284 1514 maxime

349 1534 652 1599 videmus
695 1536 910 1617 ipsum
955 1532 1035 1599 ad
1073 1556 1192 1600 nos
1228 1535 1530 1601 accedere
1566 1546 1632 1601 et
1666 1534 1996 1620 fugientes
2032 1555 2281 1612 vocare,

342 1630 423 1684 ut
469 1619 639 1685 dona
684 1640 849 1702 quae
884 1642 965 1685 ex
1003 1641 1183 1685 mera
1217 1620 1423 1702 ipsius
1458 1619 1845 1685 liberalitate
1880 1620 2284 1704 percepimus

344 1706 564 1790 magis
622 1724 700 1770 ac
757 1706 966 1790 magis
1023 1706 1089 1770 in
1152 1706 1341 1772 nobis
1400 1718 1651 1791 augeat,
1711 1705 1915 1771 donec
1972 1704 2055 1770 ad
2098 1726 2282 1773 suam

343 1792 810 1874 perfectionem
871 1794 1190 1857 venerint.
1281 1792 1436 1857 Istis
1494 1792 1695 1876 igitur
1751 1812 1871 1858 nos
1928 1791 2010 1858 ad
2069 1792 2284 1857 Deum

339 1888 607 1960 oportet
642 1878 925 1954 invitari,
966 1890 1041 1943 ut
1075 1879 1484 1960 praesentiae
1524 1878 1727 1961 ipsius
1761 1892 2029 1963 gustum
2055 1899 2282 1943 verum

345 1962 726 2039 habeamus,
786 1974 854 2027 et
909 1965 1210 2029 omnibus
1269 1965 1506 2029 nostris
1549 1964 1850 2030 sensibus
1893 1984 2041 2029 eum
2089 1984 2285 2047 quae-

341 2069 596 2129 ramus,
654 2049 1073 2132 studiumque
1128 2048 1550 2115 adhibeamus
1612 2060 1687 2114 ut
1729 2050 1794 2114 in
1843 2048 2025 2115 nobis
2070 2070 2186 2132 per
2229 2072 2282 2116 s.

343 2137 457 2199 sui
522 2136 793 2218 spiritus
857 2137 1176 2201 virtutem
1240 2134 1516 2200 habitet.
1605 2135 1854 2201 Contra
1918 2137 1974 2200 si
2041 2156 2081 2201 a
2144 2136 2285 2200 Deo

345 2221 640 2302 separati
697 2222 1028 2297 fuerimus,
1089 2233 1339 2286 certum
1398 2235 1499 2287 est
1560 2221 1697 2287 fore
1754 2231 1830 2286 ut
1882 2222 2285 2305 praesentiae

343 2307 562 2389 ipsius
618 2308 835 2372 omnia
893 2308 1083 2391 signa
1124 2320 1497 2373 metuamus
1540 2318 1603 2371 et
1649 2308 2048 2384 horreamus,
2106 2328 2286 2371 eum-

339 2412 486 2475 que
530 2393 756 2476 procul
800 2413 840 2457 a
874 2393 1059 2458 nobis
1094 2394 1407 2459 facessere
1443 2393 1800 2475 cupiamus,
1845 2403 1911 2457 et
1947 2392 2284 2458 nobiscum

343 2478 524 2543 nihil
583 2477 820 2544 habere
877 2479 1144 2562 negotii.
1232 2476 1451 2546 Saulis
1510 2480 1883 2560 exemplum
1936 2478 2139 2561 igitur
2183 2480 2283 2542 in-

337 2578 675 2643 tueamur,
736 2578 807 2629 ut
864 2585 947 2629 ex
1004 2586 1081 2631 eo
1125 2562 1449 2630 diseamus
1493 2566 1563 2629 in
1612 2564 1731 2629 Dei
1779 2566 2012 2629 timore
2055 2564 2283 2629 ambu-

339 2649 515 2728 lare,
580 2662 647 2715 et
708 2652 850 2716 eius
914 2651 1190 2734 gratiam
1257 2652 1350 2714 ita
1413 2648 1729 2715 demereri
1784 2671 1866 2714 nc
1913 2670 2198 2731 unquam
2245 2670 2284 2713 a

346 2735 544 2801 nobis
588 2736 862 2801 recedat.
949 2735 1120 2801 Nam
1165 2747 1230 2800 et
1273 2736 1343 2801 in
1391 2735 1642 2802 Davide
1676 2736 2099 2818 contemplari
2137 2755 2283 2817 pos·

341 2842 586 2887 sumus
639 2822 812 2886 idem
867 2822 1035 2904 quod
1100 2823 1204 2886 hic
1258 2822 1328 2886 in
1388 2821 1608 2897 Saule,
1675 2822 1730 2887 si
1778 2842 1965 2887 voces
2008 2821 2078 2885 in
2124 2842 2284 2903 quas

339 2909 641 2988 erumpit
699 2908 806 2974 Ps.
866 2908 969 2975 51.
1031 2908 1380 2992 diligenter
1421 2907 1872 2973 attendamus:
1932 2907 2056 2972 etsi
2105 2907 2284 2972 Deus

341 2993 676 3058 Davidem
737 3015 1073 3076 nunquam
1130 2996 1395 3058 omnino
1454 2993 1738 3059 deseruit
1797 3014 2005 3075 neque
2049 2993 2285 3059 abiecit

345 3091 432 3144 ut
490 3077 778 3145 Saulem.
861 3080 1036 3148 ,Nam
1098 3079 1376 3162 speciale
1433 3080 1610 3145 istud
1670 3091 1769 3143 est
1828 3077 1956 3143 Dei
2001 3079 2283 3147 filiorum

346 3164 792 3250 privilegium,
835 3179 908 3231 ιιι
948 3187 1148 3248 quum
1192 3165 1588 3231 videbuntur
1631 3187 1706 3230 eo
1752 3185 1952 3246 usque
1990 3165 2285 3229 miseriae

329 3251 697 3317 devenisse
734 3265 811 3316 ut
845 3273 886 3317 a
919 3251 1062 3317 Deo
1100 3249 1386 3316 derelicti
1426 3249 1802 3316 videantur:
1850 3263 1915 3315 et
1951 3262 2287 3332 praeterea

343 3336 800 3421 improborum
870 3337 1210 3402 hominum
1275 3337 1514 3403 risibus
1570 3348 1637 3401 et
1693 3338 1917 3403 sannis
1977 3350 2283 3417 tanquam

341 3424 561 3487 acutis
617 3423 844 3489 iaculis
905 3432 1234 3507 petantur,
1289 3424 1522 3506 quibus
1582 3443 1760 3505 spem
1809 3421 2037 3487 auxilii
2082 3422 2284 3486 divini

326 3530 437 3573 ,ex
516 3509 807 3591 ipsorum
880 3511 1117 3575 animis
1175 3508 1391 3575 delere
1448 3519 1785 3585 conantur,
1861 3508 2286 3573 nihilominus

344 3606 577 3659 tamen
636 3595 936 3677 precibus
979 3608 1045 3658 et
1089 3595 1486 3660 orationibus
1532 3595 1656 3658 Dei
1704 3596 2137 3677 praesentiam
2182 3615 2285 3659 re-

344 3681 642 3764 quirant,
691 3694 764 3745 ut
807 3679 1058 3745 nullum
1106 3680 1416 3744 damnum
1462 3702 1546 3744 ex
1593 3681 2029 3762 improborum
2080 3679 2286 3744 homi·

344 3786 519 3830 num
576 3766 985 3832 contumeliis
1044 3766 1398 3848 accipiant:
1458 3768 1594 3830 Deo
1655 3766 1933 3829 vicissim
1996 3778 2284 3847 tempore

343 3864 721 3934 opportuno
776 3854 1025 3917 ferente
1082 3853 1240 3935 ipsis
1299 3852 1638 3931 auxilium,
1699 3862 1767 3915 et
1825 3851 2068 3914 malum
2114 3851 2282 3933 quod

343 3939 628 4002 exitium
675 3937 1046 4002 minabatur
1090 3938 1159 4002 in
1203 3937 1441 4002 bonum
1483 3947 1936 4004 convertente:
1984 3936 2094 4017 qui
2138 3937 2287 4002 licet

343 4025 530 4106 ipsos
572 4037 836 4106 propter
878 4035 1290 4106 peccatorum
1335 4023 1821 4088 multitudinem
1869 4020 2173 4086 detestari
2220 4039 2285 4086 et

344 4110 712 4174 abominari
741 4122 971 4190 posset,
1011 4122 1228 4174 tamen
1254 4125 1515 4191 propter
1537 4121 2018 4173 sacrosanctum
2045 4128 2280 4173 nomen

343 4216 565 4272 suum,
647 4216 842 4277 super
909 4196 1083 4278 ipsos
1149 4197 1538 4271 invocatum,
1615 4194 1932 4258 clamores
1996 4195 2280 4275 ipsorum

347 4281 710 4346 benevolus
753 4280 1036 4357 exaudit,
1099 4294 1173 4345 ut
1215 4294 1473 4363 praeter
1515 4280 1807 4345 omnium
1853 4281 2281 4361 exspectatio·

346 4386 510 4432 nem
569 4387 723 4432 suae
766 4366 1244 4431 misericordiae
1288 4366 1571 4431 fructum
1620 4365 1998 4448 percipiant.
2090 4365 2284 4430 Absit

347 4464 575 4515 autem
603 4453 848 4516 anobis
893 4463 970 4516 ut
991 4452 1133 4517 Deo
1160 4452 1482 4517 vindictae
1525 4450 1945 4534 cupiditatem
1995 4449 2281 4533 aliquam

347 4552 469 4601 aut
533 4540 944 4603 severitatem
1015 4539 1398 4618 tribuamus,
1484 4548 1553 4601 ut
1619 4546 1776 4601 sunt
1841 4536 2135 4600 homines
2199 4534 2278 4600 ad

349 4623 710 4687 vindictam
757 4624 1103 4706 proclives:
1150 4624 1260 4689 sed
1309 4627 1524 4706 potius
1559 4625 1773 4688 Deum
1810 4623 2090 4686 sciamus
2124 4642 2280 4703 quo-

347 4709 701 4774 dammodo
758 4729 899 4773 sese
954 4731 993 4773 a
1037 4710 1223 4774 nobis
1268 4709 1697 4776 occultantem
1742 4720 1807 4772 et
1851 4707 2281 4792 recedentem,

348 4796 690 4861 occasione
754 4816 839 4859 ex
896 4795 1140 4861 nostris
1197 4797 1479 4879 peccatis
1535 4794 1772 4859 habere
1827 4794 2120 4859 severius
2164 4814 2279 4857 no-

349 4883 605 4947 biscum
685 4880 941 4965 agendi.
1027 4881 1174 4947 Hoc
1239 4883 1455 4964 ipsum
1520 4901 1677 4945 sane
1741 4878 1955 4943 David
2024 4880 2282 4958 fatetur,

352 4988 510 5032 nam
554 4988 682 5031 non
730 4968 844 5033 abs
890 4988 961 5032 re
1007 4965 1220 5031 Deum
1265 4969 1541 5042 invocat,
1589 4964 1693 5031 his
1739 4964 1976 5029 verbis:
2025 4964 2282 5029 Renum

327 5055 425 5119 ,in
489 5073 586 5118 me
644 5053 944 5133 spiritum
1003 5058 1198 5128 tuum,
1279 5052 1564 5118 Domine.
1656 5050 2016 5116 Videbatur
2081 5051 2281 5135 igitur

351 5138 576 5207 David
620 5137 702 5204 ad
747 5152 1006 5221 tempus
1049 5161 1089 5202 a
1131 5138 1274 5202 Deo
1319 5141 1614 5215 reiectus,
1672 5147 1738 5201 et
1779 5138 1990 5220 primo
2034 5134 2276 5200 intuitu

326 5228 520 5295 mihil
559 5226 821 5293 differre
854 5235 1063 5290 status
1099 5225 1300 5306 ipsius
1335 5245 1375 5288 a
1410 5222 1633 5290 Saulis
1666 5221 2051 5300 conditione,
2094 5242 2279 5306 prae-

1627 314 1726 380 IN
1770 315 1823 382 1.
1871 315 2052 385 LIB.
2096 315 2498 385 sAthL.
2546 314 2744 382 OAP.
2787 315 3055 384 XVIII.

4190 325 4323 395 278

2383 504 2609 575 sertim
2650 503 2706 573 si
2750 512 2847 575 tot
2887 504 3297 581 accumulata
3340 515 3603 589 poema
3645 507 3929 595 poscatis
3973 516 4041 575 et
4072 512 4325 595 flagitia

2385 589 2654 674 flagitiis
2688 590 3078 665 consideres.
3168 591 3337 663 Nam
3374 591 3568 675 quale
3607 593 3877 674 facinus,
3922 594 4322 683 adulterium

2384 696 2532 741 eum
2579 696 2785 741 uxore
2825 674 3036 749 fidelis
3066 677 3241 743 servi
3276 677 3738 749 commissum?
3787 677 4020 761 Quale,
4062 681 4325 755 fidelem

2384 782 2649 828 servum
2702 771 2776 826 ut
2819 760 3186 835 adulterata
3228 763 3485 833 fruatur
3528 763 3884 847 proditorie
3928 767 4074 839 neci
4118 768 4321 845 dare?

2386 847 2620 913 Nonne
2677 846 3096 921 merebantur
3152 848 3277 915 ista
3320 846 3572 932 flagitia
3614 858 3694 914 ut
3736 849 3958 921 David
4002 857 4321 937 tanquam

2385 931 2719 1016 putridum
2766 931 3128 1007 membrum
3165 955 3250 1003 ex
3286 935 3557 1005 ecclesia
3591 935 3991 1018 pelleretur?
4040 938 4323 1015 Verum-

2385 1020 2722 1084 enimvero
2765 1018 2948 1099 Deus
2991 1017 3178 1087 illum
3223 1019 3307 1087 ad
3350 1021 3597 1104 peccati
3631 1023 4031 1105 agnitionem
4067 1039 4135 1093 et
4167 1047 4323 1099 con.-

2384 1105 2729 1173 fessionem
2774 1126 2854 1170 ex
2901 1125 3082 1177 mera
3123 1105 3337 1189 gratia
3381 1105 3673 1186 adduxit,
3731 1128 3933 1191 quum
3977 1113 4327 1192 profitetur

2384 1191 2670 1339 ingenue
2727 1211 2798 1256 se
2857 1199 3171 1274 tanquam
3218 1191 3564 1274 reprobum
3610 1193 3830 1273 fuisse,
3890 1205 3957 1259 et
3998 1197 4187 1278 quasi
4228 1216 4328 1271 se-

2385 1298 2472 1361 pu
2502 1285 2642 1343 tum
2707 1289 2773 1341 st
2829 1279 3226 1349 exstinctum
3283 1279 3351 1349 in
3409 1298 3483 1347 se
3538 1277 3814 1361 spiritus
3870 1278 3999 1351 Dei
4057 1281 4322 1357 denum.

2383 1361 2529 1427 Hoc
2564 1361 2620 1427 si
2656 1360 2898 1427 Davidi
2939 1375 3073 1433 tam
3107 1362 3356 1447 insigni
3390 1364 3746 1447 prophetae
3782 1367 4074 1451 contigit,
4119 1388 4327 1451 quan.-

2386 1460 2610 1530 topere
2674 1449 2889 1513 Deum
2959 1448 3267 1522 debemus
3332 1448 3581 1534 timere,
3648 1458 3714 1515 et
3779 1453 4027 1534 precari
4088 1465 4164 1525 ut
4204 1473 4326 1527 sua

2386 1534 2527 1598 luce
2586 1553 2705 1597 nos
2766 1533 3049 1615 irradiet,
3115 1554 3197 1599 ne
3253 1555 3541 1617 unquam
3604 1534 3686 1603 ab
3743 1537 3882 1619 ipso
3924 1536 4326 1618 deficiamus,

2386 1617 2501 1685 sed
2545 1620 2876 1701 perpetuis
2918 1620 3217 1703 precibus
3261 1620 3704 1702 sollicitemus,
3763 1632 3839 1687 ut
3882 1625 4323 1705 praesentiam

2385 1706 2591 1788 ipsius
2635 1706 3061 1786 requiramus,
3108 1726 3393 1788 suaeque
3438 1707 3747 1773 bonitatis
3783 1729 3904 1777 nos
3939 1709 4136 1783 &ciat
4171 1731 4329 1794 par·

2388 1789 2662 1875 ticipes?
2745 1789 2923 1857 Sane
2960 1790 3362 1863 admirabilis
3396 1800 3498 1859 est
3531 1792 3756 1859 divina
3794 1793 3908 1863 illa
3944 1795 4081 1873 lux,
4118 1816 4323 1878 quum

2387 1875 2561 1941 dona
2616 1876 2720 1942 sui
2762 1876 3031 1960 spiritus
3074 1877 3260 1945 nobis
3302 1879 3755 1962 communicat,
3822 1890 3897 1945 ut
3939 1901 4058 1947 nos
4090 1901 4327 1963 senun-

2387 1962 2544 2027 dum
2581 1962 2784 2045 ipsius
2823 1963 3228 2033 voluntatem
3268 1962 3405 2049 regi
3442 1965 3770 2046 patiamur
3804 1967 4329 2050 quotiescunque

2386 2047 2469 2113 ad
2513 2067 2583 2113 se
2627 2049 2901 2113 invitat:
2964 2059 3031 2114 et
3073 2047 3153 2114 de
3196 2051 3382 2119 nobis
3426 2050 3717 2116 modeste
3760 2052 4136 2131 sentiamus,
4181 2073 4332 2125 nos-

2389 2134 2632 2216 trisque
2699 2134 2945 2201 viribus
3005 2134 3168 2199 nihil
3218 2135 3583 2201 tribuamus
3636 2135 3916 2220 gloriam
3976 2137 4151 2222 apud
4209 2138 4328 2211 ho-

2389 2220 2597 2285 mines
2655 2230 3004 2284 venantes:
3066 2220 3181 2287 sed
3226 2220 3538 2286 honorem
3584 2222 3709 2305 ipsi
3755 2221 4043 2289 debitum
4090 2224 4325 2291 redda-

2387 2326 2556 2384 mus,
2610 2316 2678 2370 et
2736 2306 2937 2388 ipsius
2980 2306 3227 2391 gloriae
3266 2305 3840 2389 amplificationem
3886 2328 4142 2375 summo
4186 2323 4326 2385 stn-

2388 2391 2493 2456 dio
2539 2411 2948 2473 quaeramus.
3042 2393 3130 2461 Et
3171 2413 3594 2476 quaecunque
3634 2393 3718 2459 ab
3755 2393 3898 2476 ipso
3935 2393 4107 2467 dona
4143 2415 4323 2471 aoce-

2388 2479 2606 2560 pimus
2664 2476 2733 2542 in
2794 2478 3241 2561 proximorum
3288 2479 3633 2549 utilitatem
3679 2490 4157 2559 convertamus,
4229 2482 4327 2553 vi·

2388 2577 2619 2646 taeque
2662 2564 3091 2629 sanctimonia
3133 2563 3432 2646 exemplo
3474 2564 3620 2631 aliis
3658 2565 3896 2632 simus:
3955 2586 4039 2630 ne
4084 2567 4327 2643 nostris

2390 2649 2667 2731 peccatis
2711 2647 2909 2714 veluti
2955 2647 3176 2715 densis
3216 2650 3603 2732 quibusdam
3638 2672 3671 2715 s
3719 2650 3844 2716 inis
3884 2650 4126 2718 bonum
4164 2652 4326 2729 illud
4424 2726 4427 2729 ,

2390 2733 2574 2799 verbi
2635 2734 2841 2799 divini
2894 2756 3116 2809 semen
3193 2735 3617 2813 suffocemus,
3760 2735 3948 2819 eique
4018 2739 4325 2820 spiritum

2388 2819 2802 2904 quantumin
2829 2820 3010 2887 nobis
3052 2821 3194 2901 erit,
3248 2823 3315 2887 in
3353 2819 3540 2889 nobis
3572 2822 4095 2905 exstinguamus.
4150 2822 4324 2897 ‚Cae-

2389 2919 2601 2971 terum
2645 2906 2701 2970 si
2745 2926 2864 2971 nos
2910 2906 3307 2991 negligentia
3353 2916 3592 2983 nostra,
3654 2907 3927 2987 incuria,
3972 2909 4326 2992 ingratitu-

2389 2989 2559 3068 dine,
2615 3003 2684 3056 et
2723 2991 3184 3073 cupiditatibus
3225 2993 3593 3059 carnalibus
3630 2994 3985 3077 contigerit
4028 2994 4175 3063 istis
4216 3014 4324 3079 re·

2392 3076 2512 3141 bus
2558 3077 2834 3142 terrenis
2880 3078 3159 3152 deliniri.
3205 3087 3271 3143 et
3313 3078 3441 3146 Dei
3487 3077 3656 3143 dona
3700 3079 3768 3142 in
3814 3079 4004 3145 nobis
4037 3079 4325 3162 sepeliti,

2388 3162 2621 3228 saltem
2667 3164 3064 3245 poenitentia
3106 3162 3285 3230 ducti
3329 3184 3479 3231 cnm
3508 3163 3769 3231 Davide
3814 3164 4138 3233 dicamus:
4187 3163 4327 3245 De-

2390 3247 2569 3312 mine
2632 3269 2876 3313 renova
2940 3251 3008 3313 in
3076 3271 3180 3315 me
3236 3261 3427 3317 tuum
3480 3249 3809 3332 spiritum,
3876 3270 4070 3332 quem
4128 3260 4327 3333 antea

2389 3331 2604 3409 habui,
2648 3344 2717 3398 et
2758 3354 2975 3399 meum
3020 3355 3132 3401 cor
3168 3336 3268 3403 sic
3312 3334 3603 3414 humilia,
3660 3343 3734 3400 ut
3775 3355 3882 3400 me
3926 3345 4158 3417 sponte
4200 3335 4324 3403 tibi

2388 3419 2745 3485 subiiciam.
2832 3418 3005 3485 Nam
3080 3421 3375 3487 homines
3450 3419 3686 3485 diaboli
3752 3420 4079 3503 mancipia
4134 3421 4329 3501 fiunt,

2387 3525 2587 3655 guum
2636 3502 2763 3570 Dei
2807 3505 3031 3591 iugum
3069 3517 3378 3577 excutere
3410 3516 3480 3573 at
3514 3526 3588 3573 se
3626 3507 3639 3520 “
3690 3505 3828 3572 sius
3855 3506 4134 3589 imperio
4169 3506 4324 3577 aab·

2435 3611 2627 3657 noers
2706 3592 2953 3657 volunt.
3040 3592 3222 3676 Ergo
3285 3613 3482 3675 quum
3550 3613 3635 3659 au
3682 3593 3853 3663 imus
3918 3591 4136 3660 Deum
4204 3613 4326 3661 sua

2388 3677 2560 3742 dona
2595 3697 3063 3760 nonnunquam
3104 3678 3288 3747 nobis
3318 3676 3633 3761 adimere,
3672 3698 4038 3760 monemur,
4082 3699 4323 3747 caven-

2388 3761 2542 3827 dum
2608 3784 2691 3828 ne
2745 3778 2971 3830 nostra
3014 3764 3413 3849 negligentia
3455 3763 3844 3842 reficimur,
3911 3763 4326 3847 dandamque

2389 3868 2653 3931 operam
2700 3858 2775 3914 ut
2816 3850 3092 3916 sollicite
3134 3862 3201 3915 et
3244 3850 3439 3916 anxie
3481 3847 3844 3914 remedium
3888 3850 3958 3914 in
4001 3849 4142 3933 ipso
4182 3851 4325 3915 Deo

2389 3955 2780 4015 quaeramus
2848 3933 3164 4001 adversus
3230 3935 3475 4001 malum
3533 3933 3704 4017 quod
3765 3934 4072 4005 ultimum
4137 3936 4333 4001 nobis

2383 4019 2669 4102 alioquin
2715 4021 2989 4086 exitium
3033 4030 3208 4087 esset
3249 4020 3624 4089 allaturum.
3713 4019 4053 4102 Quamdiu
4098 4023 4324 4104 itaque

2388 4102 2572 4169 Deus
2616 4105 2930 4171 beneficio
2976 4114 3163 4172 tanto
3209 4127 3326 4171 nos
3369 4106 3574 4172 afficit
3615 4118 3690 4173 ut
3725 4108 3863 4189 ipse
3899 4107 4081 4188 quasi
4122 4127 4325 4175 manu

2385 4211 2504 4254 sua
2551 4206 2754 4273 regat,
2800 4191 3100 4257 omnibus
3144 4191 3395 4259 viribus
3430 4193 3651 4275 ,ipsum
3687 4195 3869 4276 sequi
3905 4193 4212 4270 nitamur,
4244 4200 4327 4271 ¹et

2385 4296 2771 4358 quacunque
2841 4276 3103 4343 duxerit
3166 4298 3530 4362 sequamur,
3605 4298 3881 4361 eumque
3938 4276 4325 4359 suppliciter

2386 4382 2730 4444 precemur
2785 4374 2859 4428 ut
2903 4384 3021 4429 sua
3066 4383 3265 4443 manu
3311 4374 3517 4448 regat,
3560 4364 3763 4430 donec
3806 4361 4099 4429 absoluto
4146 4363 4320 4429 vitae

2384 4458 2646 4514 nostrae
2709 4450 3034 4516 curriculo
3093 4450 3555 4533 perveniamus
3598 4448 3683 4514 ad
3748 4450 3986 4531 ipsum,
4047 4447 4318 4531 eiusque

2383 4533 2629 4616 gloriae
2693 4536 3042 4620 participes
3105 4536 3175 4601 in
3245 4539 3509 4601 nomine
3576 4534 3843 4601 Domini
3908 4533 4118 4599 nostri
4161 4533 4319 4603 Iesu

2383 4618 2651 4696 Christi,
2694 4623 2946 4688 fiamus.

2554 4706 2691 4771 Iam
2739 4729 2893 4772 vero
2938 4708 3133 4792 agite,
3178 4712 3279 4774 etc.

2878 4964 3370 5046 HOMILIA
3418 4961 3733 5043 LXVII
3742 4961 3802 5041 I.

2556 5136 2654 5201 17.
2722 5134 3028 5218 Divitque
3095 5132 3251 5198 Saul
3314 5131 3400 5197 ad
3456 5130 3708 5197 David.-
3771 5127 3934 5198 Ecce
3985 5129 4129 5212 filia
4172 5150 4311 5197 mea

2378 5222 2583 5288 maior
2637 5220 2869 5306 Merob,
2929 5223 3137 5302 ipsam
3193 5217 3347 5284 dabo
3390 5217 3503 5283 tibi
3544 5236 3799 5284 uxorem
3810 5319 3841 5372 1
3843 5218 4314 5374 Sinniummodo
