5059 6059
296 295 396 365 557

1546 294 1649 362 IN
1693 295 1746 363 1.
1792 295 1974 362 1213.
2023 293 2425 363 SAMUEL.
2471 292 2671 361 CAP.
2714 295 2939 361 XXV.

4097 294 4225 394 ⁵⁵2}

294 487 413 555 sine
449 480 688 550 iniuria
730 492 796 550 et
837 484 1229 553 contumelia
1250 486 1585 554 vivamus:
1631 485 1805 570 quod
1846 485 1901 553 si
1945 486 2187 552 factum
2297 484 2515 550 Filius
2556 503 2729 549 metas
2784 504 2881 550 es.-
2943 504 3050 567 eyo
3108 483 3290 551 hodie
3348 484 3538 569 qenai
3584 488 3664 584 pe,
3704 489 3847 566 pete
3899 505 3944 551 a
3999 505 4111 568 me,
4146 488 4228 585 ’et

296 574 400 639 erit
433 580 654 655 paeata
697 578 763 634 et
808 571 1162 655 tranquilla
1206 572 1618 648 conscientia,
1662 571 1842 636 omni
1884 572 2191 655 scrupulo

293 667 346 725 et
380 677 586 723 morsu
630 675 834 722 vacua
878 656 1008 723 Dei
1050 656 1244 723 donis
1285 656 1537 742 placide
1580 657 1897 723 fruemur.

433 741 698 807 Interim
733 741 1157 809 observemus
1180 742 1547 829 Abigailem
1579 742 1819 826 alloqui
1840 741 2189 820 Davidem,

289 841 345 896 et
382 827 555 893 illum
600 849 718 911 pro
761 847 936 912 rege,
984 828 1136 895 licet
1178 837 1336 896 tunc
1380 849 1661 915 egenum
1705 838 1774 892 et
1817 828 2191 913 profugum,

287 912 511 992 habere,
554 911 726 995 quod
767 914 973 979 factas
1016 935 1056 980 a
1100 914 1386 981 Domino
1429 915 1892 997 promissiones
1933 914 2189 979 intuea-

289 1013 395 1066 tur.
454 997 584 1065 Sed
630 1010 770 1063 erat
814 1000 1085 1076 occulta,
1131 1000 1297 1067 sieut
1342 1009 1496 1065 ante
1544 998 1842 1078 vidimus,
1887 998 2001 1064 illa
2044 1020 2189 1083 pro-

285 1084 496 1161 missio,
540 1083 691 1150 licet
734 1084 849 1149 illa
894 1096 1110 1149 tamen
1152 1107 1286 1151 non
1331 1087 1424 1152 sic
1468 1085 1722 1152 occulta
1778 1086 1977 1150 fuerit
2031 1085 2190 1167 quin

285 1171 352 1236 ad
390 1169 597 1237 Saulis
639 1189 829 1235 aures
866 1172 1287 1254 pervenisset,
1332 1170 1519 1236 cuius
1554 1191 1683 1235 non
1723 1181 1863 1236 erat
1896 1172 2190 1255 ignarus.

279 1255 426 1322 Nam
467 1256 591 1320 etsi
635 1255 871 1321 missus
915 1257 1131 1322 fuerat
1174 1255 1440 1323 Samuel
1499 1256 1581 1321 ad
1624 1254 1950 1322 Davidem
2010 1255 2192 1322 velut

280 1342 424 1408 clam
466 1341 871 1424 ungendum,
915 1341 995 1407 de
1038 1341 1163 1409 hoc
1208 1351 1426 1407 tamen
1472 1342 1641 1408 facto
1693 1341 1930 1407 certior
1979 1341 2191 1408 factus

276 1426 418 1493 Saul
454 1426 681 1500 fuerat,
717 1439 793 1491 ut
828 1427 1077 1492 nullam
1106 1429 1128 1491 i
1203 1432 1543 1506 ,orantiam
1571 1436 1951 1510 praetexere
1972 1438 2192 1528 posset

276 1511 347 1577 ad
394 1512 650 1596 signum
710 1511 875 1577 illud
934 1448 1222 1578 visibifen
1239 1514 1479 1578 Davidi
1537 1512 1842 1579 collatum
1902 1514 2192 1580 reiicien-

274 1598 433 1679 dum,
473 1596 646 1680 quod
693 1595 1066 1664 Samuelem
1113 1599 1308 1665 sciret
1363 1598 1624 1664 fidelem
1682 1619 1827 1665 esse
1869 1597 1998 1662 Dei
2058 1619 2189 1665 ser·

269 1704 412 1748 vum
453 1694 519 1748 et
573 1683 910 1749 nuncium.
997 1683 1144 1750 Hoc
1200 1684 1406 1768 igitur
1462 1683 1883 1750 fundamento
1927 1683 2052 1750 Abi
2140 1682 2187 1748 il

270 1770 413 1834 nixa
453 1768 782 1834 concludit
827 1768 1148 1835 Davidem
1195 1790 1420 1854 regem
1463 1769 1621 1846 fore,
1666 1769 2034 1853 quandoqui
2082 1789 2187 1834 em

266 1853 437 1919 Deus
477 1853 574 1919 ita
618 1853 927 1936 decrevit,
970 1855 1160 1922 cuius
1202 1856 1509 1921 voluntas
1567 1863 1668 1920 est
1725 1855 2185 1922 irrevocabilis.

265 1939 387 2005 Nos
443 1939 647 2024 igitur
701 1939 857 2004 inde
915 1940 1240 2007 discamus
1298 1941 1426 2007 Dei
1485 1941 2022 2024 promissionibus
2092 1941 2186 2008 sic

261 2025 460 2102 inniti,
528 2046 616 2090 ne
680 2046 764 2090 ex
836 2045 1058 2091 rerum
1126 2028 1452 2110 praesenti
1522 2034 1699 2091 statu
1767 2024 1847 2091 de
1924 2025 2186 2093 illorum

261 2119 486 2176 eventu
532 2109 845 2177 iudicium
905 2112 1212 2177 feramus.
1298 2111 1473 2177 Nam
1530 2111 1822 2195 alioquin
1879 2112 2186 2178 ecclesiae

257 2204 453 2262 status
496 2195 1032 2262 condemnandus
1075 2197 1437 2263 videretur:
1496 2197 1629 2261 imo
1673 2197 1871 2263 etiam
1914 2196 2186 2263 Domini

255 2281 453 2347 nostri
479 2281 632 2346 Iesu
656 2281 928 2362 Christi,
970 2284 1085 2366 qui
1131 2290 1231 2348 est
1271 2282 1450 2349 illius
1492 2293 1707 2366 caput.
1775 2280 1943 2364 Quis
1985 2283 2185 2368 enim,

255 2367 534 2452 obsecro,
596 2388 724 2432 non
770 2367 1239 2433 animadvertit
1298 2378 1542 2451 quanto
1597 2389 1746 2434 cum
1804 2376 2183 2451 contemptu

253 2452 464 2519 hostes
524 2453 854 2540 evangelii
913 2474 1140 2520 sanam
1212 2453 1574 2521 doctrinam
1641 2452 1972 2524 reiiciant:
2046 2454 2182 2519 imo

251 2557 372 2620 quo
413 2538 638 2604 furore
682 2551 750 2603 et
793 2539 997 2604 animi
1041 2540 1310 2605 vesania
1352 2538 1629 2624 pedibus
1673 2539 2072 2616 conculcent,
2116 2550 2182 2606 et

245 2622 626 2689 adoriantur
675 2631 984 2707 tanquam
1043 2624 1340 2692 funditus
1396 2626 1709 2691 eversuri.
1810 2623 2069 2689 Deinde
2125 2626 2182 2692 si

246 2728 350 2774 eos
407 2709 895 2776 consideremus
967 2730 1129 2792 qnos
1186 2709 1372 2777 Deus
1426 2710 1505 2775 ad
1581 2710 1685 2777 sui
1738 2711 2176 2794 cognitionem

242 2795 523 2872 vocavit,
583 2796 888 2880 exiguam
948 2794 1286 2861 hominum
1345 2816 1646 2876 manum,
1703 2795 2055 2881 ignobilem
2113 2807 2179 2862 et

243 2878 629 2963 plerumque
695 2881 940 2946 mundo
1005 2902 1272 2946 exosam
1344 2890 1409 2946 et
1477 2883 1757 2965 singulis
1828 2884 2181 2949 momentis

237 2966 744 3048 periclitantem,
804 2975 1003 3050 atque
1054 2966 1219 3031 odiis
1276 2976 1341 3032 et
1396 2968 1657 3033 iniuriis
1714 2966 2178 3033 malevolorum

237 3053 627 3134 expositam,
675 3066 741 3117 et
785 3053 1025 3134 iniquis
1059 3053 1404 3119 sententiis
1450 3053 1630 3119 velut
1662 3052 1958 3118 obrutam
2004 3075 2176 3119 com—

233 3136 591 3219 periemus.
695 3136 964 3202 Domini
1023 3158 1180 3203 vcro
1248 3141 1455 3204 nostri
1511 3138 1663 3203 Iesu
1723 3137 1972 3204 Christi
2045 3159 2177 3204 non

233 3222 467 3288 melior
538 3232 643 3289 est
706 3223 1025 3302 conditio,
1091 3243 1286 3306 quem
1354 3222 1651 3289 videmus
1716 3244 1756 3289 a
1819 3224 2179 3290 catholicae

228 3327 570 3388 romanae,
617 3328 811 3391 quam
860 3319 1114 3384 vocant,
1175 3310 1327 3375 fidei
1366 3309 1772 3389 satellitibus,
1827 3319 1893 3375 et
1950 3311 2180 3377 sancti-

225 3401 435 3458 tatem
508 3394 844 3477 quandam
910 3396 1201 3461 exterius
1280 3395 1742 3480 profitentibus
1762 3445 1776 3471 ,
1856 3395 2180 3462 adiunctis

227 3479 392 3563 ipsis
435 3479 691 3563 iniquis
731 3480 1053 3546 iudicibus
1093 3496 1156 3545 et
1192 3480 1323 3547 Dei
1362 3483 1637 3547 verbum
1682 3479 1832 3546 odio
1875 3482 2178 3548 habenti-

223 3564 360 3640 bus,
412 3566 518 3632 sic
564 3565 859 3649 undique
903 3568 1060 3665 peti,
1120 3575 1195 3630 ut
1237 3566 1320 3633 de
1363 3568 1524 3633 solio
1569 3566 1911 3632 detrahere
1962 3568 2180 3651 ipsum

221 3659 285 3715 et
333 3649 630 3716 deiicere
673 3652 844 3716 velle
866 3650 1236 3718 videantur.
1299 3651 1741 3732 Quamobrem
1787 3653 1841 3717 si
1878 3674 1961 3718 ex
1982 3674 2180 3720 sensu

217 3756 446 3801 rerum
519 3749 798 3802 externo
852 3737 933 3802 de
976 3737 1245 3803 Christo
1302 3756 1369 3803 et
1427 3738 1630 3821 ipsius
1684 3737 1958 3804 ecclesia
2010 3739 2179 3805 iudi-

213 3821 393 3886 cium
439 3821 627 3889 ferre
671 3821 991 3898 volumus,
1037 3832 1289 3888 certum
1334 3830 1436 3888 est
1470 3823 1737 3888 Domini
1782 3824 1988 3888 nostri
2024 3823 2179 3890 Iesu

212 3905 485 3974 Christi
538 3928 816 3991 regnum
860 3908 1206 3975 stultitiam
1255 3909 1442 3975 nobis
1475 3910 1649 3989 tore,
1707 3929 1914 3992 neque
1972 3911 2178 3993 ipsius

211 3993 555 4058 virtutem
603 3994 770 4058 tanti
817 4013 856 4059 a
897 3995 1088 4060 nobis
1123 3995 1352 4077 quanti
1391 4015 1510 4078 par
1552 4004 1651 4061 est
1685 3997 1929 4062 factum
1966 3996 2065 4070 iri,
2109 4005 2178 4060 et

205 4079 549 4144 miseram
596 4078 932 4145 ecclesiam
972 4090 1280 4162 tanquam
1320 4101 1462 4146 rem
1495 4080 1810 4146 abiectam
1846 4089 2177 4165 contemp·

205 4173 354 4228 tum
407 4165 525 4246 iri,
590 4185 955 4248 nomenque
1012 4166 1218 4248 ipsius
1261 4165 1449 4248 quasi
1494 4174 1809 4250 perpetua
1849 4165 2178 4233 oblivione

204 4248 572 4333 sepultum
616 4250 720 4315 iri.
790 4252 1038 4316 Verum
1067 4249 1364 4335 Abigaile
1407 4272 1528 4317 nos
1572 4260 1885 4334 tanquam
1931 4252 2177 4336 optimo

200 4333 497 4401 doctore
549 4345 616 4400 et
660 4338 974 4420 magistro
1016 4335 1200 4404 decet
1244 4337 1361 4413 uti,
1400 4347 1475 4402 ut
1517 4338 1589 4401 in
1631 4337 1757 4402 Dei
1801 4338 2175 4420 promissio-

200 4439 329 4487 nes
377 4421 629 4488 ooulos
671 4421 826 4488 fidei
871 4442 1234 4505 sensusque
1287 4442 1516 4488 omnes
1558 4433 1816 4488 nostros
1873 4423 2173 4489 coniicia-

191 4527 380 4572 mus.
515 4506 748 4591 Neque
826 4508 1001 4572 enim
1089 4505 1170 4573 de
1246 4508 1673 4592 promissione
1749 4507 1834 4573 ab
1910 4507 2175 4576 homine

191 4593 490 4658 mortali
543 4592 717 4659 facta
757 4592 866 4659 hic
908 4595 1143 4674 agitur,
1204 4615 1415 4676 neque
1470 4593 1550 4659 de
1609 4614 1812 4679 regno
1877 4597 2175 4661 terrestri

186 4686 260 4742 et
328 4677 630 4745 caduco.
718 4678 886 4744 Nam
948 4678 1231 4744 Davidis
1294 4700 1455 4745 sane
1512 4700 1786 4763 regnum
1854 4701 1986 4745 non
2049 4681 2176 4747 fuit

186 4762 666 4848 diuturnum,
723 4765 848 4829 etsi
908 4763 1177 4829 Domini
1249 4767 1459 4830 nostri
1517 4765 1672 4832 Iesu
1727 4764 1980 4831 Christi
2051 4767 2177 4831 fuit

179 4849 450 4932 figura.
567 4847 699 4915 Sed
743 4850 872 4915 iam
920 4847 1046 4915 Dei
1094 4850 1267 4916 filius
1311 4850 1499 4917 nobis
1543 4852 1901 4933 patefactus
1944 4858 2062 4928 est,
2107 4861 2173 4916 et

178 4936 397 5019 regni
449 4935 683 5017 ipsius
705 4936 1047 5018 promissio
1088 4936 1305 5018 palam
1327 4935 1761 5021 promulgata,
1804 4945 1870 5001 et
1907 4937 2172 5020 quidem

173 5020 421 5170 tifsius
446 5040 601 5098 ore,
625 5021 1167 5104 quemadmodum
1191 5022 1512 5105 propheta
1533 5022 1803 5105 pulchre
1825 5022 2090 5088 Psalmo
2110 5023 2171 5089 2.

223 5116 394 5174 ocet
466 5106 660 5171 istud
720 5107 1007 5176 officium
1081 5125 1120 5170 a
1188 5118 1376 5191 patre
1430 5108 1766 5174 Christum
1829 5109 2171 5191 accepisse,

169 5211 410 5275 quum
471 5191 617 5257 ait:
660 5191 953 5260 Narrabo
993 5212 1071 5258 ex
1110 5192 1363 5274 decreto,
1407 5192 1643 5260 lebona
1692 5193 1862 5259 dix-‘t
1915 5195 2003 5261 ad
2056 5214 2170 5273 me,

2289 569 2451 637 dabo
2468 574 2675 654 ‚centes
2688 572 3142 651 possessionem
3174 574 3380 635 mm.-
3423 571 3545 642 ius,
3569 589 3847 652 mquam,
3884 590 4223 654 possessio-

2289 658 2394 723 κε’-ς
2442 662 2589 721 tuae
2627 655 2789 728 fines
2842 661 3067 722 terrae.
3156 654 3699 739 Quandoquidem
3758 657 3960 739 igitur
4018 675 4223 721 evan-

2289 741 2445 841 gelii
2508 760 2709 807 sonus
2772 753 3085 825 tanquam
3151 742 3307 807 tuba
3372 761 3488 823 per
3554 743 3933 807 universum
4000 742 4223 806 orbem

2291 827 2611 907 insonuit,
2670 839 2736 891 et
2792 827 2915 891 Dei
2978 829 3183 911 ipsius
3242 848 3369 894 vox
3429 828 3801 910 personuit,
3861 828 4221 892 Dominum

2292 924 2586 979 nostrum
2631 913 2851 978 lesum
2896 913 3235 978 Christum
3279 933 3423 978 esse
3461 911 3584 978 Dei
3629 912 3857 989 filium,
3919 933 4091 995 eum,
4148 921 4223 977 ut

2290 1018 2411 1082 par
2453 1009 2574 1074 est,
2622 1019 3007 1064 veneremur
3049 1018 3125 1063 ac
3160 997 3467 1072 colamus,
3513 1000 3699 1081 eique
3735 998 4012 1063 libenter
4054 997 4224 1064 colla

2291 1083 2771 1159 submittamus,
2818 1096 2883 1149 et
2924 1086 3135 1166 ipsum
3183 1084 3547 1165 adoremus,
3590 1084 3949 1160 maiestate,
3994 1095 4222 1167 poten·

2291 1171 2386 1236 tia
2440 1179 2507 1235 et
2563 1171 2807 1234 virtute
2864 1189 3120 1235 summa
3179 1169 3576 1252 praeditum:
3652 1184 3719 1234 et
3779 1170 3902 1235 hoc
3957 1169 4221 1235 stimulo

2291 1255 2500 1339 magis
2573 1276 2926 1340 urgeamur
3004 1274 3199 1338 quam
3271 1255 3576 1320 omnibus
3651 1255 4220 1332 admonitionibus,

2290 1341 2459 1425 quod
2504 1342 2750 1406 scimus
2794 1362 3069 1425 regnum
3112 1340 3288 1405 istud
3335 1340 3603 1405 Domini
3652 1342 3856 1406 nostri
3903 1361 4033 1405 non
4080 1361 4221 1407 esse

2291 1440 2839 1507 momentaneum,
2883 1425 2996 1491 sed
3042 1436 3415 1492 aeternum:
3465 1426 3652 1492 cuius
3700 1437 3898 1509 caput
3940 1435 4040 1492 est
4082 1429 4223 1510 ipse

2291 1511 2420 1577 Dei
2465 1512 2668 1578 filius:
2715 1522 2784 1576 et
2824 1513 3008 1578 cuius
3051 1532 3173 1577 nos
3209 1532 3353 1577 esse
3389 1512 3682 1578 membra
3717 1513 3993 1578 scimus:
4034 1512 4223 1578 coeli-

2291 1608 2399 1663 tus
2443 1596 2524 1661 ad
2563 1619 2682 1664 nos
2727 1600 2923 1663 misso
2966 1619 3095 1663 non
3137 1596 3333 1662 dubio
3378 1618 3498 1664 nec
3542 1598 3789 1663 incerto
3834 1599 4223 1662 testimonio.

2290 1682 2512 1764 Quare
2577 1703 2708 1766 quo
2787 1682 3138 1749 maioribus
3208 1683 3510 1767 procellis
3588 1695 3655 1748 et
3731 1682 4224 1766 tempestatibus

2289 1768 2465 1834 hunc
2508 1768 2728 1833 orbem
2776 1769 3090 1834 adversus
3110 1766 3283 1834 istud
3322 1788 3594 1848 regnum
3640 1777 3941 1835 aestuare
3986 1767 4224 1834 videri-

2288 1874 2453 1931 mus,
2499 1865 2567 1918 et
2608 1853 3030 1921 christianam
3077 1854 3414 1921 ecclesiam
3464 1876 3717 1937 urgere,
3762 1875 3840 1919 eo
3882 1854 4221 1920 ardentius

2286 1941 2505 2006 oculos
2550 1941 2615 2004 in
2663 1940 2865 2004 altum
2904 1940 3253 2015 elevemus,
3295 1939 3552 2024 Deique
3588 1940 3938 2006 bonitatem
3985 1949 4053 2005 et
4094 1940 4223 2005 cle-

2289 2027 2601 2091 mentiam
2646 2025 3189 2109 contemplemur,
3249 2045 3529 2109 eumque
3589 2025 3991 2109 supplicibus
4053 2028 4219 2092 votis

2286 2131 2630 2195 precemur
2673 2121 2750 2175 ut
2791 2111 3100 2178 ecclesiae
3122 2112 3523 2191 misereatur,
3566 2125 3635 2177 et
3675 2132 3900 2177 omnes
3932 2109 4220 2178 Satanae

2285 2197 2574 2263 insultus
2633 2196 2946 2262 adversus
3001 2217 3144 2262 eam
3204 2196 3542 2280 infringat,
3604 2204 3673 2263 et
3728 2196 4039 2280 quidquid
4099 2217 4220 2263 nos

2283 2282 2355 2347 in
2402 2283 2829 2349 tentationem
2873 2281 3183 2348 inducere
3226 2293 3459 2365 posset,
3518 2302 3637 2367 pre
3695 2304 3815 2348 sua
3856 2283 4221 2348 misericor-

2286 2366 2394 2432 dia
2463 2367 2669 2433 tollat.
2770 2368 3069 2451 Denique
3137 2368 3387 2452 quoties
3446 2367 3710 2434 Domini
3781 2369 3989 2434 nostri
4065 2367 4218 2434 Iesu

2285 2452 2532 2519 Christi
2578 2473 2856 2538 regnum
2899 2455 3246 2530 contemni,
3293 2462 3360 2518 et
3391 2454 3598 2538 ipsius
3641 2453 3913 2521 verbum
3949 2452 4220 2537 pedibus

2282 2539 2556 2619 calcari,
2614 2548 2682 2604 et
2738 2538 3077 2605 ecclesiam
3131 2539 3330 2605 minis
3382 2540 3867 2605 coniuratorum
3926 2538 4214 2606 hostium

2284 2625 2505 2710 urgeri
2552 2623 2938 2706 videbimus,
2983 2644 3067 2689 ne
3110 2643 3400 2708 unquam
3438 2637 3783 2708 propterea
3819 2625 4218 2706 vacillemus,

2284 2723 2399 2777 aut
2442 2730 2480 2775 a
2524 2711 2854 2794 proposito
2898 2709 3296 2777 resiliamus:
3340 2712 3454 2775 sed
3501 2712 3581 2775 ad
3628 2713 3844 2794 ipsum
3879 2711 4218 2795 confugia·

2285 2817 2470 2875 mus,
2548 2807 2723 2863 certo
2803 2798 3098 2879 persuasi
3176 2813 3507 2879 nunquam
3582 2796 3958 2861 defuturum
4027 2796 4217 2862 nobis

2281 2888 2646 2965 opportuno
2704 2891 3013 2965 tempore,
3070 2882 3336 2963 eiusque
3394 2882 3687 2965 potentia
3744 2880 3895 2947 freti
3953 2901 4215 2946 manea-

2284 2987 2429 3033 mus
2486 2967 2945 3051 imperterriti:
2997 2977 3065 3032 et
3122 2965 3644 3050 quandoquidem
3705 2968 3945 3032 scimus
3998 2968 4214 3049 ipsum

2281 3075 2323 3119 a
2377 3061 2564 3137 patre
2616 3073 2890 3138 regnum
2950 3052 3303 3134 accepisse,
3379 3052 3863 3118 coniuratorum
3919 3052 4213 3117 omnium

2284 3139 2567 3205 bostium
2615 3139 2846 3214 minas,
2892 3149 2958 3203 et
3001 3139 3138 3203 vim
3173 3157 3435 3204 omnem
3482 3158 3557 3204 ac
3591 3138 3946 3221 potentiam
3982 3136 4217 3203 habea·

2282 3245 2431 3290 mus
2487 3223 2800 3301 ludibrio,
2867 3236 2934 3290 et
2996 3223 3120 3288 hoe
3171 3223 3666 3307 inexpugnabili
3723 3223 4212 3308 propugnaculo

2283 3312 2410 3376 tuti
2503 3310 2902 3392 perditorum
2982 3309 3276 3375 omnium
3351 3308 3642 3376 consiliis
3721 3319 3790 3375 et
3867 3309 4211 3375 conatibus

2281 3395 2592 3461 audacter
2634 3395 3046 3461 insultemus.

2451 3480 2545 3545 Et
2585 3480 2667 3546 de
2693 3480 3014 3564 Abigailis
3057 3481 3201 3546 istis
3244 3479 3513 3546 vocibus
3558 3480 3896 3547 hactenus.
3963 3480 4211 3564 Perga-

2282 3587 2428 3630 mus
2471 3564 2551 3632 ad
2599 3578 2976 3649 sequentem
3019 3566 3334 3631 orationis
3376 3567 3583 3649 ipsius
3642 3577 3895 3649 partem
3955 3587 4086 3649 qua
4141 3587 4214 3633 se

2281 3653 2349 3717 in
2393 3653 2671 3734 gratiam
2715 3651 2995 3717 Davidis
3038 3653 3346 3726 insinuat,
3391 3650 3495 3717 his
3537 3652 3775 3729 verbis,
3820 3672 4013 3734 quum
4039 3650 4214 3718 bene-

2275 3738 2491 3819 fecerit
2509 3736 2745 3806 Ielwva
2784 3738 3032 3804 domino
3062 3758 3214 3817 meo,
3256 3742 3326 3803 ut
3365 3738 3713 3804 recorderis
3744 3738 4016 3805 uncina-2
4047 3743 4211 3804 tuae.

2280 3824 2384 3890 Ex
2432 3821 2666 3905 quibus
2718 3822 2929 3890 verbis
2984 3831 3255 3907 apparet
3306 3823 3485 3888 illam
3543 3825 3634 3890 sic
3693 3844 3887 3908 agere
3945 3843 4211 3890 causam

2279 3929 2483 3984 suam,
2521 3918 2589 3972 et
2633 3908 2917 3976 familiae
2962 3909 3370 3993 patrocinari,
3412 3930 3498 3980 ne
3546 3908 3758 3974 David
3801 3910 3925 3977 sibi
3970 3909 4210 3975 factam

2277 3995 2584 4059 iniuriam
2629 3994 3070 4073 ulcisceretur,
3116 4006 3189 4059 ut
3221 3994 3601 4060 excellentis
3644 3996 3795 4061 fidei
3838 4015 3992 4062 suae
4026 3997 4209 4060 testi-

2279 4079 2573 4145 monium
2617 4078 2939 4156 exhibeat,
2983 4081 3051 4144 in
3097 4079 3227 4144 Dei
3270 4080 3733 4163 promissiones
3786 4079 4207 4163 respicientis.

2276 4165 2447 4231 Nam
2493 4165 2551 4230 si
2595 4186 2679 4231 ex
2723 4167 2918 4231 rebus
2963 4166 3271 4246 externis,
3315 4174 3390 4231 ut
3433 4169 3710 4232 maritus
3751 4164 3986 4241 Nabal,
4031 4164 4207 4229 iudi-

2277 4261 2507 4328 casset,
2552 4271 2709 4317 sane
2755 4251 3075 4316 Davidem
3125 4251 3368 4317 habere
3427 4250 3706 4318 ludibrio
3750 4251 4083 4334 potuisset,
4140 4258 4208 4316 et

2277 4338 2501 4403 sannis
2546 4337 2845 4420 excipere
2887 4339 3162 4403 nuncios
3204 4337 3430 4420 ipsius.
3501 4336 3679 4417 Quid
3717 4336 3825 4401 ille
3865 4336 4208 4419 fugitivus,

2276 4422 2429 4506 quid
2475 4422 2788 4506 profugus
2823 4432 3040 4505 posset
3074 4420 3387 4489 adversus
3430 4443 3639 4487 meam
3674 4420 4035 4487 familiam?
4085 4421 4206 4486 llle

2276 4508 2385 4592 qui
2444 4508 2621 4574 inter
2680 4509 2885 4574 lustra
2941 4508 3253 4586 ferarum,
3327 4506 3630 4574 omnibus
3684 4527 3945 4585 exosus,
4004 4507 4205 4571 vitam

2275 4603 2644 4660 sustentare
2680 4594 2966 4676 cogitur:
3011 4615 3218 4671 mene,
3255 4595 3544 4677 inquam,
3588 4591 3701 4658 ille
3722 4593 3922 4658 miser
3952 4602 4206 4657 terrue-

2274 4678 2409 4744 rit?
2464 4679 2717 4745 Verum
2774 4678 3032 4760 Abigail
3092 4701 3221 4745 non
3276 4677 3466 4745 modo
3539 4679 3777 4744 metuit
3844 4700 3930 4744 ne
3984 4675 4205 4741 David

2276 4775 2545 4849 repente
2609 4764 2859 4830 illatam
2924 4767 3232 4830 iniuriam
3299 4764 3751 4831 ulcisceretur:
3829 4763 3943 4829 sed
4011 4762 4206 4844 longe

2275 4850 2560 4950 ulterius·
2591 4853 2828 4916 mentis
2871 4851 3090 4918 oculos
3132 4849 3458 4916 extendit:
3511 4870 3584 4916 ro
3672 4860 3825 4933 tque
3869 4851 4081 4932 ipsum
4128 4857 4207 4914 ut

2273 4956 2475 5019 quum
2542 4956 2614 5000 ιιι
2692 4938 2880 5020 regni
2946 4936 3416 5018 possessionem
3495 4956 3537 5000 a
3667 4937 3885 5001 omino
3965 4935 4206 5001 missus

2273 5022 2488 5100 fuerit,
2549 5022 2755 5105 ipsius
2812 5020 3190 5088 recordetur
3230 5030 3296 5085 et
3336 5021 3748 5087 misereatur.
3834 5020 3968 5088 Sed
4013 5019 4205 5103 quale

2273 5120 2431 5174 tunc
2494 5117 2638 5174 erat
2700 5108 3036 5174 hominum
3102 5106 3182 5172 de
3245 5104 3526 5172 Davidis
3584 5127 3787 5208 regno
3843 5105 4205 5172 iudicium?

2275 5193 2446 5276 Quis
2488 5212 2776 5277 unquam
2819 5193 3005 5258 illum
3050 5202 3375 5276 sperasset
3417 5193 3499 5258 ad
3542 5212 3790 5278 regiam
3814 5192 4200 5277 dignitatem
