5059 6059
777 295 905 363 511

785 495 861 552 ut
901 484 1199 550 animum
1252 482 1557 567 deinceps
1615 482 1700 548 ad
1743 482 1872 549 Dei
1929 482 2179 550 cultum
2237 481 2552 551 adiiciant
2593 482 2729 550 sin-

784 593 938 639 cera
994 582 1063 635 et
1104 588 1236 634 333
1281 567 1500 634 fucata
1543 573 1780 648 mente,
1825 577 1895 632 et
1935 581 2325 654 praeparent
2365 567 2563 635 corda
2603 589 2728 635 sua

785 657 872 723 ad
913 656 1293 722 Dominum.
1382 651 1638 734 Quibus
1683 651 1918 733 verbis,
1964 673 2170 737 quum
2213 653 2395 721 iubet
2433 654 2582 722 illos
2624 674 2728 721 εον

776 761 1171 825 praeparare
1212 739 1301 806 ad
1341 739 1711 822 Dominum,
1770 747 1843 805 ut
1884 741 1945 805 ei
1989 741 2111 807 soli
2155 741 2466 824 serviant,
2524 761 2726 824 quum

792 848 919 894 iam
963 838 1156 892 antea
1199 824 1279 892 de
1323 827 1459 891 solo
1504 824 1651 892 Deo
1693 787 1962 891 colendo
2007 828 2404 894 mentionem
2451 827 2725 904 fecisset,

791 926 865 980 ιιι
936 912 1247 997 populum
1308 911 1567 977 doceret
1636 931 1772 977 non
1839 910 2338 979 distrahendum
2397 934 2540 979 esse
2597 911 2728 978 Dei

789 999 1061 1077 cultum,
1105 997 1219 1066 sed
1263 1009 1376 1062 aut
1419 997 1542 1062 soli
1586 996 1704 1076 illi,
1754 1008 1873 1062 aut
1911 1017 2045 1063 non
2089 998 2356 1064 omnino
2399 1018 2547 1064 esse
2589 1018 2728 1064 ser-

792 1084 1121 1163 viendum,
1188 1083 1387 1149 etiam
1442 1081 1716 1149 ulterius
1773 1103 1890 1166 pro
1939 1083 2206 1163 reditur,
2269 1104 2471 1167 quum
2529 1083 2728 1150 corda

789 1170 970 1237 iubet
1025 1189 1435 1256 praeparare,
1490 1178 1567 1234 ιιι
1618 1169 1895 1236 Deoso
1821 1171 1943 1236 soi
1985 1165 2301 1254 serviant,
2359 1190 2600 1254 nempe
2656 1178 2728 1235 ιιι

789 1259 1055 1323 firmum
1098 1266 1167 1321 et
1207 1269 1509 1322 constans
1550 1252 1839 1321 habeant
1881 1257 2286 1341 propositum
2328 1256 2548 1321 Deum
2595 1256 2726 1322 sin·

791 1363 937 1410 cere
993 1352 1059 1408 et
1101 1362 1187 1408 ex
1228 1342 1448 1406 animo
1501 1340 1775 1407 colendi.
1863 1341 2090 1425 Digna
2130 1362 2328 1425 quam
2372 1342 2727 1407 memoriae

792 1430 1141 1513 infigamus
1197 1439 1264 1492 et
1316 1447 1707 1526 usurpemus
1752 1425 2063 1493 doctrina.
2152 1425 2725 1528 Quemadmodum

793 1515 970 1582 enim
998 1511 1326 1614 quidquid
1370 1513 1436 1579 in
1483 1512 1950 1597 aerugincsum
1992 1534 2114 1580 vas
2173 1513 2475 1580 inieceris
2532 1513 2726 1579 vitia-

798 1611 925 1679 tur,
959 1601 1052 1666 sic
1090 1600 1400 1665 vitiorum
1426 1596 1844 1665 assuetudine
1884 1597 2223 1683 depravati
2254 1598 2555 1665 homines
2591 1619 2726 1664 non

793 1650 983 1752 modo
1041 1686 1351 1770 aerugine
1395 1686 1728 1784 vitiantur,
1787 1683 1900 1750 sed
1957 1686 2157 1750 etiam
2201 1706 2454 1751 veneno
2495 1684 2727 1750 lethali

792 1772 1189 1849 inficiuntur,
1242 1781 1310 1836 et
1351 1770 1515 1836 alios
1560 1769 1846 1836 vicissim
1889 1770 2214 1838 inficiunt.
2304 1770 2527 1852 Quum
2571 1790 2728 1853 ergo

795 1856 1060 1925 Samuel
1121 1855 1321 1924 corda
1383 1877 1505 1922 sua
1566 1854 1746 1922 iubet
1801 1854 1949 1923 illos
2008 1876 2417 1940 praeparare,
2484 1876 2728 1940 pravos

792 1942 937 2009 illos
973 1944 1247 2009 affectus
1282 1943 1519 2025 quibus
1554 1949 1657 2006 tot
1687 1961 1895 2007 annos
1928 1942 2176 2008 corda'
2159 1962 2451 2025 ipsorum
2486 1943 2730 2008 infecta

792 2031 1052 2095 fuerant
1093 2026 1422 2111 intelligit,
1477 2049 1641 2127 quos
1681 2027 1865 2094 iubet
1904 2027 1976 2093 in
2021 2026 2261 2094 melius
2315 2030 2725 2095 commutari.

794 2119 1009 2198 Atque
1043 2116 1099 2180 is
1135 2134 1368 2180 sensus
1402 2121 1503 2178 cst
1538 2113 1737 2178 etiam
1765 2111 1893 2180 loci
1937 2113 2114 2179 illius
2159 2113 2335 2199 apud
2378 2113 2728 2180 Ieremiam

793 2201 1183 2285 prophetam
1242 2219 1382 2281 cap.
1439 2200 1501 2264 4.
1562 2219 1765 2282 quum
1810 2199 1938 2265 ait:
1997 2200 2238 2266 Novate
2277 2199 2449 2266 vobis
2488 2199 2728 2282 novale,

798 2293 856 2353 et
909 2287 1094 2351 nolite
1145 2305 1347 2352 serere
1407 2304 1600 2368 super
1660 2286 1906 2369 spinas,
2009 2283 2268 2366 Quibus
2336 2286 2554 2352 verbis
2618 2306 2729 2352 ecs

794 2379 1130 2455 comparat
1166 2391 1317 2438 cum
1353 2370 1602 2436 inculto
1646 2382 1715 2436 et
1757 2369 2065 2439 derelicto
2106 2371 2264 2451 solo,
2310 2369 2479 2456 quod
2520 2372 2729 2454 spinis

794 2467 863 2523 et
919 2457 1213 2523 sentibus
1270 2456 1613 2556 horridum
1676 2456 1919 2556 multos
1983 2477 2191 2523 annos
2248 2422 2728 2524 'infructuosum

795 2542 937 2621 fuit,
993 2563 1101 2641 ,²0‘
1135 2542 1434 2642 proinde
1464 2541 1759 2626 quisquis
1814 2551 2176 2609 sementem
2235 2544 2303 2608 in
2357 2563 2434 2608 ec
2497 2543 2731 2610 fecerit

797 2649 930 2694 333
986 2628 1282 2694 immisso
1339 2627 1520 2711 prius
1575 2638 1815 2708 aratro,
1877 2639 1946 2693 et
1987 2628 2270 2697 revulsis
2312 2629 2539 2713 spinis,
2583 2650 2732 2712 ope·

795 2734 939 2780 ram
1005 2722 1092 2779 et
1134 2725 1497 2781 sementem
1560 2711 1817 2798 perdet:
1884 2721 2080 2797 atque
2135 2713 2377 2782 idcirco
2439 2716 2727 2782 fructum

793 2799 1131 2884 percipere
1196 2798 1447 2865 volenti
1508 2799 1694 2884 prius
1756 2808 1858 2866 est
1921 2821 2081 2885 ager
2133 2800 2247 2868 ille
2302 2801 2600 2868 sentibus
2655 2820 2731 2868 ac

792 2887 974 2953 rubis
1015 2886 1410 2953 liberandus.
1496 2885 1649 2951 Non
1690 2884 1884 2952 aliter
1926 2885 2112 2952 docet
2152 2886 2475 2971 propheta
2515 2887 2727 2952 revel-

790 2971 1019 3039 lendas
1054 2992 1138 3038 ex
1172 2970 1474 3038 cordibus
1508 2972 1732 3055 spinas
1772 2971 1923 3038 illas
1965 2991 2280 3053 errorum,
2324 2992 2489 3055 quae
2529 2972 2729 3056 longo

792 3067 1085 3141 tempore
1126 3066 1582 3124 excreverunt.
1671 3055 1895 3138 Quare
1949 3057 2130 3123 iubet
2182 3056 2331 3123 illos
2374 3078 2727 3141 paeparare

793 3151 862 3208 et
914 3143 1194 3210 adiicere
1248 3141 1446 3210 corda
1499 3163 1640 3221 3ιι3,
1705 3150 1782 3207 ιιι
1824 3143 1996 3208 male
2053 3142 2267 3209 adhuc
2308 3153 2730 3229 praeparatos

794 3230 991 3296 fuisse
1055 3228 1338 3295 Iudaeos
1404 3193 1652 3297 doceat.
1753 3227 1897 3295 Nae
1961 3236 2147 3294 tanta
2210 3240 2313 3295 est
2387 3229 2727 3295 hominum

792 3314 1133 3396 stoliditas,
1174 3324 1254 3380 ut
1296 3315 1351 3381 si
1396 3314 1560 3380 bene
1595 3313 1947 3414 aliquando
1981 3314 2331 3398 coeperint,
2376 3316 2500 3381 sibi
2543 3315 2732 3381 vide-

793 3411 988 3467 antur
1046 3401 1129 3466 ad
1188 3401 1501 3467 scientiae
1556 3409 1623 3466 et
1665 3400 2024 3482 sapientiae
2065 3402 2404 3468 cumulum
2450 3401 2727 3478 venisse,

793 3507 996 3570 quum
1037 3496 1255 3553 tamen
1300 3487 1496 3571 longe
1539 3486 1757 3552 adhuc
1797 3485 2029 3565 absint,
2075 3485 2191 3552 sed
2226 3485 2351 3551 sibi
2385 3487 2730 3572 imponant

794 3574 1067 3651 misere,
1139 3573 1396 3656 Deique
1438 3592 1679 3639 nomen
1722 3580 2040 3654 quantum
2096 3572 2170 3636 ιιι
2227 3593 2299 3638 33
2355 3582 2456 3638 est
2512 3572 2730 3655 profa-

794 3669 969 3756 nent.
1034 3658 1244 3741 Atqui
1276 3658 1598 3742 propheta
1640 3656 1819 3724 iubet
1862 3659 2180 3758 populum
2213 3678 2284 3724 33
2318 3678 2728 3741 praeparare,

796 3742 907 3825 qui
965 3751 1190 3808 tamen
1231 3743 1510 3825 flevisse,
1572 3743 1794 3809 Deum
1837 3743 2240 3843 quaesivisse
2281 3755 2349 3809 et
2389 3744 2729 3827 poeniten-

796 3829 889 3892 tia
932 3827 1166 3895 ductus
1207 3829 1409 3896 fuisse
1444 3829 1699 3896 dicitur.
1747 3827 1925 3897 Sane
1967 3829 2061 3895 ita
2094 3838 2216 3907 33ι,
2261 3828 2429 3897 sed
2412 3851 2481 3895 ιιι
2515 3827 2729 3896 ι3331·

796 3927 937 3979 ιιιιιι
980 3913 1191 3979 solum
1235 3916 1591 3995 serebatur,
1637 3915 1809 3998 quod
1845 3915 2133 3981 fructum
2166 3915 2337 3982 ferre
2377 3935 2511 3981 non
2553 3924 2732 3998 pote·

794 4009 915 4065 rat.
980 3998 1223 4065 Merito
1265 4000 1490 4083 itaque
1531 4001 1712 4066 iubet
1752 4001 1902 4068 illos
1934 4001 2121 4087 prius
2163 4001 2359 4067 corda
2389 4022 2509 4067 sua
2544 4020 2729 4084 prae·

794 4106 1043 4168 parare,
1098 4086 1283 4169 quasi
1343 4087 1707 4152 minaretur
1762 4086 1923 4167 fore,
1976 4094 2050 4153 ut
2094 4085 2313 4151 Deum
2358 4107 2488 4153 non
2535 4086 2731 4151 modo

796 4193 927 4236 non
952 4171 1306 4254 propitium
1329 4182 1395 4237 et
1423 4172 1803 4256 benignum,
1839 4172 1968 4239 nisi
1990 4192 2063 4238 se
2083 4172 2259 4255 ipsos
2280 4179 2729 4272 agnoscerent,

792 4266 861 4323 et
903 4257 1200 4340 deposita
1241 4258 1458 4342 priore
1513 4258 1770 4324 malitia
1809 4260 1977 4325 serio
2021 4265 2088 4325 et
2131 4278 2216 4323 ex
2259 4258 2481 4324 animo
2524 4258 2732 4340 ipsius

792 4343 999 4410 cultui
1045 4364 1115 4410 se
1157 4343 1408 4424 darent,
1448 4349 1520 4409 et
1561 4342 1644 4409 ad
1704 4345 1844 4410 eius
1885 4343 2128 4411 iudicia
2169 4343 2732 4410 33113ιι3333ι33ι.

795 4428 907 4495 sed
951 4438 1181 4495 contra
1223 4429 1505 4497 iudicem
1544 4430 2019 4514 experirentur.

964 4515 1103 4581 Nos
1144 4517 1368 4600 itaque
1411 4516 1912 4598 procumbamus
1954 4522 2059 4582 eto.

1350 4807 1849 4892 HOMILIA
1894 4805 2159 4890 XXV.

965 4945 1026 5011 5.
1083 4945 1279 5012 Dixit
1335 4949 1545 5011 autem
1602 4943 1885 5012 Samuel:
1946 4942 2320 5029 Gonyreyate
2369 4945 2737 5012 universum

798 5029 1004 5096 Israel
1065 5031 1137 5096 in
1201 5030 1544 5112 masphath
1601 5034 1673 5094 ut
1732 5047 1901 5102 orem
1954 5050 2077 5112 pro
2140 5031 2312 5097 vobis
2365 5030 2733 5098 Dominum.

795 5117 856 5182 6.
904 5116 993 5179 Lt
1032 5122 1435 5183 convenerunt
1466 5118 1539 5182 in
1574 5115 1961 5198 Meu-ephath:
1993 5115 2449 5199 hauseruntque
2481 5137 2734 5199 aquam,

794 5205 849 5266 et
889 5201 1237 5283 effuderunt
1276 5204 1348 5269 in
1390 5207 1709 5285 conspeetu
1749 5201 2033 5283 Domini,
2090 5207 2148 5269 et
2186 5203 2622 5270 ι3ι33333ν33ι
2662 5204 2735 5270 in

2437 292 2854 362 HOMILIA
2894 294 3121 363 XXV.

4628 297 4729 364 512

2827 483 2932 550 die
2973 483 3109 567 illa,

2827 570 3174 653 dicavitque

3154 489 3342 568 atque
3380 484 3677 551 dixerunt
3717 482 3841 551 ibi.-
3889 482 4290 552 Peccavmus
4323 483 4604 551 Domino.
4641 488 4732 553 Iu-

3234 569 3492 637 Samuel
3540 569 3712 651 tilios
3769 568 3976 637 Israel
4015 571 4090 636 in
4130 569 4494 654 Maspm.
4575 573 4629 636 7.
4660 572 4732 639 Et

2828 655 3170 721 audieruut
3230 655 3588 722 Phili-etiem
3641 656 3805 738 quod
3860 658 4207 741 3339νε93ῠι·
4258 662 4460 723 essent
4505 656 4621 740 filii
4655 658 4734 726 Ι3·

2826 741 2965 808 rael
3004 742 3075 806 in
3120 740 3483 823 Maepham,
3527 746 3584 807 et
3625 741 4032 808 ascendmm
4062 747 4358 824 satrapae
4390 740 4736 810 Phili-stoec-

2827 847 2973 893 rum
3037 830 3124 894 ad
3181 827 3411 893 Israel.
3504 827 3684 909 Quod
3732 847 3926 908 93331
3980 829 4306 895 audissent
4356 828 4488 909 filii
4543 829 4735 912 Israel,

2828 913 3171 978 timuerunt
3213 935 3256 980 3
3296 914 3463 994 faeie
3509 911 4030 979 Philistimrum:
4114 913 4175 980 8.
4219 914 4738 996 Dixermqaeoead

2834 998 3218 1065 Samuelem:
3263 999 3365 1065 Ne
3396 1018 3598 1065 333333
3629 1019 3754 1080 pro
3795 997 3977 1064 nobis
4017 999 4292 1067 clamare
4327 1000 4414 1065 ad
4437 1000 4740 1067 11333333

2829 1083 3042 1151 Deum
3082 1089 3381 1164 nostrum,
3420 1090 3492 1149 ut
3527 1084 3723 1151 salvet
3763 1104 3881 1151 333
3918 1084 3994 1151 de
4032 1105 4233 1152 manu
4257 1084 4732 1152 Philisti-norm.

2830 1170 2893 1235 9.
2964 1170 3140 1236 Tulit
3202 1134 3408 1237 aodev’n
3469 1168 3724 1237 Samuel
3778 1191 4012 1254 393331
4067 1171 4382 1238 lactentem
4443 1191 4648 1252 33331,
4700 1179 4741 1238 ά

2829 1255 3045 1322 obtulit
3099 1256 3283 1323 illum
3337 1255 3759 1323 holocaustum
3812 1259 4121 1341 integrum
4176 1257 4491 1325 Domino:
4546 1263 4598 1323 d
4643 1258 4743 1324 313·

2828 1342 3027 1407 mavit
3071 1341 3330 1409 Samuel
3370 1343 3456 1408 ad
3493 1341 3841 1409 Dominum
3873 1362 3999 1426 pro
4038 1342 4301 1424 Israele,
4358 1349 4417 1409 et
4458 1344 4744 1410 maduit

2828 1448 2972 1494 eum
3023 1426 3359 1494 Dominus.
3451 1428 3552 1494 10.
3599 1426 3868 1492 Factum
3908 1432 4000 1493 est
4039 1433 4246 1495 anatem
4285 1449 4482 1511 quum
4525 1429 4745 1496 8331331

2830 1514 3077 1596 offerret
3109 1514 3557 1591 holocaustum,
3597 1511 3954 1579 Philistum
3983 1513 4182 1581 im'ere
4203 1515 4532 1598 praelium
4561 1521 4742 1581 contra

2833 1599 3080 1665 Israel:
3145 1600 3415 1666 intonuit
3468 1603 3675 1664 atatem
3733 1598 4052 1666 Dominus
4104 1600 4369 1685 frayore
4424 1619 4646 1684 moyse
4691 1603 4745 1666 ιιι

2831 1684 3094 1852 dieffldla
3117 1706 3327 1837 m
3372 1684 3743 1857 flaui-euim,
3786 1690 3845 1751 et
3879 1687 4176 1753 exterruit
4205 1708 4324 1770 333,
4371 1691 4431 1752 ει
4450 1689 4612 1753 oaesi
4627 1693 4746 1754 sua

2832 1791 2876 1836 3
2986 1791 3075 1837 us
3338 1775 3377 1813 ³*

3005 1903 3313 2008 Vidimus
3348 1941 3791 2025 superioribus
3823 1940 4166 2009 versiculis
4199 1939 4649 2010 Israelitarum
4678 1945 4743 2010 ad

2832 2028 3054 2093 Deum
3133 2029 3644 2106 conversionem,
3728 2028 3995 2093 abiectis
4071 2027 4406 2110 prioribus
4479 2030 4745 2097 omnibus

2832 2113 3421 2181 abominationibus
3480 2122 3549 2178 et
3604 2113 4173 2213 superstitionibus
4226 2128 4295 2178 et
4339 2113 4746 2215 idolomaniis,

2833 2199 3137 2283 deinceps
3194 2197 3572 2265 docebimur
3628 2197 4094 2282 poeniteutiam
4152 2207 4220 2263 et
4275 2203 4744 2267 conversionem

2832 2305 2984 2352 cum
3005 2285 3322 2386 precibus
3357 2305 3617 2367 semper
3652 2305 3798 2351 esse
3831 2285 4267 2352 coniunctam.
4331 2283 4744 2367 Quamobrem

2835 2372 2958 2438 hoc
3000 2372 3071 2435 ιιι
3116 2371 3345 2454 primis
3389 2369 3868 2438 observandum
3912 2379 4030 2450 est,
4077 2384 4386 2453 oportere
4427 2372 4512 2437 ad
4556 2372 4743 2455 poeni·

2833 2456 3111 2523 tentiam
3176 2476 3522 2523 conversos
3579 2477 3651 2522 re
3708 2460 3852 2539 ipsa
3905 2457 4134 2521 testari
4179 2455 4302 2521 sibi
4349 2457 4599 2524 malum
4638 2459 4744 2523 dis-

2831 2543 3088 2628 plicere,
3148 2542 3312 2608 illud
3369 2542 3755 2621 reiicientes,
3813 2553 3880 2608 et
3935 2540 4172 2607 deinde
4216 2543 4388 2608 serio
4433 2545 4632 2610 animi
4669 2543 4745 2608 af·

2830 2630 3004 2697 fectu
3062 2648 3206 2695 sese
3263 2628 3408 2694 Deo
3467 2627 3904 2704 subiicientes,
3966 2637 4033 2692 et
4089 2628 4162 2695 ιιι
4204 2628 4347 2693 eius
4389 2628 4742 2712 obsequium

2831 2723 3329 2802 componentes:
3387 2712 3502 2781 sed
3548 2713 3795 2795 requiri
3838 2721 4181 2798 praeterea
4225 2728 4300 2779 ut
4341 2715 4646 2782 conversi
4680 2713 4745 2779 ad

2832 2800 2962 2866 Dei
3004 2797 3519 2867 misericordiam
3556 2798 3858 2884 precibus
3891 2800 4289 2883 confugiant.
4382 2800 4448 2864 N
4451 2822 4557 2865 am
4590 2821 4748 2884 quse-

2832 2907 3086 2970 cunque
3119 2886 3384 2951 tandem
3421 2885 3696 2951 mutatio
3730 2886 3898 2951 fiat
3879 2905 3950 2952 ιιι
3987 2885 4198 2965 nobis,
4242 2885 4542 2952 nondum
4565 2898 4749 2952 tamen

2832 2994 2872 3038 a
2938 2982 3353 3056 peccatorum
3407 2991 3615 3055 poena
3670 2971 3860 3037 liberi
3918 2992 4163 3051 sumus,
4237 2971 4367 3036 nisi
4429 2974 4612 3039 Deus
4659 2972 4748 3037 ina

2832 3059 3024 3124 nobis
3079 3056 3418 3124 condonet.
3505 3057 3736 3140 Itaque
3778 3064 4030 3123 certum
4075 3056 4254 3124 istud
4299 3067 4466 3137 esto,
4532 3057 4746 3124 nullum

2832 3150 3260 3228 peccatorem,
3304 3142 3734 3226 quantumvis
3779 3162 3924 3210 3333
3965 3155 4385 3210 accusantem
4432 3151 4506 3211 et
4536 3145 4745 3210 crimen

2833 3240 3316 3314 agnoscentem,
3361 3250 3436 3295 ac
3481 3237 3767 3293 mentem
3812 3228 4010 3294 aliam
4052 3238 4122 3294 et
4153 3228 4468 3294 affectum
4504 3229 4747 3295 indueu-

2833 3324 2986 3395 tem,
3027 3335 3220 3398 posse
3264 3314 3393 3379 Dei
3437 3313 3750 3379 iudicium
3784 3313 4092 3399 effugere,
4138 3315 4291 3397 quin
4333 3335 4597 3399 semper
4625 3333 4747 3381 reus

2832 3408 3153 3477 ι3333ιιιι,
3199 3399 3404 3467 donec
3446 3399 3728 3483 gratiam
3769 3409 3837 3464 et
3875 3419 4103 3483 pacem
4148 3420 4189 3464 3
4234 3400 4525 3467 Domino
4556 3419 4746 3468 conse·

2831 3495 3089 3570 quatur.
3177 3488 3395 3569 Atque
3446 3484 3688 3552 idcirco
3745 3506 4011 3552 necesse
4068 3494 4170 3552 est
4209 3485 4296 3551 ad
4341 3486 4585 3554 seriam
4623 3505 4745 3552 con·

2833 3572 3199 3638 versionem
3259 3582 3326 3636 et
3376 3571 3629 3638 fructus
3682 3572 3796 3655 qui
3849 3592 3936 3637 ex
3981 3569 4094 3638 illa
4136 3581 4526 3652 nascuntur,
4581 3572 4744 3638 etiam

2833 3679 3056 3757 preces
3100 3656 3423 3737 accedere,
3480 3657 3718 3741 quibus
3762 3657 3978 3723 Deum
4022 3665 4098 3723 ut
4140 3659 4348 3723 nostri
4391 3660 4746 3726 misereatur

2833 3744 3231 3822 invocemus,
3303 3753 3497 3827 atque
3561 3751 3638 3808 ut
3699 3743 3886 3810 nobis
3951 3743 4234 3811 offensas
4297 3763 4438 3810 333
4504 3749 4744 3827 imputet

2835 3832 3066 3912 quibus
3108 3831 3249 3896 eius
3293 3830 3362 3895 in
3406 3848 3527 3894 nos
3568 3828 3737 3895 iram
3772 3829 4278 3896 concitavimus.
4325 3830 4507 3913 quod
4538 3851 4617 3897 ex
4647 3827 4745 3893 hac

2835 3916 3209 3982 narratione
3273 3915 3696 3998 conspicuum
3761 3915 3838 3980 fit
3891 3914 4096 3982 nobis.
4185 3915 4547 3999 Postquam
4601 3914 4744 3980 enim

2836 4001 3108 4068 Samuel
3171 4000 3486 4084 populum
3553 4000 3852 4066 hortatus
3916 4010 4034 4080 est,
4101 4007 4179 4066 ut
4242 3999 4560 4068 abiiceret
4615 4020 4650 4064 a
4691 4018 4745 4063 se

2834 4088 3062 4171 procul
3120 4087 3294 4151 idola
3349 4096 3419 4151 et
3475 4085 3825 4152 simulacra
3888 4107 4008 4152 sua
4078 4087 4314 4165 omnia,
4377 4106 4532 4153 cum
4576 4083 4743 4153 foedis

2835 4172 3426 4255 superstitionibus,
3480 4182 3547 4237 et
3603 4193 3683 4237 ex
3743 4171 3962 4237 auimo
4016 4192 4158 4240 sese
4215 4172 4300 4237 ad
4355 4174 4487 4239 Dei
4529 4171 4743 4240 cultum

2837 4257 4744 4427 assfffi‘zffiq30330‘33222ffiu22‘2‘3‘2332‘035

2840 4449 3168 4529 gregasse,
3227 4436 3425 4512 atque
3479 4428 3571 4494 ibi
3626 4449 3886 4495 rursum
3942 4429 4024 4494 ad
4064 4443 4488 4514 peccatorum
4531 4427 4740 4497 confes-

2840 4517 3090 4581 sionem
3135 4523 3203 4581 et
3244 4514 3569 4600 lacrymas
3611 4514 4041 4595 cohortatum,
4096 4524 4173 4581 ut
4214 4536 4436 4584 coram
4482 4518 4618 4583 Dec
4653 4512 4740 4577 ds·

2841 4602 2992 4666 iecti
3045 4610 3114 4667 et
3170 4601 3251 4668 ob
3294 4612 3558 4687 peccata
3598 4611 3935 4686 gementes
3973 4602 4257 4685 gratiam
4301 4615 4368 4668 et
4411 4601 4743 4670 misericor·

2842 4686 3018 4752 diam
3074 4698 3640 4770 consequerentur.
3729 4687 3938 4752 Porro
3998 4686 4107 4754 hic
4161 4687 4347 4756 locus
4403 4681 4740 4782 Mitsphath

2840 4771 3112 4838 celebris
3153 4786 3294 4838 erat
3336 4774 3508 4838 inter
3551 4772 3902 4851 Israelitas,
3958 4779 4226 4856 propter
4266 4773 4594 4857 insignem
4635 4769 4740 4836 vie·

2841 4859 3075 4923 teriam
3119 4879 3318 4941 quam
3357 4857 3438 4924 de
3480 4858 3615 4924 suis
3659 4857 3953 4926 hostibus
3997 4859 4340 4926 Israelitae
4379 4853 4568 4926 Iosue
4607 4869 4738 4924 tem·

2839 4944 3102 5026 poribus
3160 4952 3590 5027 reportarant,
3645 4952 3721 5008 ut
3779 4943 3958 5011 locus
4012 4945 4152 5029 ipse
4207 4946 4394 5014 testis
4431 4945 4563 5012 illis
4600 4953 4740 5010 33331

2840 5031 2966 5096 Dei
2999 5028 3421 5114 praesentiae,
3467 5028 3736 5096 minime
3771 5029 4033 5113 quidem
4066 5032 4252 5115 quasi
4287 5030 4554 5116 reliquis
4586 5045 4740 5098 sam·

2943 5217 3001 5288 *)
3038 5218 3243 5274 Versus
3275 5222 3358 5273 11.
3394 5220 3624 5276 omissus
3658 5225 3750 5275 est.
