5059 6059
792 329 937 400 ‘247

816 517 1309 588 intolerandum
1352 527 1597 597 tamen,
1641 529 1708 585 et
1765 518 2050 584 maxime
2093 517 2166 583 in
2210 517 2472 601 Levita,
2520 520 2756 584 notari.

817 608 993 675 Nam
1041 606 1165 672 etsi
1192 605 1467 690 populus
1511 604 1634 671 sibi
1681 605 1848 669 hanc
1893 604 2223 670 licentiam
2266 605 2409 669 sine
2452 603 2760 670 mandato

820 692 1047 759 divino
1091 691 1392 770 dedisset,
1459 692 1606 775 quis
1661 702 1879 756 tamen
1936 701 2193 755 tantum
2250 691 2418 756 sacri
2475 691 2761 774 coniugii

822 778 1095 846 abusum
1152 778 1336 853 ferat,
1403 777 1471 842 in
1533 778 1612 842 iis
1668 777 2074 859 potissimum
2136 776 2251 859 qui
2308 797 2348 841 6
2405 776 2545 841 1)66
2605 798 2760 842 6666

818 864 988 949 legis
1053 863 1353 929 custodes
1416 874 1482 928 et
1543 863 1930 942 defensores,
2010 883 2087 928 ac
2170 882 2364 927 verae
2429 862 2763 946 religionis

818 949 1156 1017 constituti
1200 948 1403 1014 sunt?
1495 948 1718 1028 Quare
1769 949 1875 1013 hic
1922 948 2395 1013 observandum
2442 949 2760 1014 Elcanam

810 1057 862 1103 a
907 1035 1259 1102 virtutibus
1304 1057 1439 1099 non
1482 1044 1815 1119 reportare
1860 1034 2155 1117 gloriam,
2212 1045 2285 1097 ut
2330 1032 2453 1098 Dei
2509 1035 2763 1100 bonitas

810 1124 1035 1206 ‚magis
1102 1142 1177 1188 ac
1243 1121 1449 1204 magis
1514 1119 2023 1196 commendetur,
2103 1140 2307 1201 quum
2388 1118 2762 1185 Samuelem

822 1208 1025 1274 talem
1090 1217 1477 1288 tantumque
1544 1207 1930 1289 prophetam
1993 1227 2074 1269 ex
2129 1203 2241 1270 illo
2299 1206 2476 1270 nasci
2537 1207 2764 1285 voluit,

824 1294 1020 1360 sicuti
1065 1291 1367 1374 deinceps
1412 1292 1618 1358 visuri
1664 1312 1910 1357 sumus.
1984 1293 2286 1374 Agnosco
2331 1290 2592 1373 quidem
2640 1293 2763 1357 viri

824 1380 1138 1464 pietatem
1197 1378 1265 1442 in
1323 1376 1747 1443 observandis
1804 1397 1971 1459 6666
2019 1377 2139 1441 Dei
2184 1376 2328 1459 lege
2374 1378 2765 1459 praescribe-

827 1466 1115 1543 bantur„
1145 1461 1224 1529 de
1270 1462 1597 1530 adorando
1644 1464 1787 1528 Deo
1830 1463 1903 1527 in
1946 1462 2333 1541 6666166116,
2394 1462 2563 1544 66611
2624 1475 2762 1528 1616

829 1550 1141 1632 temporis
1215 1558 1355 1614 erat
1426 1550 1492 1613 in
1565 1547 1737 1615 Silo:
1809 1558 2260 1614 verumtamen
2345 1547 2770 1615 nihilominus

828 1638 1059 1704 vitium
1112 1634 1767 1701 animadvertendum
1814 1656 1941 1717 quo
1988 1655 2058 1699 se
2098 1633 2227 1698 Dei
2272 1634 2491 1699 favore
2537 1634 2764 1699 redde·

808 1724 938 1800 ‚bat
990 1720 1357 1804 indignum.
1456 1720 1630 1786 Nam
1687 1741 1888 1803 quum
1946 1719 2018 1784 in
2079 1740 2223 1783 eam
2285 1736 2551 1786 evectus
2598 1731 2768 1786 esset

827 1807 1237 1892 dignitatem,
1294 1818 1368 1871 ut
1423 1806 1734 1890 populum
1794 1805 2072 1882 doceret,
2124 1804 2252 1870 Dei
2306 1804 2516 1888 legem
2563 1827 2764 1889 expo-

808 1906 1029 1973 neret,
1068 1892 1139 1956 in
1174 1893 1621 1957 sanctuarium
1658 1891 2124 1975 ingrederetur,
2169 1899 2235 1955 et
2268 1894 2522 1956 ratione
2559 1891 2767 1975 digni-

825 1979 981 2045 tatis
1039 1985 1107 2043 et
1157 1977 1525 2046 autoritatis
1567 1977 1829 2060 propius
1872 1974 1954 2041 ad
2014 1976 2228 2042 Deum
2276 1997 2470 2060 quam
2532 1978 2768 2061 reliqui

824 2063 1176 2141 accederet,
1237 2062 1658 2128 nihilominus
1718 2075 1935 2128 autem
1991 2062 2240 2128 duabus
2297 2062 2489 2128 simul
2552 2063 2766 2129 ductis

829 2150 1148 2216 uxoribus
1203 2147 1435 2214 foedus
1486 2170 1637 2214 cum
1681 2147 1827 2212 Deo
1871 2147 2108 2214 initum
2152 2149 2502 2231 frangeret,
2547 2170 2768 2215 sacro·

828 2245 1122 2302 sanctam
1187 2234 1582 2299 matrimonii
1661 2233 2140 2300 institutionem
2217 2233 2570 2317 pollueret,
2641 2236 2764 2300 Dei

829 2322 1078 2387 cultum
1113 2328 1181 2386 et
1214 2318 1689 2384 ordinationem
1727 2329 2072 2400 everteret,
2116 2341 2274 2385 sane
2309 2340 2380 2384 se
2415 2320 2763 2404 indignum

828 2404 1162 2482 reddebat,
1204 2405 1389 2471 cuius
1411 2405 1592 2471 Deus
1628 2424 1848 2489 preces
1883 2406 2245 2471 exaudiret.
2312 2406 2496 2471 Deus
2541 2416 2763 2471 tamen

827 2491 925 2557 illi
970 2513 1087 2576 pro
1127 2490 1449 2556 immensa
1505 2490 1965 2575 misericordia,
2024 2490 2406 2576 praesertim
2454 2490 2762 2558 Samuele

826 2597 912 2643 ex
954 2577 1072 2642 tali
1113 2576 1411 2659 coniugio
1455 2585 1637 2641 tanto
1673 2577 1800 2642 Dei
1845 2578 2165 2661 propheta
2209 2587 2363 2642 nato
2410 2575 2759 2646 benedixit.

825 2663 1097 2740 Verum,
1142 2673 1219 2727 ut
1253 2671 1408 2728 ante
1442 2662 1688 2739 monui,
1735 2683 1937 2745 quum
1973 2663 2300 2746 scriptura
2334 2662 2524 2727 nobis
2560 2663 2761 2728 etiam

828 2748 1341 2815 clarissimorum
1400 2748 1693 2814 virorum
1754 2748 1917 2813 vitia
1973 2750 2157 2832 ponit
2200 2757 2355 2813 ante
2394 2748 2635 2826 oculos,
2693 2747 2760 2813 id

822 2834 897 2900 in
943 2854 1094 2900 eum
1139 2833 1338 2899 finem
1381 2831 1557 2913 facit,
1604 2841 1682 2898 61
1723 2831 1912 2898 nobis
1949 2835 2197 2918 imponi
2241 2834 2601 2900 scientibus
2645 2854 2759 2898 vo-

823 2918 1112 2986 lentibus
1154 2941 1287 2984 non
1331 2920 1676 3003 patiamur,
1720 2918 1833 2985 sed
1877 2918 2197 3002 siquando
2227 2920 2411 2986 Deus
2442 2941 2526 2985 ex
2568 2918 2763 2985 huius

824 3002 1055 3072 mundi
1084 3003 1371 3071 faecibus
1403 3003 1756 3087 quosdame
1792 3004 1991 3083 ducit,
2026 3006 2154 3071 Dei
2189 3005 2441 3090 gratiae
2474 3014 2541 3072 et
2576 3006 2764 3072 mise·

820 3088 1138 3158 ricordiae
1195 3090 1336 3168 soli,
1401 3110 1531 3155 non
1589 3090 1744 3156 ullis
1800 3089 2143 3158 hominum
2187 3091 2458 3169 meritis,
2525 3091 2763 3174 quibus

821 3199 893 3244 66
936 3175 1085 3242 61116
1128 3174 1457 3261 digniores
1501 3175 1796 3255 reddant,
1842 3185 2180 3261 acceptum
2222 3177 2530 3242 feramus.
2608 3175 2760 3241 Vir·

825 3273 1000 3330 tutes
1057 3261 1236 3326 enim
1294 3260 1446 3327 illae
1504 3282 1664 3344 6666
1716 3262 1787 3327 16
1839 3262 2212 3329 hominibus
2258 3270 2573 3344 tanquam
2617 3262 2761 3328 illo-

821 3370 973 3414 rum
1017 3347 1356 3413 autoribus
1389 3345 1811 3424 admiramur,
1855 3346 2010 3431 quid
2036 3347 2213 3413 aliud
2253 3368 2449 3431 quam
2490 3347 2761 3413 totidem

824 3432 1197 3499 velamenta
1257 3442 1429 3510 sunt,
1494 3433 1727 3516 quibus
1787 3432 1915 3499 Dei
1976 3434 2189 3516 gratia
2251 3454 2409 3519 erga
2465 3433 2766 3499 homines

823 3517 1157 3588 obscurior
1217 3517 1560 3583 redditur?
1648 3518 1893 3584 Annon
1952 3520 2128 3585 enim
2173 3520 2297 3586 Dei
2356 3520 2614 3585 bonitas
2664 3520 2764 3585 vi-

838 3604 1024 3672 lescit
1103 3613 1170 3667 et
1248 3603 1562 3684 aboletur,
1638 3625 1840 3687 quum
1903 3603 2153 3671 homini
2216 3604 2466 3670 iustitia
2530 3614 2599 3670 et
2662 3625 2769 3670 ae-

829 3690 1044 3773 quitas
1114 3687 1444 3768 tribuitur,
1523 3697 1590 3755 et
1658 3711 1737 3755 ex
1813 3712 1890 3756 ea
1959 3692 2052 3757 sic
2123 3691 2505 3757 aestimatur
2577 3690 2766 3773 66661

826 3774 1186 3842 virtutibus
1281 3772 1585 3841 omnibus
1664 3775 1994 3841 abundet?
2087 3775 2262 3858 Quid
2333 3777 2510 3842 enim
2588 3774 2767 3841 aliud

828 3867 931 3926 est
977 3859 1306 3943 quaelibet
1353 3860 1591 3937 virtus,
1651 3881 1846 3944 quam
1902 3861 2028 3926 Dei
2075 3860 2311 3928 donum
2363 3861 2764 3946 gratuitum?

825 3944 1103 4024 Verum,
1166 3952 1243 4010 ut
1284 3944 1439 4022 dixi,
1485 3952 1673 4011 tanta
1728 3956 1828 4013 est
1870 3948 2068 4013 animi
2116 3948 2321 4013 nostri
2365 3947 2766 4031 depravatio,

830 4040 906 4097 ut
949 4029 1080 4095 Dei
1134 4030 1561 4096 beneficentia
1621 4052 1750 4097 non
1809 4033 2236 4118 perspiciatur
2290 4054 2330 4099 a
2389 4032 2582 4099 nobis
2640 4032 2766 4099 nisi

828 4115 1168 4182 hominum
1214 4137 1295 4182 ex
1339 4118 1662 4182 contrario
1709 4118 2092 4186 vitiositates
2127 4127 2499 4203 appareant.
2549 4116 2766 4199 Quam

829 4203 912 4268 ob
970 4223 1233 4268 causam
1279 4201 1525 4267 Paulus
1581 4203 1737 4268 dicit
1791 4205 1915 4270 Dei
1971 4206 2329 4271 bonitatem
2389 4214 2453 4269 et
2512 4205 2765 4269 miseri-

828 4285 1119 4354 cordiam
1176 4308 1309 4353 non
1368 4289 1494 4353 nisi
1551 4289 1620 4354 in
1677 4288 2017 4356 hominum
2077 4288 2566 4356 infirmitatibus
2625 4310 2766 4355 esse

828 4373 1262 4456 conspicuam.
1353 4371 1611 4454 Quibus
1656 4383 1722 4439 et
1764 4375 1938 4440 istud
1984 4385 2082 4444 est
2117 4376 2575 4453 adiiciendum,
2615 4375 2765 4460 pul·

826 4459 1185 4525 lulantibus
1242 4459 1315 4524 in
1374 4459 1603 4541 quavis
1659 4459 1989 4544 republica
2056 4462 2251 4540 vitiis,
2320 4482 2558 4545 paucos
2626 4483 2767 4528 esse

827 4546 940 4629 661
997 4565 1131 4610 666
1187 4543 1269 4610 116
1327 4544 1723 4627 polluantur,
1790 4568 1865 4612 66
1924 4548 2124 4613 veluti
2186 4558 2528 4631 grassante
2585 4558 2766 4630 peste

825 4631 1164 4698 feriantur.
1252 4630 1497 4696 Fateor
1553 4630 1812 4714 quidem
1867 4653 2001 4697 non
2048 4633 2256 4716 primo
2301 4653 2557 4716 quoque
2604 4641 2766 4698 tem·

825 4737 983 4801 pore
1040 4716 1122 4783 ab
1164 4715 1282 4782 illa
1326 4727 1509 4800 peste
1551 4725 1851 4784 cunctam
1896 4718 2231 4786 civitatem
2275 4718 2610 4801 occupari:
2669 4718 2765 4783 fa·

828 4812 972 4869 teor
1013 4802 1233 4888 ignem
1280 4824 1412 4868 non
1459 4823 1587 4868 uno
1632 4813 1961 4869 momento
2006 4813 2216 4871 totum
2261 4805 2631 4871 aedificium
2674 4804 2763 4869 la-

826 4886 1169 4968 befactare,
1234 4888 1351 4954 sed
1407 4886 1802 4972 pedetentim
1875 4891 2157 4975 grassari
2226 4906 2495 4976 pestem,
2565 4889 2768 4956 donec

832 4971 1092 5040 tandem
1122 4974 1258 5046 ,vel
1313 4995 1427 5041 aer
1470 4975 1606 5058 ipse
1650 4976 1992 5042 inficiatur.
2081 4974 2268 5042 Idem
2313 4997 2469 5061 ergo
2513 4996 2766 5060 quoque

833 5057 914 5124 de
975 5060 1149 5125 vitiis
1206 5060 1547 5126 ferendum
1602 5060 1909 5127 iudicium
1956 5069 2133 5145 puto,
2191 5061 2363 5129 idem
2423 5060 2501 5127 de
2562 5082 2767 5144 prava

828 5143 1295 5212 consuetudine
1348 5155 1419 5212 et
1474 5146 1661 5213 malis
1726 5146 2079 5227 institutis,
2144 5148 2380 5231 quibus
2447 5147 2762 5232 paulatim

830 5231 1230 5298 assuescitur
1288 5231 1490 5300 donec
1549 5242 1760 5299 totum
1805 5255 2038 5318 corpus
2084 5234 2343 5301 lethalis
2389 5243 2617 5317 stupor
2659 5235 2761 5299 in·

2557 323 2974 396 HOMJLIA
3010 328 3068 394 1.

4644 330 4737 397 248

2863 517 3121 595 vaserit,
3189 527 3258 583 61
3317 517 3474 601 igne
3538 525 3768 582 mutuo
3821 514 4342 598 conflagraverit,
4407 524 4477 581 ut
4533 520 4744 592 nullum

2863 602 3223 669 remedium
3269 614 3381 668 aut
3423 603 3738 687 exiguum
3784 602 4085 686 amplius,
4131 613 4397 684 propter
4438 604 4556 669 alte
4583 605 4746 678 166166

2862 690 3131 765 radices,
3205 690 3503 772 supersit.
3615 689 3822 753 Porro
3889 689 3947 753 si
4011 689 4421 771 serpentibus
4481 690 4646 758 malis
4695 707 4747 761 et

2861 774 3225 841 istiusmodi
3247 775 3768 860 corruptionibus
3789 785 4042 839 mature
4077 783 4465 851 occurratur,
4500 776 4746 861 plebique

2863 873 3075 927 metus
3116 861 3469 938 iniiciatur,
3530 871 3691 927 tunc
3748 859 4048 926 futurum
4104 870 4204 924 est
4248 870 4320 923 ut
4357 860 4746 931 incendiorum

2863 969 2938 1013 ac
2986 947 3187 1031 pestis
3235 948 3332 1012 vis
3374 947 3588 1012 omnis
3634 945 3967 1012 debilitata
4010 955 4294 1026 corruat,
4338 955 4403 1011 et
4442 947 4507 1011 in
4549 950 4663 1016 otio
4691 972 4747 1018 66

2865 1032 3340 1115 tranquillitate
3408 1034 3612 1098 vitam
3678 1033 4021 1096 honestam
4105 1032 4380 1113 quisque
4460 1037 4747 1118 transigat

2867 1119 3135 1198 Contra,
3196 1120 3322 1184 nisi
3376 1140 3720 1185 occursum
3778 1119 3881 1194 sit,
3941 1118 4064 1183 etsi
4115 1116 4195 1181 ab
4252 1117 4443 1182 initio
4485 1120 4748 1200 quosdam

2867 1205 3161 1288 contagio
3209 1226 3342 1269 non
3387 1204 3709 1287 polluerit,
3770 1213 3988 1269 tamen
4049 1204 4339 1268 futurum
4397 1215 4495 1268 est
4534 1219 4601 1270 ut
4635 1227 4751 1289 pro-

2869 1312 3100 1373 gressu
3167 1292 3478 1373 temporis
3544 1289 3771 1355 eodem
3837 1309 3985 1354 cum
4053 1289 4326 1355 caeteris
4381 1289 4657 1356 incendio
4703 1306 4752 1357 et

2867 1376 2975 1441 lue
3057 1377 3513 1460 corripiantur.
3643 1375 3808 1456 Quis
3888 1396 4043 1457 ergo
4123 1376 4399 1442 miretur
4467 1375 4753 1460 Blesum,

2868 1462 3182 1545 progenie
3225 1462 3376 1527 licet
3418 1461 3799 1526 sacerdotali
3844 1459 4216 1540 oriundum,
4259 1459 4409 1546 (etsi
4455 1462 4629 1544 culpa
4658 1463 4753 1528 hoc

2870 1569 3018 1613 eum
3101 1567 3235 1612 non
3302 1546 3553 1632 eximit)
3627 1546 4102 1613 consuetudine
4172 1560 4392 1612 tamen
4460 1547 4753 1630 deceptum

2870 1633 3035 1699 duas
3079 1654 3315 1699 uxores
3360 1633 3557 1697 simul
3601 1633 3884 1708 duxisse,
3935 1631 4458 1715 quandoquidem
4503 1633 4608 1697 illo
4644 1654 4754 1698 sae·

2870 1720 3015 1784 culo
3071 1740 3202 1784 non
3265 1720 3618 1783 haberetur
3665 1720 3734 1784 in
3779 1718 3936 1783 vitio
3983 1718 4288 1801 digamia.
4381 1718 4553 1783 Hinc
4585 1718 4754 1784 111666-

2871 1826 3037 1882 mus,
3083 1807 3467 1870 monitorem
3515 1805 3875 1887 apostolum
3923 1805 4204 1885 sequuti,
4250 1824 4382 1868 non
4429 1807 4757 1888 permittere

2869 1901 2942 1956 ut
3002 1890 3134 1955 ulla
3191 1891 3377 1956 radix
3424 1910 3647 1955 amara
3690 1889 4114 1973 suppullulet,
4160 1900 4320 1972 puta
4365 1910 4602 1972 pravae
4639 1912 4756 1955 con·

2869 1976 3267 2056 suetudines,
3314 1976 3549 2059 quibus
3585 1996 3622 2040 a
3659 1977 3910 2042 sincero
3929 1976 4058 2040 Dei
4102 1974 4282 2041 cultu
4328 1976 4432 2041 vel
4471 1975 4758 2041 tantillum

2853 2071 3280 2146 avertamur,
3339 2061 3490 2142 11116,
3536 2062 3594 2126 61
3640 2063 3846 2127 semel
3891 2064 4352 2142 succreverint,
4402 2072 4644 2126 tantum
4683 2063 4755 2124 vi·

2867 2148 3037 2213 rium
3093 2147 3417 2213 habituris
3476 2163 3549 2212 ut
3606 2149 3719 2214 vix
3771 2148 3926 2230 quin
3972 2146 4190 2230 aliqua
4232 2147 4414 2216 labes
4456 2147 4759 2212 adhaereat

2868 2234 3123 2300 restitui
3180 2234 3431 2317 puritas
3489 2234 3709 2317 possit.
3800 2232 4152 2299 Caeterum
4213 2254 4297 2298 ex
4351 2233 4557 2300 nimia
4594 2232 4758 2315 prolis

2866 2318 3243 2401 cupiditate,
3303 2341 3433 2383 non
3493 2329 3711 2385 autem
3756 2341 3842 2382 ex
3886 2319 4087 2384 nimio
4146 2319 4505 2402 voluptatis
4545 2318 4759 2401 pruritu

2868 2404 3222 2470 verisimile
3260 2417 3363 2469 est
3384 2404 3699 2470 Elcanam
3738 2405 3900 2471 11666
3925 2424 4163 2471 uxores
4184 2405 4468 2485 duxisse,
4512 2404 4758 2488 quando-

2865 2490 3132 2573 quidem
3213 2510 3482 2557 uxorem
3564 2489 3874 2556 dilexisse
3944 2490 4200 2556 dicitur.
4312 2490 4536 2571 Quare
4595 2491 4761 2572 igitur

2865 2576 3064 2659 priori
3108 2597 3305 2659 quam
3348 2574 3657 2658 diligebat
3699 2576 3973 2642 alteram
4018 2575 4521 2659 superinduxit?
4595 2576 4762 2640 Forte

2866 2664 3012 2746 quis
3057 2661 3165 2728 hic
3208 2683 3358 2727 eum
3401 2662 3813 2728 scortationis
3861 2663 4283 2742 accusaverit,
4326 2662 4443 2728 sed
4485 2667 4763 2729 excusant

2866 2758 3212 2816 contextus
3254 2748 3477 2828 verba,
3534 2747 3703 2831 quod
3753 2749 3998 2813 factum
4042 2748 4218 2813 istud
4262 2757 4529 2832 propter
4570 2747 4763 2832 prioris

2866 2833 3278 2901 sterilitatem
3322 2831 3559 2899 dicant.
3648 2833 3877 2916 Neque
3920 2846 4263 2918 propterea
4305 2843 4530 2900 tamen
4572 2853 4763 2900 secuu-

2868 2919 3022 2985 dum
3067 2919 3242 2985 istud
3289 2920 3490 3002 priori
3533 2920 4073 3003 superinductum
4123 2920 4611 2990 matrimonium
4654 2919 4764 2983 Deo

2867 3004 3354 3089 comprobatum
3409 3004 3609 3071 fuisse
3667 3004 4015 3071 dicendum
4076 3015 4196 3070 est.
4285 3005 4541 3072 Verum
4597 3022 4763 3088 quum

2866 3091 3329 3175 promissiones
3374 3111 3413 3154 a
3457 3092 3598 3157 Deo
3640 3101 3892 3157 veteres
3925 3091 4020 3156 illi
4067 3091 4149 3157 de
4191 3092 4464 3158 seminis
4508 3089 4764 3157 benedic-

2868 3178 3044 3242 tione
3087 3184 3153 3240 et
3194 3176 3730 3259 multiplicatione
3776 3177 4194 3260 accepissent,
4255 3178 4321 3241 in
4368 3175 4765 3262 polygamiam

2867 3261 3140 3327 nimium
3178 3260 3698 3346 propendebant:
3743 3261 3860 3329 sed
3895 3264 4180 3328 maxime
4216 3284 4420 3346 quum
4459 3261 4763 3348 specialem

2865 3347 2946 3412 de
2968 3348 3214 3414 Messia
3256 3370 3340 3413 ex
3384 3348 3674 3432 ipsorum
3719 3348 3940 3415 sobole
3983 3359 4260 3415 venturo
4305 3349 4768 3431 promissionem

2867 3432 3202 3517 haberent,
3277 3434 3345 3498 in
3412 3454 3538 3516 666
3603 3441 3825 3502 essent
3889 3455 4116 3502 omnes
4182 3438 4481 3502 nationes
4546 3430 4767 3500 benedi·

2864 3516 3124 3599 cendae,
3183 3520 3457 3585 summis
3514 3519 3680 3586 votis
3737 3541 3820 3585 ex
3880 3542 3949 3585 66
3995 3521 4173 3586 66661
4216 3521 4623 3603 expetebant.
4700 3517 4768 3582 At

2865 3627 2997 3670 non
3054 3604 3202 3670 ideo
3262 3615 3482 3670 tamen,
3539 3604 3648 3670 lex
3704 3606 3989 3689 coniugii
4045 3617 4111 3671 et
4157 3607 4423 3672 Domini
4483 3602 4767 3671 institutio

2865 3688 3196 3755 violanda.
3284 3688 3507 3771 Quare
3564 3688 3779 3755 danda
3838 3691 4026 3756 nobis
4085 3713 4281 3776 opera
4334 3702 4415 3758 ut
4473 3712 4589 3757 666
4627 3689 4770 3754 intra

2866 3776 3106 3841 limites
3125 3775 3610 3841 contineamus:
3654 3787 3848 3860 atque
3887 3778 3945 3841 si
3985 3777 4088 3843 vel
4124 3778 4343 3861 prolis,
4393 3778 4500 3845 vel
4537 3775 4769 3841 alterius

2867 3860 3214 3929 cuiuslibet
3273 3863 3365 3927 rei
3423 3862 3639 3945 cupidi
3684 3884 3932 3938 sumus,
3991 3883 4156 3947 6666
4201 3885 4321 3929 666
4367 3865 4495 3929 Dei
4541 3860 4768 3948 gloriae,

2867 3967 2989 4013 nec
3032 3955 3291 4013 6661166
3335 3946 3530 4014 661611
3573 3950 3903 4014 contraria
3959 3948 4066 4029 sit,
4124 3970 4268 4015 eam
4328 3968 4369 4013 a
4430 3950 4570 4015 Deo
4620 3944 4771 4012 nobis

2868 4032 3130 4100 concedi
3175 4033 3475 4118 precibus
3516 4034 3939 4117 postulemus,
4003 4034 4386 4118 exitumque
4430 4035 4575 4100 Deo
4629 4050 4768 4100 com·

2868 4118 3271 4185 mendemus.
3359 4119 3655 4202 Namque
3700 4121 3885 4186 Deus
3931 4121 4312 4188 Abrahamo
4371 4121 4608 4187 sobolis
4657 4129 4770 4181 tan·

2870 4215 3005 4270 tam
3070 4206 3600 4289 propagationem
3670 4214 3741 4271 ut
3797 4206 4034 4271 marini
4090 4205 4331 4273 littoris
4390 4225 4650 4272 arenam
4687 4222 4770 4267 66-

2868 4300 3127 4375 6616161
3191 4290 3521 4374 661116666,
3587 4311 3797 4375 66666
3855 4293 3977 4357 sibi
4043 4293 4166 4377 ipsi
4223 4294 4589 4359 contrarius
4641 4307 4770 4363 esse,

2869 4397 3082 4460 66666
3143 4397 3182 4442 6
3248 4397 3318 4442 66
3396 4380 3823 4443 666611161616
3898 4378 4190 4446 ordinem
4259 4379 4513 4445 violare
4577 4372 4766 4441 voluit

2871 4461 3002 4529 Sed
3027 4462 3387 4542 1616611166,
3433 4471 3504 4527 61
3549 4473 3788 4528 661616
3829 4465 4019 4548 pravi
4056 4474 4262 4542 erant,
4309 4485 4614 4548 magnam
4645 4480 4769 4526 666·

2868 4548 3183 4614 fusionem
3240 4560 3305 4613 et
3368 4551 3847 4631 corruptionem
3913 4552 4322 4616 invexerant.
4413 4551 4658 4615 Verum
4706 4540 4769 4608 ad

2870 4634 3051 4700 verbi
3132 4631 3338 4699 divini
3416 4655 3714 4699 normam
3796 4636 4214 4702 examinandi
4294 4646 4485 4703 sunt:
4595 4649 4770 4714 66666

2868 4721 3043 4785 66116
3093 4719 3541 4785 Israelitarum
3582 4741 3815 4786 nomen
3856 4720 3938 4786 ad
3973 4722 4196 4790 sordes
4234 4731 4298 4788 61
4332 4722 4553 4788 661616
4585 4716 4768 4800 16661·

2869 4818 3194 4884 66166616,
3237 4804 3350 4871 6611
3394 4806 3611 4889 661166
3656 4805 3736 4870 611
3786 4809 3959 4873 vitae
4003 4809 4503 4874 sanctimoniam
4548 4815 4612 4872 et
4650 4821 4769 4889 pre·

2868 4912 3018 4958 cum
3095 4889 3546 4958 assiduitatem
3622 4893 3847 4959 datum
3927 4893 4057 4960 illis
4115 4915 4155 4960 a
4224 4893 4509 4960 Domino
4571 4892 4768 4957 fuerat.

2866 4976 3064 5042 Nulla
3137 4977 3311 5042 enim
3370 4979 3438 5043 in
3501 4978 3640 5043 Deo
3697 4988 3799 5045 est
3858 4980 4149 5046 mutatio.
4238 4978 4461 5061 Quare
4495 4979 4640 5045 licet
4675 4971 4768 5039 El·

2866 5083 3026 5129 cana
3106 5064 3308 5147 prolis
3395 5064 3848 5146 suscipiendae
3928 5068 4226 5149 capiatur
4295 5086 4536 5144 amore,
4628 5060 4769 5146 prio·

2867 5169 3134 5231 remque
3200 5170 3470 5215 uxorem
3517 5149 3768 5236 diligat,
3812 5164 4030 5216 tamen
4076 5151 4423 5218 secundam
4471 5150 4768 5217 inductam

2866 5255 3144 5302 uxorem
3211 5236 3352 5301 Deo
3424 5235 3630 5301 bonae
3693 5238 4070 5303 intentionis
4127 5246 4469 5322 praetextu
4529 5234 4769 5321 probare
