5059 6059
239 290 337 352 389
1506 287 1604 352 IN
1651 289 1704 354 1.
1752 288 1932 353 LIB.
1983 283 2382 354 SAMUEL.
2429 283 2626 351 OAP.
2677 287 2870 353 XXI.
4057 292 4189 357 390

237 497 360 543 num
409 473 519 540 ulli
577 475 852 542 inferre:
912 484 1130 541 tamen
1189 476 1649 543 abstinendum
1710 477 1888 542 omni
1951 498 2127 543 men·
2230 476 2406 541 tibus
2447 484 2514 541 et
2551 475 2921 543 bibentibus
2962 477 3041 542 ad
3083 476 3260 544 cibos
3297 478 3452 560 ipsis
3489 477 4013 563 sanctificandos,
4051 501 4180 563 quo

234 563 406 640 dacin,
445 570 514 627 et
556 562 807 627 sincere
851 583 927 628 ac
970 561 1243 628 candide
1278 583 1537 647 semper
1578 563 1936 648 agendum,
1987 585 2129 646 per-
2231 561 2355 644 ipsi
2402 562 2525 627 hac
2571 563 2837 628 Domini
2883 564 3255 646 praesentia
3308 563 3389 628 ad
3436 563 3797 647 gratiarum
3859 566 4181 633 actionem

235 652 394 715 misso
414 668 630 713 rerum
676 647 859 713 exitu
883 648 1010 712 Dei
1055 649 1498 733 providentiae
1544 671 1967 733 quaecunque
2012 670 2134 716 nos
2232 649 2442 732 magis
2486 668 2562 713 ac
2605 650 2815 733 magis
2858 660 3442 715 commoverentur.
3531 647 3749 733 Atque
3807 650 3928 716 hoc
3968 652 4181 735 ipsum

231 734 478 818 pericula
519 734 962 800 circumstent.
1025 734 1169 800 Imo
1212 735 1364 801 licet
1402 757 1575 802 mors
1619 737 1761 818 ipsa
1796 736 1876 800 ob
1912 737 2133 802 oculos
2233 755 2349 800 nos
2395 732 2588 821 divus
2611 735 2858 801 Paulus
2905 734 3109 813 docet,
3156 755 3388 818 nempe
3411 735 3562 800 licet
3605 735 3768 800 haec
3810 735 4051 802 abolita
4095 741 4182 805 sit

230 831 508 887 versetur.
2234 822 2672 898 caeremonia,
2741 841 3077 903 nunquam
3137 830 3355 885 tamen
3419 820 3654 886 debere
3704 822 3928 888 fideles
3988 823 4181 890 edere

370 906 689 989 Deinceps
731 906 1026 989 sequitur
1060 905 1385 974 Davidem
1430 907 1794 990 postulasse
1838 929 1877 972 a
1919 927 2133 973 sacer·
2235 907 2509 972 frustum
2557 906 2774 989 panis,
2846 906 2945 971 vel
3005 906 3221 971 bibere
3279 907 3435 989 quin
3493 907 3785 990 ipsorum
3844 918 4039 991 potus
4098 910 4180 975 ad

229 994 350 1059 dote
388 993 666 1076 quinque
711 1011 914 1075 panes
959 991 1083 1057 sibi
1129 993 1397 1076 suisque
1440 995 1668 1077 servis,
1726 994 2129 1059 sacerdotem
2238 992 2360 1058 Dei
2422 992 2700 1076 gloriam
2758 991 3101 1057 referatur.
3208 992 3303 1057 At
3359 992 3530 1057 dicat
3589 993 3853 1076 aliquis,
3913 994 4182 1062 Deusne

227 1092 407 1145 autem
461 1078 870 1160 respondisse
927 1098 998 1142 se
1056 1098 1188 1142 non
1250 1079 1489 1144 habere
1534 1079 1732 1146 laicos
1793 1101 1996 1162 panes
2050 1080 2128 1145 ad
2234 1099 2391 1162 ergo
2434 1080 2506 1143 in
2549 1099 2664 1143 esu
2707 1088 2928 1143 nostro
2974 1088 3042 1142 et
3084 1090 3237 1162 potu
3289 1078 3803 1163 glorificabitur?
3893 1080 4065 1160 Nae,
4127 1083 4181 1148 si

223 1185 472 1230 manum.
561 1161 644 1228 Id
703 1171 803 1228 est
846 1182 1048 1245 panes
1091 1165 1326 1246 quibus
1369 1165 1562 1231 liceat
1607 1168 1778 1231 vesci
1832 1166 2133 1231 omnibus
2233 1165 2444 1229 sobrie
2509 1183 2865 1231 vescamur.
2967 1163 3226 1228 Deinde
3283 1172 3349 1227 et
3402 1164 3493 1229 ita
3550 1166 3779 1230 testari
3834 1184 4215 1248 possumus·

222 1251 664 1315 indifferenter:
723 1248 836 1314 sed
897 1256 1155 1314 tantum
1215 1271 1449 1332 panem
1510 1262 1840 1331 sanctum,
1910 1250 1976 1315 id
2031 1263 2132 1316 est
2234 1271 2426 1333 quam
2472 1258 2742 1333 paterne
2777 1249 2959 1315 Deus
3005 1249 3085 1313 de
3130 1250 3317 1314 nobis
3360 1250 3448 1316 sit
3491 1249 3829 1331 sollicitus,
3875 1273 4070 1334 quum
4115 1267 4182 1319 et

217 1357 420 1423 panem
461 1335 928 1419 propositionis
971 1335 1083 1417 qui
1141 1336 1297 1401 solis
1341 1337 1784 1403 sacerdotibus
1837 1357 2131 1402 reserva·
2234 1338 2370 1401 esui
2415 1345 2481 1401 et
2517 1337 2699 1420 potui
2737 1345 2959 1399 nostro
2995 1334 3340 1419 praesidet,
3385 1344 3452 1400 et
3487 1335 3845 1401 bonitatem
3881 1358 4065 1403 suam
4104 1359 4181 1405 ac

219 1426 400 1500 batur,
442 1431 509 1485 et
554 1421 775 1486 adiicit
819 1422 1142 1499 sacerdos,
1190 1422 1382 1487 Modo
1425 1425 1560 1504 ipse
1603 1428 1657 1487 et
1688 1424 1877 1503 puer-i
1910 1424 2133 1489 mundi
2233 1421 2595 1504 potentiam
2653 1421 2963 1504 dignatur
3013 1441 3171 1505 erga
3229 1440 3349 1485 nos
3407 1441 3737 1498 exercere,
3801 1425 4182 1505 corporibus

211 1511 333 1588 sint,
374 1508 644 1572 maxime
687 1528 729 1572 a
763 1507 1148 1587 mulieribus,
1192 1529 1257 1573 se
1289 1510 1591 1574 daturum
1629 1508 1728 1572 illi
1750 1528 1953 1589 panes
1989 1508 2131 1575 istos
2234 1510 2477 1573 nostris
2518 1508 2913 1573 conveniens
2966 1506 3352 1571 alimentum
3397 1506 3758 1585 sufficiens,
3818 1530 3984 1592 quae
4026 1510 4181 1576 alio-

210 1593 604 1671 conoedendOS,
649 1594 752 1657 cui
798 1592 1021 1657 David
1066 1593 1429 1677 respondit,
1486 1615 1553 1660 se
1593 1613 1862 1676 suosque
1899 1613 2133 1675 pueros
2231 1593 2385 1676 quin
2422 1594 2635 1658 instar
2669 1590 3055 1657 cadaverum
3092 1592 3591 1675 collaberentur,
3630 1606 3702 1658 ut
3738 1595 4009 1660 istorum
4044 1618 4179 1661 me·

208 1701 319 1746 esse
345 1698 544 1762 puros
586 1683 642 1745 et
683 1679 1061 1744 abstinuisse
1101 1700 1143 1744 a
1185 1679 1552 1746 mulieribus
1593 1680 1729 1746 heri
1771 1686 1828 1746 et
1861 1681 2128 1745 nudius·
2232 1679 2550 1745 ditatione
2609 1678 2821 1761 magis
2877 1699 2951 1743 ac
3010 1677 3220 1762 magis
3275 1677 3357 1743 ad
3418 1680 3705 1762 agendas
3761 1679 3882 1763 ipsi
3940 1682 4186 1765 gratias

205 1766 426 1845 tertius,
503 1765 566 1829 id
627 1775 755 1842 est,
814 1763 1043 1829 diebus
1101 1765 1669 1847 praecedentibus,
1745 1788 1825 1830 ex
1889 1767 2130 1832 usitata
2233 1765 2633 1829 immortales
2679 1765 3057 1828 excitemur.
3149 1764 3254 1828 En
3298 1774 3371 1828 ut
3416 1776 3481 1828 et
3517 1763 3708 1829 hodie
3754 1765 3995 1849 legales
4031 1768 4185 1833 illae

205 1852 406 1935 phrasi
448 1850 832 1933 scripturae.
923 1850 1014 1914 Et
1059 1851 1294 1915 adiecit
1339 1863 1674 1933 praeterea
1718 1855 1925 1929 viam,
1981 1852 2130 1917 licet
2234 1852 2478 1935 figurae
2538 1870 2656 1914 nos
2713 1848 3055 1929 erudiunt,
3115 1859 3187 1914 ut
3229 1849 3300 1912 in
3347 1858 3505 1931 potu
3553 1864 3613 1914 et
3674 1873 3788 1917 esu
3836 1874 3951 1919 nos
3995 1875 4182 1919 exer·

201 1939 422 2021 polluta
456 1936 570 2019 sit,
606 1958 676 2001 se
713 1946 931 2001 tamen
971 1936 1399 2003 nihilominus
1440 1958 1637 2020 puros
1675 1947 1745 2002 et
1781 1937 1961 2002 nulla
1992 1959 2129 2003 ma·
2231 1958 2492 2003 ceamus
2537 1937 2606 2000 in
2642 1935 2773 2001 Dei
2808 1935 3061 2013 timore,
3106 1935 3651 2018 sobrietatemque
3698 1958 3772 2003 ac
3810 1946 4180 2021 temperan-

199 2024 328 2089 cula
370 2022 671 2105 pollutos.
765 2021 1160 2102 Quanquam
1206 2022 1285 2086 de
1331 2023 1605 2104 panibus
1640 2024 1918 2107 intelligi
1961 2025 2131 2088 veri·
2233 2023 2389 2088 tiam
2434 2032 2776 2101 sectemur,
2831 2028 2897 2085 et
2941 2020 3184 2086 divinis
3229 2022 3555 2087 beneficiis
3600 2023 3810 2108 magis
3856 2045 3929 2090 ac
3975 2026 4186 2108 magis

191 2109 452 2175 similius
474 2122 614 2174 est:
651 2107 1027 2191 panesillos
1049 2128 1266 2173 sacros
1289 2112 1421 2172 fore
1448 2108 1871 2175 nihilominus
1892 2130 2130 2189 sacros,
2231 2107 2310 2172 ad
2359 2108 2721 2191 gratiarum
2764 2106 3082 2172 actionem
3126 2107 3509 2172 excitemur.
3603 2106 3734 2174 Sed
3779 2130 3943 2191 quae
3990 2110 4183 2177 hodie

197 2195 432 2260 etiamsi
468 2194 897 2260 comedantur
942 2192 1023 2257 ab
1059 2194 1219 2276 ipsis
1265 2194 1378 2276 qui
1417 2216 1545 2259 non
1582 2205 1737 2261 sunt
1780 2216 1862 2260 ex
1901 2195 2131 2260 ordine
2228 2194 2601 2278 spiritualia
2643 2201 2800 2259 sunt
2819 2192 3377 2258 caeremoniarum
3402 2194 3805 2275 temporibus
3841 2197 4184 2279 oportebat

195 2281 622 2356 sacerdotum,
677 2279 854 2361 quod
899 2278 1082 2344 nulla
1126 2278 1414 2358 macula,
1476 2301 1686 2363 neque
1728 2282 1867 2365 ipse
1920 2302 2131 2364 neque
2232 2280 2440 2364 signis
2484 2278 2871 2361 quibusdam
2920 2276 3286 2344 visibilibus
3343 2287 3409 2343 et
3454 2281 3744 2347 externis
3803 2301 4181 2363 repraesen-

198 2369 338 2434 socii
381 2366 615 2449 polluti
651 2366 804 2430 siut.
896 2363 1441 2448 Quandoquidem
1479 2387 1650 2447 ergo,
1697 2366 1928 2450 inquit,
1976 2388 2132 2448 pur·
2235 2365 2378 2431 tari.
2469 2365 2667 2430 Hanc
2725 2365 2804 2430 ob
2850 2384 3113 2430 causam
3157 2364 3227 2427 in
3273 2364 3414 2445 lege
3456 2384 3661 2448 panes
3701 2368 3765 2432 in
3814 2369 4183 2435 sanctuario

192 2455 318 2538 gati
361 2473 615 2530 sumus,
676 2471 878 2532 panes
923 2452 1032 2532 qui
1079 2472 1114 2514 e
1159 2449 1427 2515 Domini
1472 2454 1839 2533 praesentia
1889 2452 2127 2518 sublati
2235 2452 2765 2535 proponebantur
2809 2448 2891 2514 ad
2935 2448 3064 2513 Dei
3109 2450 3549 2532 praesentiam
3597 2452 4068 2518 denotandam:
4116 2470 4184 2519 et

188 2552 347 2618 sunt,
407 2560 545 2603 non
594 2536 1001 2621 polluentur:
1061 2534 1128 2600 id
1187 2549 1285 2601 est
1329 2538 1721 2603 sacrificium
1787 2559 1918 2603 non
1982 2538 2128 2603 ideo
2234 2537 2316 2602 ad
2361 2536 2653 2621 singulos
2692 2535 3049 2600 monendos
3094 2544 3167 2599 ut
3210 2536 3386 2600 domi
3444 2537 3663 2603 cibum
3708 2551 4040 2606 sumentes
4084 2562 4186 2606 co-

189 2625 651 2708 profanabitur.
754 2622 940 2687 Tunc
985 2622 1187 2705 igitur
1243 2623 1367 2704 ipsi
1412 2624 1770 2705 sociisque,
1830 2624 2130 2690 sacerdos
2234 2623 2525 2706 gitarent
2581 2643 2652 2687 se
2697 2643 2735 2685 a
2783 2620 2924 2685 Deo
2969 2620 3177 2686 veluti
3235 2622 3314 2687 ad
3363 2642 3655 2688 mensam
3716 2625 4018 2703 invitari,
4079 2627 4182 2690 cui
4226 2682 4245 2697 Ι

187 2733 379 2794 panes
423 2709 542 2792 qui
600 2710 862 2775 fuerant
905 2709 972 2772 in
1018 2710 1423 2786 sanctuario,
1485 2726 1551 2773 et
1607 2711 1672 2773 in
1734 2710 2127 2775 oblationem
2233 2710 2513 2793 ipsemet
2557 2707 2709 2772 licet
2750 2708 2992 2771 mensis
3038 2708 3280 2772 nostris
3325 2728 3486 2788 opus
3533 2730 3660 2773 non
3706 2710 3947 2776 habeat
3985 2711 4186 2776 vellet

188 2819 430 2863 sacram
471 2795 620 2860 Deo
666 2792 881 2870 dicati,
929 2792 1214 2857 tradidit.
1306 2794 1498 2874 Quod
1538 2794 1620 2858 ad
1659 2816 1860 2878 panes
1906 2810 2127 2860 autem
2178 2810 2184 2895 Ι
2237 2810 2410 2861 tame
2467 2792 2871 2875 praesidere,
2942 2796 3293 2874 curamque
3359 2806 3423 2856 et
3481 2795 3769 2861 studium
3839 2807 4184 2880 paternum

184 2883 319 2950 illos
365 2880 832 2964 propositionis
877 2879 1143 2955 attinet,
1205 2880 1614 2945 observanda
1657 2881 1883 2963 paucis
1934 2902 2131 2955 causa
2177 2904 2184 2983 1
2235 2901 2392 2963 erga
2425 2880 2694 2945 edentes
2717 2887 2784 2941 et
2829 2878 3122 2943 bibentes
3158 2880 3524 2943 testificari:
3572 2880 3742 2963 quod
3773 2884 3953 2965 quasi
3983 2904 4182 2948 manu

183 2990 289 3034 cur
335 2969 531 3034 Deus
576 2966 932 3032 sanctuarii
975 2985 1269 3029 mensem
1319 2966 1595 3048 panibus
1642 2967 1772 3032 illis
1817 2976 2130 3050 perpetuo
2237 2966 2499 3051 propria
2554 2985 2679 3029 non
2727 2975 2986 3028 tantum
3045 2983 3245 3046 panes
3291 2963 3739 3045 distribueret,
3799 2966 3912 3033 sed
3974 2968 4185 3034 instar

183 3055 460 3120 voluerit
497 3052 778 3118 onerari.
860 3049 1030 3115 Nam
1069 3049 1420 3116 absurdum
1445 3062 1510 3116 et
1547 3052 1891 3118 ridiculum
1918 3054 2132 3135 prima
2236 3051 2500 3119 sedulae
2546 3050 2819 3116 nutricis
2863 3048 3078 3115 cibum
3122 3048 3193 3113 in
3221 3070 3294 3115 os
3338 3052 3686 3133 ingereret.
3774 3053 3994 3118 Huius
4019 3054 4184 3117 ritus

180 3142 385 3205 fronte
435 3138 793 3214 videretur,
839 3137 1055 3201 Deum
1101 3137 1307 3200 sterni
1344 3138 1465 3203 sibi
1513 3159 1802 3203 mensam
1830 3138 2132 3219 voluisse,
2237 3138 2514 3222 vestigia
2579 3135 2897 3219 quaedam
2958 3135 3029 3199 in
3086 3135 3496 3200 ethnicorum
3577 3138 3776 3203 sacris
3842 3149 4181 3223 apparent,

178 3238 236 3291 et
276 3228 349 3292 in
394 3224 738 3306 argenteis
782 3222 1021 3305 patinis
1066 3243 1309 3305 magno
1368 3236 1684 3306 apparatu
1730 3244 1933 3306 panes
1985 3225 2132 3290 illos
2235 3225 2305 3288 in
2344 3223 2582 3306 quibus
2624 3241 2865 3304 magna
2898 3220 3179 3302 quadam
3225 3221 3539 3305 religione
3576 3225 3882 3289 convivia
3924 3247 4043 3289 sua
4079 3246 4182 3291 ce-

174 3313 415 3395 offerri,
467 3321 538 3376 et
583 3311 654 3374 in
699 3309 1070 3391 praesentia
1104 3329 1222 3372 sua
1267 3311 1581 3390 repositos
1618 3331 1901 3384 manere,
1946 3309 2132 3393 quasi
2237 3309 2598 3376 lebrabant.
2689 3308 2787 3372 Ac
2831 3305 2983 3371 licet
3029 3306 3411 3389 plerumque
3447 3307 3973 3391 intemperantia,
4022 3310 4183 3376 luxu

175 3418 250 3462 ex
291 3398 426 3465 illis
465 3396 693 3463 cibum
730 3402 1114 3476 sumpturus
1152 3393 1501 3460 videretur.
1593 3394 2007 3460 Videbantur
2041 3397 2133 3461 ita
2237 3406 2301 3460 et
2350 3395 2664 3460 ebrietate
2710 3392 3117 3469 diffluerent,
3164 3414 3494 3475 nunquam
3542 3406 3764 3459 tamen
3808 3396 3992 3462 Deus
4037 3417 4185 3480 per-

169 3483 399 3549 Iudaei
435 3482 748 3564 suspensi
784 3502 859 3546 ac
884 3479 1064 3544 dubii
1103 3481 1330 3558 teneri,
1370 3483 1553 3562 quasi
1579 3482 1761 3546 Deus
1798 3503 1927 3546 non
1966 3492 2132 3547 esset
2237 3482 2415 3546 misit
2458 3478 2639 3545 illam
2684 3479 3142 3562 cogitationem
3189 3499 3268 3544 ex
3318 3479 3657 3544 hominum
3694 3481 4024 3548 mentibus
4072 3483 4184 3548 ob-

171 3584 447 3634 naturae
511 3567 897 3651 spiritualis.
989 3563 1118 3631 Sed
1163 3565 1284 3641 ,hic
1346 3567 1754 3633 observanda
1811 3568 2133 3651 generalis
2236 3567 2503 3637 literati,
2553 3564 2711 3648 quin
2752 3585 3011 3646 semper
3049 3564 3263 3646 aliqua
3298 3566 3703 3630 caeremonia
3738 3575 3805 3632 et
3848 3568 4037 3652 signo
4075 3590 4191 3633 ex-

164 3656 418 3739 regula,
470 3674 709 3719 omnes
747 3653 894 3718 illas
929 3650 1287 3717 oblationes
1332 3674 1496 3734 quae
1532 3655 1651 3718 sub
1690 3653 1832 3735 lege
1871 3654 2130 3729 fiebant,
2238 3666 2424 3717 terno
2460 3651 2725 3715 divinae
2760 3650 3116 3714 maiestatis
3150 3651 3236 3713 sit
3272 3649 3605 3714 denotata:
3652 3652 3814 3717 adeo
3840 3665 3910 3718 ut
3934 3656 3989 3720 si
4013 3655 4184 3737 quod

165 3764 296 3806 nou
342 3742 566 3807 fuisse
610 3739 741 3803 Dei
785 3749 1083 3820 respectu
1115 3738 1333 3818 factas,
1379 3738 1493 3804 sed
1537 3739 1608 3802 in
1651 3739 1988 3803 hominum
2038 3740 2132 3803 in·

158 3827 639 3895 structionem.
727 3824 951 3905 Quare
988 3824 1040 3889 si
1080 3821 1236 3904 quid
1275 3825 1339 3888 in
1378 3824 1522 3889 istis
1558 3824 1993 3890 oblationibus
2028 3824 2134 3888 ab·

160 3913 446 3979 surdum
487 3910 689 3975 nobis
733 3909 1009 3985 videtur,
1050 3930 1168 3972 nos
1203 3910 1375 3992 ipsos
1414 3912 1802 3989 intueamur,
1847 3919 1914 3975 et
1952 3908 2137 3992 quid-

156 3997 310 4080 quid
357 3999 511 4064 illic
562 3996 810 4061 factum
854 4006 954 4061 est
999 3993 1081 4058 ob
1120 3994 1454 4060 bominum
1499 3995 1874 4061 tarditatem
1919 4006 1986 4060 et
2033 4018 2136 4060 ru·
2239 3996 2366 4061 Dei
2392 3995 2529 4059 veri
2551 3994 2986 4076 cognitionem
3014 4014 3144 4056 non
3170 3991 3502 4072 haberent,
3524 4014 3600 4059 eo
3626 4002 3841 4062 tamen
3867 3998 4076 4081 magis
4114 4020 4187 4063 ac

154 4085 438 4149 ditatam
492 4084 570 4148 in
617 4080 860 4146 divinis
903 4082 1148 4146 factum
1192 4081 1491 4147 sciamus.
1553 4082 1644 4146 Et
1687 4083 1992 4164 quoniam
2043 4083 2137 4146 ni·
2243 4079 2950 4164 magisinexcusabiles
2968 4076 3428 4144 reddebantur.
3467 4080 3564 4146 Ae
3579 4080 4187 4148 sihocinterethni-

154 4172 367 4235 mium
416 4187 658 4236 crasso
703 4179 769 4230 et
828 4166 1048 4231 hebeti
1095 4187 1322 4232 sumus
1365 4168 1648 4249 ingenie,
1693 4176 1953 4249 propter
2001 4180 2128 4232 ter·
2241 4188 2349 4234 cos
2395 4177 2459 4229 et
2503 4164 2796 4229 infideles
2842 4163 2987 4229 illos
3032 4163 3327 4243 obtinuit,
3366 4165 3576 4231 multo
3620 4168 3839 4232 minus
3884 4169 4184 4233 excusari

154 4276 384 4321 renam
439 4254 654 4320 huius
699 4252 990 4334 corporis
1037 4252 1275 4317 molem
1322 4273 1452 4334 qua
1473 4274 1704 4319 sumus
1727 4253 2135 4329 circumdati,
2242 4272 2591 4336 possumus
2637 4249 2824 4314 hodie
2873 4251 2997 4313 nisi
3042 4270 3241 4332 quum
3303 4248 3394 4313 illi
3458 4251 3579 4316 Dei
3629 4255 4061 4334 praesentiam
4114 4255 4185 4317 in

154 4359 622 4424 agnoscamus
648 4338 869 4403 Deum
911 4358 981 4403 se
1018 4337 1100 4402 ad
1143 4348 1405 4421 captum
1440 4347 1740 4404 nostrum
1785 4360 2136 4405 accommo-
2240 4337 2558 4404 conviviis
2603 4337 2740 4400 suis
2783 4338 3188 4421 agnoverint,
3239 4356 3354 4399 nos
3393 4335 3582 4401 bodie
3625 4338 3832 4402 multo
3872 4340 4077 4422 magis
4122 4354 4187 4403 et

154 4428 308 4493 dare
371 4436 450 4493 et
505 4424 840 4490 rationem
902 4445 1017 4488 nos
1061 4422 1399 4489 erudiendi
1460 4444 1593 4489 non
1655 4426 1925 4490 omnino
1982 4445 2136 4490 suae
2241 4425 2643 4489 frumentum
2704 4430 2769 4486 et
2812 4420 3128 4505 quidquid
3188 4420 3363 4485 aliud
3425 4423 3618 4487 affert
3672 4422 3867 4487 tellus
3912 4422 4055 4489 Deo
4116 4427 4183 4489 in

154 4514 412 4597 gloriae
454 4522 533 4577 et
559 4508 818 4576 iudiciis
851 4510 1350 4575 convenientem
1372 4511 1575 4593 sequi,
1614 4508 2134 4595 quandoquidem
2240 4509 2635 4577 oblationem
2681 4528 2934 4573 sacram
2980 4508 3360 4583 offeramus,
3421 4507 3489 4571 id
3534 4515 3662 4583 est,
3724 4508 3868 4575 Deo
3925 4521 4187 4594 accepta

154 4621 364 4684 isque
431 4596 533 4663 ad
583 4596 788 4678 ipsius
847 4596 1090 4679 gloriae
1149 4598 1559 4661 maiestatem
1607 4617 1949 4681 assurgere
2007 4617 2136 4661 non
2244 4596 2468 4660 omnia
2511 4594 2799 4659 feramus
2843 4592 3015 4657 bona
3041 4602 3301 4658 terrena
3343 4593 3577 4675 quibus
3624 4593 3758 4658 vita
3782 4603 4005 4662 nostra
4049 4617 4188 4662 sus·

154 4705 554 4767 possumus.
639 4683 855 4746 Panes
890 4682 1091 4764 igitur
1125 4683 1236 4747 isti
1272 4683 1783 4765 propresitionis,
1831 4694 1904 4747 ut
1938 4683 2137 4749 verbo
2243 4689 2557 4753 tentatur,
2602 4689 2670 4744 et
2712 4678 2792 4744 de
2828 4678 2961 4744 illis
3003 4680 3131 4762 ipsi
3166 4677 3414 4762 gratias
3451 4679 3851 4745 immortales
3893 4701 4185 4766 agamus.

154 4771 392 4847 licam,
448 4768 792 4835 docebant
834 4767 1013 4832 domi
1054 4765 1320 4833 edentes
1357 4789 1592 4851 panem
1637 4778 1972 4849 orportere
2016 4769 2137 4833 sibi
2243 4768 2472 4849 Neque
2508 4765 2684 4829 enim
2722 4766 2837 4831 abs
2872 4787 2942 4830 re
2979 4765 3226 4829 Paulus
3262 4764 3352 4828 ait
3387 4765 3607 4827 omnia
3643 4765 3888 4831 munda
3924 4777 3990 4831 et
4022 4788 4188 4850 pura

154 4880 210 4921 ,ιι
262 4853 693 4922 memoriam
732 4873 1035 4918 revocare
1083 4873 1283 4934 panes
1318 4853 1465 4919 illos
1510 4855 1966 4937 propositionis
2001 4855 2138 4920 Do·
2242 4874 2384 4919 esse
2429 4874 2545 4934 per
2582 4849 2775 4916 fidem
2820 4851 3197 4934 purificatis,
3246 4868 3477 4929 nempe
3515 4851 3824 4933 quoniam
3863 4853 3988 4919 cibi
4027 4875 4188 4936 quos

155 4945 330 5009 nino
380 4943 472 5006 in
521 4939 905 5006 sanctuario
965 4938 1214 5004 oblatos
1257 4948 1513 5006 sanctos
1556 4962 1726 5019 esse,
1786 4954 1860 5004 ut
1903 4951 1971 5004 et
2013 4941 2140 5022 ipsi
2243 4939 2321 5004 ad
2370 4939 2753 5003 alimentum
2801 4937 3172 5019 accipimus,
3218 4942 3284 4998 et
3319 4936 3551 5015 quibus
3592 4937 3913 5003 vescimur
3947 4941 4186 5006 sancti-

154 5029 433 5095 :dentes
504 5046 596 5091 ac
653 5023 947 5092 bibentes
997 5023 1126 5086 Dei
1187 5027 1622 5107 praesentiam
1678 5034 2137 5109 agnoscerent:
2247 5026 2424 5089 ficati
2469 5035 2644 5099 sunt,
2704 5025 3009 5105 quoniam
3071 5042 3189 5086 nos
3235 5018 3433 5085 verbo
3476 5021 3605 5086 Dei
3660 5033 3725 5087 et
3770 5026 4067 5105 precibus
4115 5048 4188 5091 ac

154 5136 211 5179 tc
259 5112 589 5197 proinde
633 5132 843 5193 neque
887 5109 1152 5174 ederent
1197 5132 1405 5193 neque
1453 5111 1745 5178 biberent
1809 5113 1950 5176 sine
2018 5111 2141 5178 hac
2242 5108 2644 5176 orationibus
2704 5108 3095 5174 sanctificati
3155 5124 3403 5172 eumue.
3497 5108 3587 5173 Et
3643 5107 3723 5171 de
3786 5113 4188 5177 caeremonia

154 5201 298 5267 idei
339 5197 798 5278 certitudine,
845 5196 1059 5261 Deum
1098 5208 1502 5279 praesentem
1548 5197 1774 5263 adesse
1795 5196 2141 5264 comeden·
2242 5195 2359 5260 illa
2403 5195 2616 5260 obiter
2659 5195 2786 5260 ista
2832 5194 3005 5258 dicta
3048 5204 3259 5258 sunto.

2182 3466 2189 3487 l

2236 3735 2692 3804 iusiurandum
2732 3736 2799 3799 in
2841 3756 3068 3799 mensa
3103 3735 3275 3799 inter
3309 3736 3797 3803 convivandum
3818 3739 4027 3819 fieret,
4063 3740 4186 3805 du-

2285 3825 2390 3888 lex
2447 3835 2619 3888 esset
2673 3820 3014 3902 obligatio:
3076 3823 3131 3885 si
3194 3822 3336 3902 quis
3381 3832 3779 3903 contractus,
3841 3846 4023 3891 sacer
4068 3827 4181 3891 ha·

2239 3847 2518 3983 geretur,
2566 3918 2872 3990 tanquam
2920 3907 2985 3970 in
3015 3906 3138 3970 Dei
3186 3907 3554 3989 praesentia
3591 3909 3831 3975 factus:
3879 3913 3992 3994 qui
4036 3912 4189 3980 licet

3667 5295 3769 5349 25·
