5059 6059
813 317 938 386 107

816 507 1069 571 nimum
1113 524 1256 569 reos
1297 524 1436 570 esse
1471 522 1683 569 coram
1711 502 1873 581 Deo,
1919 505 2144 572 nullus
2188 520 2489 592 superest
2532 528 2753 591 quaes·

816 590 984 655 11881
1049 590 1258 666 18888,
1339 610 1539 671 quare
1622 588 1802 654 Deus
1867 587 2265 660 Amalecitas
2336 593 2544 659 multa
2611 604 2758 677 post

818 688 1081 760 patrum
1129 676 1713 758 transgressionem
1761 675 2018 741 saecula
2057 690 2260 754 natos,
2311 681 2589 746 voluerit
2625 700 2756 746 una

815 782 1043 827 omnes
1103 762 1543 825 internecione
1601 761 1798 825 semel
1862 759 2096 827 delere.
2186 763 2753 844 Quemadmodum

814 868 1028 929 neque
1096 859 1161 912 et
1228 846 1308 912 de
1374 846 1741 913 Cananaeis
1808 849 2276 930 quaerendum,
2342 873 2544 933 quare
2609 853 2756 935 po'st

817 932 1333 1016 quadringentos
1389 954 1595 996 annos
1656 953 1846 1014 quam
1893 933 2268 1001 Abrabamo
2315 937 2569 1002 molesti
2616 937 2753 1002 fue·

814 1030 981 1094 rant,
1029 1038 1270 1100 poenas
1316 1018 1594 1082 luerunt.
1685 1017 1938 1103 Nempe
1976 1022 2156 1086 Deus
2201 1023 2267 1087 in
2313 1043 2515 1087 manu
2562 1025 2754 1088 sitam

815 1103 1016 1170 habet
1082 1120 1451 1187 temporum
1516 1106 2104 1187 opportunitatem:
2187 1108 2378 1173 sicuti
2465 1132 2546 1174 cx
2616 1119 2754 1173 tota

815 1191 1054 1276 passim
1118 1197 1388 1274 apparet
1443 1190 1783 1271 scriptura,
1851 1213 2013 1272 quae
2066 1191 2345 1259 subinde
2399 1194 2570 1259 diem
2616 1193 2751 1258 Do-

817 1275 996 1353 mini,
1045 1275 1212 1339 diem
1262 1276 1528 1339 Domini
1573 1277 1888 1348 inculcat:
1944 1293 2016 1342 ut
2074 1280 2374 1344 ostendat
2435 1303 2567 1345 non
2613 1300 2754 1348 esse

817 1362 889 1427 in
933 1360 1276 1426 hominum
1336 1371 1654 1442 potestate
1715 1363 1991 1443 positum
2053 1364 2257 1446 ipsius
2301 1364 2541 1432 iudicia
2580 1365 2753 1432 limi-

820 1447 994 1513 tibus
1037 1445 1431 1530 quibusdam
1477 1458 1805 1512 coercere:
1869 1457 2037 1531 quae
2082 1453 2294 1533 potius
2343 1452 2646 1516 venerari
2689 1462 2755 1516 et

820 1532 1088 1598 adorare
1134 1532 1390 1609 debent,
1422 1551 1498 1595 ac
1532 1533 1857 1615 patienter
1895 1535 2297 1600 voluntatem
2336 1536 2540 1620 ipsius
2577 1558 2752 1621 prae·

823 1619 1064 1684 stolari.
1153 1616 1397 1697 Quare,
1475 1637 1675 1700 quum
1745 1619 1960 1684 Deum
2029 1623 2292 1687 iussisse
2359 1622 2754 1689 Amalecitas

822 1725 955 1769 una
996 1704 1442 1768 internecione
1486 1703 1820 1787 profligari
1881 1704 2199 1784 audimus,
2261 1720 2330 1774 et
2383 1719 2754 1791 peccatores

822 1790 1085 1873 abipso
1130 1788 1273 1871 dici,
1333 1809 1491 1854 sane
1551 1786 1740 1852 debet
1797 1812 1929 1854 una
1986 1790 2144 1859 haec
2200 1795 2409 1858 instar
2462 1794 2755 1859 omnium

816 1895 1163 1942 causarum
1216 1896 1373 1954 8888,
1430 1895 1637 1958 88888
1697 1889 1951 1958 oportet
2015 1878 2309 1945 homines
2352 1881 2420 1945 in
2467 1881 2583 1946 illa
2629 1880 2754 1946 Dei

814 1960 1054 2026 iudicia
1121 1959 1393 2025 ulterius
1453 1961 1814 2042 inquirere:
1874 1964 2044 2044 quod
2105 1985 2181 2029 ea
2240 1965 2327 2029 sit
2382 1966 2758 2049 arrogantia

815 2048 963 2148 plus
1008 2065 1203 2129 quam
1249 2045 1584 2126 diabolica,
1629 2057 1704 2110 ut
1745 2068 1946 2130 quum
1971 2048 2157 2117 Deus
2191 2050 2522 2116 decretum
2565 2072 2754 2117 suum

814 2131 1241 2199 irrevocabile
1305 2132 1865 2215 pronuntiaverit,
1934 2135 2239 2201 mortales
2299 2134 2378 2200 de
2436 2159 2512 2203 eo
2572 2157 2756 2202 suam

816 2218 1210 2285 sententiam
1277 2217 1445 2283 ferre
1511 2214 1815 2284 audeant.
1926 2217 2103 2300 Quid
2183 2222 2391 2306 enim,
2472 2221 2756 2299 obsecre,

814 2302 1255 2390 praetexunt?
1346 2303 1607 2368 Bonum
1667 2325 1809 2369 esse
1869 2305 1936 2369 in
1995 2326 2228 2376 causas
2271 2309 2617 2391 inquirere,
2677 2308 2757 2373 ob

814 2411 976 2474 quas
1035 2388 1192 2474 quid
1249 2390 1488 2472 cuique
1541 2389 1895 2473 contingat.
1985 2390 2175 2458 Itane
2235 2414 2387 2458 vero
2448 2393 2759 2460 mortales

814 2476 1070 2542 coelum
1115 2486 1180 2542 et
1225 2484 1467 2540 terram
1512 2473 1813 2541 manibus
1856 2478 2473 2560 complecterentur:
2520 2481 2759 2547 lucem-

817 2583 948 2646 que
994 2560 1171 2625 illam
1197 2559 1320 2627 Dei
1358 2560 1871 2627 inaccessibilem
1918 2572 1982 2626 et
2025 2563 2755 2663 incomprehensibilem

818 2646 904 2713 ad
981 2668 1051 2711 88
1112 2645 1588 2712 transferrent?
1687 2646 2131 2728 Quamobrem
2197 2649 2505 2718 discenda
2570 2651 2757 2718 nobis

820 2734 1135 2801 sobrietas
1179 2744 1246 2797 et
1287 2731 1620 2812 modestia,
1669 2752 1753 2799 ne
1795 2733 1867 2798 in
1904 2755 1983 2800 ea
2016 2756 2181 2819 quae
2216 2757 2416 2819 supra
2449 2759 2568 2804 nos
2603 2746 2760 2805 sunt

813 2819 1137 2887 curiosius
1192 2818 1621 2901 inquiramus.
1715 2817 1894 2886 Sane
1956 2822 2162 2887 solem
2228 2822 2755 2907 limpidissimum

818 2915 886 2972 et
944 2903 1422 2971 lucidissimum
1480 2925 1620 2971 esse
1678 2914 1930 2971 certum
1986 2918 2117 2971 est:
2185 2906 2335 2990 quis
2402 2929 2559 2993 ergo
2628 2930 2757 2973 non

817 2999 1142 3059 amentem
1188 3010 1338 3055 eum
1382 2989 1789 3067 iudicaverit,
1845 2991 1955 3075 qui
2001 2992 2173 3075 quod
2218 2994 2500 3078 caligare
2542 2995 2758 3077 ipsum

817 3077 1030 3155 faciat,
1074 3075 1424 3141 obscurum
1469 3096 1612 3142 esse
1657 3075 1952 3142 dixerit?
2039 3081 2151 3146 An
2211 3079 2357 3146 ideo
2401 3079 2574 3163 quod
2615 3079 2757 3163 qui-

817 3163 968 3230 dam
1015 3164 1080 3226 in
1128 3161 1284 3225 solis
1328 3160 1711 3243 purissimos
1768 3162 1985 3229 radios
2044 3166 2266 3230 oculos
2320 3165 2758 3243 conficientes,

814 3251 898 3316 iis
943 3249 1037 3315 818
1073 3247 1442 3313 afficiantur
1477 3258 1549 3311 ut
1593 3249 1765 3314 ferre
1801 3259 2137 3332 aspectum
2172 3250 2377 3334 ipsius
2412 3260 2760 3336 nequeant,

817 3345 1170 3421 propterea
1234 3332 1651 3398 imbecillitas
1715 3334 1831 3398 illa
1899 3337 2208 3401 virtutem
2275 3335 2457 3403 illius
2525 3346 2761 3403 natura

819 3442 938 3488 sua
984 3420 1217 3485 888818
1261 3417 1577 3502 infringet
1620 3426 1686 3484 et
1732 3419 2140 3487 debilitabit?
2185 3423 2281 3488 At
2324 3423 2381 3488 si
2427 3430 2617 3488 tanta
2661 3423 2761 3489 vis

822 3518 924 3573 est
965 3503 1360 3571 insensibilis
1402 3514 1753 3586 creaturae,
1790 3516 1864 3571 ut
1905 3508 2148 3574 nostris
2184 3508 2391 3576 oculis
2427 3520 2760 3594 stuporem

821 3591 1091 3670 adferat,
1137 3601 1202 3655 et
1245 3590 1368 3656 cali
1419 3591 1524 3656 ine
1562 3590 1986 3676 perstringat,
2031 3594 2186 3677 quid
2232 3597 2526 3660 futurum
2572 3604 2762 3679 puta·-

821 3698 969 3742 mus
1014 3677 1072 3741 si
1117 3676 1246 3741 Dei
1307 3697 1386 3739 ve
1414 3676 1507 3740 uti
1576 3678 1937 3760 penetralia
2000 3680 2276 3760 scrutari
2342 3679 2762 3763 voluerimuS,

823 3775 900 3827 ut
957 3763 1241 3827 rationes
1298 3761 1684 3828 iudiciorum
1748 3763 1955 3845 ipsius
2055 3785 2173 3832 uas
2235 3785 2378 3832 esse
2421 3765 2609 3832 nobis
2654 3788 2761 3832 88-

822 3847 1034 3914 881188
1078 3847 1299 3928 voluit,
1354 3849 1786 3930 exploremus,
1845 3862 1912 3913 et
2108 3851 2312 3918 nostri
2357 3850 2580 3918 iudicii
2623 3871 2761 3916 mo-

822 3932 1051 3999 dulum
1111 3931 1604 4018 appendamus?
1694 3934 1919 4015 Quare
1964 3957 2096 4002 una
2140 3937 2299 4003 haec
2343 3937 2510 4001 ratio
2554 3938 2763 4003 instar

819 4021 1114 4086 omnium
1182 4029 1351 4100 esto,
1418 4017 1638 4084 Deum
1702 4021 2043 4086 iubentem
2110 4022 2335 4106 puniri
2393 4035 2763 4108 peccatores

816 4126 1083 4174 suorum
1129 4104 1515 4172 iudiciorum
1561 4127 1760 4189 penes
1806 4128 1875 4171 se
1920 4128 2149 4176 causas
2185 4108 2445 4186 habere,
2492 4109 2559 4173 in
2598 4130 2762 4192 quae

818 4192 1171 4276 inquirere,
1229 4201 1296 4255 et
1338 4190 1568 4256 iisdem
1615 4191 1873 4275 obloqui
1919 4194 2105 4259 nefas
2151 4195 2254 4260 sit.
2342 4193 2563 4259 Hodie
2608 4215 2763 4260 vero

819 4279 973 4345 licet
1031 4298 1166 4341 non
1226 4276 1462 4341 dentur
1520 4276 1885 4342 istiusmodi
1948 4278 2267 4363 speciales
2311 4280 2741 4346 revelationes

820 4365 1055 4449 quibus
1101 4363 1278 4428 hunc
1321 4362 1428 4427 vel
1473 4363 1659 4428 illum
1706 4364 1812 4428 vel
1862 4362 2029 4428 bello
2075 4365 2616 4447 persequendum,
2654 4328 2762 4432 vel

817 4449 1277 4536 castigandum
1320 4470 1461 4514 esse
1497 4448 1681 4514 Deus
1727 4448 2048 4531 ostendat,
2095 4451 2325 4535 regula
2372 4465 2589 4515 tamen
2636 4453 2760 4516 ista

822 4535 1160 4604 communi
1205 4543 1546 4599 contentos
1591 4555 1733 4600 esse
1776 4557 1897 4600 nos
1941 4547 2215 4619 oportet,
2262 4557 2495 4620 nempe
2546 4536 2758 4602 Deum

823 4623 986 4688 satis
1030 4628 1253 4704 aperte
1298 4631 1433 4685 tam
1478 4620 1549 4684 in
1595 4620 1929 4707 Decalogo
1973 4641 2164 4704 quam
2213 4630 2350 4687 toto
2395 4623 2598 4688 verbo
2643 4644 2760 4689 suo

822 4708 1065 4792 passim
1114 4704 1496 4781 declarasse,
1542 4704 1905 4787 puniendos
1947 4718 2342 4790 peccatores,
2402 4721 2469 4773 et
2509 4707 2761 4774 facino-

821 4814 1003 4860 rosos
1061 4813 1098 4859 e
1162 4791 1377 4858 medio
1443 4791 1778 4871 tollendos,
1846 4814 2057 4874 neque
2113 4791 2243 4858 illis
2308 4792 2442 4858 ulla
2505 4794 2761 4858 ratione

820 4879 1254 4962 parcendum:
1317 4888 1382 4943 et
1442 4877 1809 4943 revocanda
1850 4879 1922 4942 in
1968 4880 2343 4945 memoriam
2393 4877 2762 4946 Solomonis

822 4965 936 5030 illa
991 4963 1351 5030 sententia:
1411 4962 1587 5029 Eum
1646 4965 1755 5048 qui
1813 4963 2127 5029 iustificat
2184 4964 2478 5047 impium,
2538 4973 2605 5029 et
2648 4964 2761 5048 qui

826 5048 1095 5115 damnat
1135 5049 1405 5128 iustum,
1443 5059 1794 5134 utrumque
1830 5070 1970 5115 8888
2005 5048 2503 5115 abominabilem
2542 5070 2759 5117 coram

825 5133 991 5199 Deo.
1078 5135 1255 5204 Sane
1301 5135 1647 5202 fatebimur
1690 5156 1937 5219 omnes,
1982 5135 2036 5201 si
2081 5137 2226 5217 quis
2268 5136 2492 5202 insons
2536 5136 2762 5218 punia-

823 5228 954 5300 tur,
1015 5221 1466 5287 crudelitatem
1526 5229 1597 5286 et
1653 5222 1994 5290 saevitiam
2038 5221 2319 5288 nimium
2364 5217 2758 5288 insolentem

2485 316 2889 388 HOMILIA
2939 316 3127 384 LIII.

4664 317 4769 390 1oe

2860 504 3156 571 admitti:
3215 502 3326 568 sed
3385 523 3517 570 non
3574 525 3833 589 semper
3874 507 4395 574 existimabimus
4436 517 4779 590 peccatum,

2858 592 2911 656 si
2941 591 3086 674 quis
3110 590 3351 676 impius
3396 603 3461 652 et
3504 589 3877 658 incredulus
3923 593 4183 659 tollatur
4227 608 4342 659 aut
4384 592 4779 662 iustificetur.

2859 678 3082 760 Atqui,
3126 677 3340 758 inquit
3384 673 3714 752 Solomon,
3775 678 3996 742 eodem
4061 681 4322 762 utrique
4376 678 4656 746 crimine
4696 679 4779 744 rei

2861 777 3186 828 tenentur.
3259 761 3428 827 Nam
3474 762 3623 825 alibi
3665 761 3821 828 dicit-
3845 764 4166 829 Dominus
4210 787 4326 848 per
4364 765 4780 849 prophetam:

2859 847 3002 914 Vae
3046 847 3295 912 homini
3343 848 3452 930 qui
3491 846 3647 912 dicit
3684 849 3925 914 malum
3965 871 4105 915 esse
4144 851 4403 931 bonum,
4450 862 4519 917 et
4552 848 4785 916 bonum

2857 934 3127 999 malum.
3194 929 3374 1000 Sane
3409 947 3836 1016 utrorumque
3907 956 3979 1000 ar
4015 947 4114 1001 est
4149 937 4477 1004 iudicium.
4552 935 4788 1017 Quem·

2859 1018 3205 1085 admodum
3269 1020 3442 1083 enim
3500 1019 3745 1083 malum
3804 1043 3841 1083 o
3890 1021 4016 1087 isse
4070 1021 4400 1103 debemus,
4463 1036 4532 1086 et
4590 1044 4704 1088 888
4754 1043 4789 1090 a

2857 1103 3091 1189 quibus
3135 1105 3535 1170 admittitur:
3587 1106 3681 1168 sic
3724 1107 3917 1171 etiam
3965 1107 4131 1174 scire
4174 1107 4393 1174 Deum
4438 1129 4656 1191 neque
4702 1125 4787 1176 to-

2857 1191 3236 1270 leraturum,
3283 1210 3491 1273 neque
3537 1191 3892 1273 impunitos
3937 1193 4314 1260 relicturum
4361 1216 4474 1260 eos
4509 1196 4627 1277 qui
4674 1193 4789 1262 im·

2857 1278 2999 1361 pios
3058 1276 3453 1341 iustificant:
3513 1288 3581 1338 et
3637 1280 4018 1359 praesertim
4083 1279 4163 1343 ab
4216 1281 4294 1344 iis
4349 1281 4461 1362 qui
4522 1280 4656 1346 iuri
4705 1278 4792 1344 di·

2856 1362 3068 1429 cundo
3114 1362 3420 1443 praefecti
3466 1376 3619 1426 sunt
3679 1362 3994 1427 rationem
4057 1367 4512 1446 repetiturum,
4570 1367 4630 1430 si
4680 1367 4793 1432 im·

2856 1449 2998 1531 pios
3043 1448 3462 1512 toleraverint
3522 1461 3584 1511 et
3641 1447 3741 1513 ius
3798 1453 4250 1534 perverterint,
4308 1471 4521 1534 neque
4569 1472 4793 1535 paesu-

2858 1556 3002 1600 rum
3049 1545 3123 1598 ut
3163 1532 3348 1598 sedes
3392 1532 3508 1598 illa
3550 1533 3629 1598 ad
3676 1554 3867 1617 quam
3906 1536 4081 1617 ipsos
4114 1538 4336 1604 evexit
4370 1537 4461 1601 ita
4499 1537 4799 1602 foedetur

2859 1620 3210 1696 iniustitia,
3275 1617 3425 1685 licet
3490 1639 3630 1682 eam
3702 1618 3997 1686 homines
4063 1621 4512 1690 dissimulent:
4595 1635 4673 1688 et
4736 1631 4804 1688 ut

2904 1704 3077 1770 ladio
3138 1703 3493 1770 abutantur
3553 1724 3746 1787 quem
3806 1705 3966 1787 ipsis
4011 1707 4091 1774 ad
4137 1709 4343 1774 malos
4386 1707 4804 1784 coercendos,

2859 1727 3069 1858 {onos
3116 1801 3332 1854 autem
3380 1790 3710 1870 tutandos,
3758 1792 4102 1868 commisit,
4145 1807 4212 1860 81
4258 1794 4631 1877 legatorum
4672 1815 4807 1862 suo·

2861 1898 3004 1942 rum
3055 1876 3230 1942 vices
3277 1876 3398 1940 hac
3440 1876 3510 1940 in
3556 1890 3741 1960 parte
3785 1879 4108 1946 sustinere
4155 1879 4379 1946 voluit.

3028 1961 3119 2026 Et
3164 1962 3244 2026 de
3285 1961 3426 2027 istis
3472 1961 3819 2027 hactenus:
3874 1984 4227 2049 pergamus
4284 1965 4364 2029 ad
4409 1964 4651 2032 Saulis
4697 1988 4806 2032 ex-

2857 2047 3245 2125 cusationes,
3281 2059 3349 2111 81
3382 2048 3707 2113 8888118118
3743 2048 3992 2115 artibus
4026 2049 4109 2115 iis
4144 2052 4251 2134 qui
4289 2051 4523 2118 cedere
4558 2050 4809 2120 nolunt

2858 2144 3149 2199 utentem
3231 2153 3381 2198 eum
3461 2131 3821 2200 audiamus.
3932 2134 4072 2202 Iam
4153 2150 4344 2204 antea
4420 2135 4812 2206 deteximus

2858 2219 3063 2302 ipsius
3107 2218 3502 2302 hypocrisin,
3551 2239 3748 2302 quum
3796 2220 3862 2286 in
3910 2221 4219 2304 populum
4265 2223 4490 2290 reiecit
4532 2223 4809 2308 culpam

2859 2326 2987 2390 qua
3045 2305 3185 2387 ipse
3241 2300 3599 2369 tenebatur.
3690 2304 3955 2373 Sciebat
4010 2310 4184 2372 enim
4247 2306 4518 2375 Samuel
4586 2312 4811 2392 ipsum

2860 2411 3004 2457 esse
3063 2410 3247 2455 reum
3308 2390 3444 2454 eius
3500 2391 3686 2456 cuius
3730 2390 4039 2476 populum
4087 2394 4444 2459 accusabat.
4536 2394 4813 2460 Nihilo-

2861 2477 3081 2541 minus
3124 2486 3342 2541 tamen
3387 2474 3698 2560 populum
3745 2487 4054 2561 tanquam
4101 2491 4444 2563 patronum
4496 2480 4813 2560 advocat,

2863 2582 2993 2645 qua
3035 2560 3104 2625 in
3151 2581 3222 2624 re
3266 2581 3338 2625 se
3385 2559 3653 2627 mirifice
3692 2583 3932 2628 vanum
3972 2575 4041 2629 et
4074 2564 4451 2632 mendacem
4486 2565 4817 2648 ostendit,

2861 2648 2972 2730 qui
3015 2645 3239 2711 Deum
3291 2646 3532 2712 infanti
3590 2647 3869 2712 similem
3925 2649 4273 2728 existimet,
4333 2650 4490 2718 dum
4550 2651 4815 2720 factum

2861 2735 2957 2799 ita
2998 2732 3222 2798 fucare
3283 2730 3535 2809 nititur,
3594 2734 3778 2816 quasi
3839 2733 4008 2800 nihil
4051 2738 4120 2801 in
4163 2756 4240 2803 88
4285 2737 4371 2802 811
4410 2749 4815 2824 perspectu·

2864 2840 2997 2884 rus.
3087 2816 3218 2884 Sed
3264 2816 3458 2902 longe
3500 2839 3570 2883 se
3612 2819 4153 2903 impudentiorem
4194 2822 4439 2908 prodit,
4484 2833 4558 2888 et
4600 2824 4819 2908 hypo-

2864 2903 3060 2970 crisin
3128 2904 3311 2986 tegit,
3370 2925 3568 2987 quum
3634 2905 3755 2969 ait:
3823 2903 4098 2991 Implevi
4169 2911 4440 2976 verbum
4502 2907 4819 2976 Domini.

2863 2989 3032 3056 Nam
3089 2989 3183 3053 ita
3241 2988 3597 3074 prophetae
3656 2989 4065 3058 mendacium
4112 2993 4434 3079 impingit.
4526 2994 4680 3062 lue
4724 3007 4817 3062 ta·

2862 3096 3012 3141 men
3074 3094 3294 3158 regem
3355 3075 3882 3156 Amalecitarum,
3946 3078 4056 3143 ille
4106 3141 4115 3148 ,
4168 3100 4352 3166 reges
4412 3081 4691 3160 ovium,
4759 3093 4821 3147 et

2863 3168 3161 3227 armenta
3204 3161 3399 3226 boum
3456 3172 3845 3241 reservarat,
3906 3173 3973 3229 et
4027 3101 4234 3248 opilia
4289 3187 4363 3248 ce
4450 3178 4583 3234 rat.
4690 3165 4823 3235 Sed

2910 3245 3183 3330 ropheta
3225 3248 3388 3311 satis
3430 3249 3826 3313 monstravit
3879 3270 3949 3314 88
4008 3249 4088 3315 (18
4132 3272 4249 3318 sno
4292 3252 4359 3318 81
4410 3251 4459 3317 11
4508 3251 4820 3320 adferre:

2863 3268 2987 3398 bei
3035 3343 3293 3397 tantum
3336 3353 3407 3397 se
3465 3335 3773 3399 nuncium
3831 3356 3992 3416 esse,
4051 3335 4131 3400 ad
4189 3336 4590 3421 perferenda
4659 3360 4827 3425 quac

2866 3419 3198 3503 superiore
3242 3427 3430 3483 88818
3519 3441 3590 3483 81
3632 3418 4096 3487 revelationem
4118 3423 4425 3492 mandata
4465 3424 4553 3489 ad
4599 3427 4825 3511 ipsum

2864 3514 3227 3588 acceperat.
3317 3501 3456 3568 Sau
3543 3506 3761 3589 itaque
3820 3526 3948 3571 non
3995 3517 4247 3574 tantum
4293 3510 4360 3582 in
4404 3512 4825 3595 prophetam

2866 3589 3285 3674 arrogantius
3328 3585 3703 3669 insurrexit,
3769 3591 3881 3658 sed
3941 3595 4006 3656 in
4066 3595 4277 3679 ipsum
4323 3594 4577 3676 Deum,
4633 3599 4825 3682 quasi

2864 3675 3280 3748 mendacium
3326 3674 3418 3740 illi
3466 3676 3806 3762 impingat.
3892 3677 4002 3744 En
4047 3700 4174 3762 quo
4219 3682 4550 3747 amentiae
4608 3685 4825 3752 homi·

2865 3784 2982 3828 nes
3027 3761 3398 3840 deveniant,
3443 3783 3645 3845 quum
3693 3764 3757 3828 in
3797 3765 4082 3848 peccatis
4125 3766 4619 3847 occalluerant,
4668 3771 4827 3837 Dei·

2863 3869 2987 3932 que
3041 3846 3324 3911 tribunal
3382 3847 3737 3932 refugiunt.
3825 3850 3993 3916 Nam
4050 3872 4121 3918 se
4164 3854 4232 3917 in
4278 3874 4509 3920 omnes
4556 3855 4827 3923 formas

2865 3943 3150 4011 vertunt,
3209 3945 3273 3996 et
3330 3933 3545 4018 longis
3600 3935 3979 4019 ambagibus
4037 3957 4266 4004 verum
4312 3938 4479 4004 falso
4523 3944 4824 4010 confun-

2866 4018 3017 4085 dere
3061 4020 3388 4097 nituntur,
3454 4028 3522 4084 et
3573 4021 3878 4086 inanibus
3932 4025 4464 4090 excusationibus
4508 4046 4681 4095 sese
4728 4039 4823 4096 tu·

2866 4117 3108 4171 tantur.
3211 4103 3439 4187 Neque
3499 4128 3673 4187 vero,
3731 4108 4015 4191 inquam,
4073 4121 4295 4193 aperte
4348 4109 4498 4177 Deo
4562 4114 4826 4180 bellum

2863 4192 3182 4269 indicunt,
3228 4211 3438 4272 neque
3484 4191 3797 4257 adversus
3837 4194 4053 4276 ipsum
4090 4197 4467 4278 petulanter
4501 4200 4831 4266 insiliunt

2863 4289 3165 4360 repente:
3246 4276 3358 4341 sed
3427 4275 3534 4341 ubi
3601 4276 3682 4341 ad
3750 4290 4010 4363 tempus
4075 4302 4279 4347 vanas
4342 4286 4829 4354 excusationes

2864 4362 3348 4447 quaesiverunt,
3393 4364 3447 4426 si
3494 4362 3797 4447 deinceps
3841 4366 4422 4448 reprehendantur,
4471 4373 4823 4440 occultum

2863 4469 3189 4514 venenum
3235 4446 3544 4532 produnt,
3594 4464 3661 4514 et
3702 4449 3875 4534 quod
3921 4451 4103 4519 intus
4143 4451 4387 4519 latebat
4434 4455 4643 4524 virus
4693 4461 4825 4526 eia-

2862 4533 3188 4612 culantur,
3249 4545 3325 4597 ut
3382 4534 3483 4598 vel
3529 4534 3743 4600 Deum
3803 4533 4015 4620 ipsum
4073 4538 4360 4604 audeant
4414 4561 4823 4623 provoca-a.

2862 4621 2951 4685 Et
2974 4619 3327 4703 sequidem
3371 4619 3559 4687 illum
3604 4621 3831 4687 multis
3873 4623 4087 4690 colere
4128 4626 4561 4692 caeremoniis
4606 4633 4823 4697 simu·

2863 4706 3022 4784 lant,
3090 4703 3202 4772 sed
3259 4705 3531 4784 iudicem
3593 4707 3763 4772 ferre
3820 4709 4070 4787 nolunt,
4129 4711 4185 4775 si
4244 4710 4325 4776 ad
4384 4733 4655 4795 poenas
4718 4739 4825 4782 88-

2863 4792 3132 4858 mendas
3176 4802 3515 4878 properat3
3573 4794 3729 4876 quin
3789 4796 4002 4877 potius
4045 4794 4124 4859 de
4168 4796 4332 4862 solio
4375 4798 4607 4880 ipsum
4658 4803 4825 4869 deii-

2861 4900 3008 4943 cere
3054 4875 3320 4945 vellent.
3412 4877 3559 4944 Non
3603 4878 3795 4946 aliter
3840 4882 3947 4947 hic
3991 4903 4061 4947 88
4105 4879 4271 4950 Saul
4315 4904 4474 4968 erga
4511 4890 4819 4973 prophe-

2862 4976 2994 5032 tam
3040 4963 3260 5049 gessit.
3330 4963 3557 5050 Neque
3599 4964 3665 5030 id
3710 4966 3950 5032 mirum
3997 4967 4204 5033 videri
4248 4967 4459 5048 debet,
4504 4973 4823 5054 quando-

2861 5050 3125 5132 quidem
3170 5071 3316 5115 eum
3365 5071 3509 5115 esse
3567 5050 3905 5118 hominum
3966 5072 4215 5122 morem
4276 5054 4679 5138 quotidiana
4724 5061 4823 5126 ni·

2860 5136 3087 5214 mium,
3129 5135 3299 5220 proh
3344 5133 3564 5201 dolor!
3624 5136 3812 5204 docet
3853 5139 4274 5224 experientia.
4341 5140 4513 5207 Nam
4555 5147 4695 5228 qui
4743 5144 4819 5212 ad

2861 5231 3121 5306 tempus
3163 5244 3232 5288 se
3277 5220 3470 5290 valde
3511 5221 3847 5310 religiosos
3891 5245 4029 5292 esse
4068 5225 4489 5310 simularunt,
4529 5229 4589 5294 si
4644 5227 4823 5319 lapsi
