5059 6059
849 322 979 388 415

852 511 1087 597 quibus
1151 511 1235 576 ab
1302 512 1529 577 eodem
1597 512 2001 577 divellamur.
2090 511 2300 577 Porro
2370 531 2485 577 nos
2543 517 2796 594 oportet

855 620 1061 683 quum
1120 599 1202 664 ab
1246 598 1587 664 Christum
1626 598 2025 680 venerimus,
2086 596 2168 661 ab
2213 598 2355 680 ipso
2414 597 2496 662 ad
2543 611 2791 680 patrem

856 684 1126 751 adduci:
1195 695 1262 749 et
1305 684 1461 749 huic
1528 684 1704 749 vitae
1770 683 1936 747 fonti
2002 684 2096 749 sic
2162 685 2352 762 uniri,
2421 695 2492 747 ut
2539 704 2610 747 re
2653 683 2796 765 ipsa

855 780 1256 853 compertum
1301 769 1657 835 habeamus
1702 768 1917 833 Deum
1970 769 2076 834 his
2133 771 2336 852 signis
2381 769 2549 833 nihil
2593 769 2795 853 signi·

853 860 1079 923 ficasse
1144 855 1312 938 quod
1379 876 1512 919 non
1581 857 1666 920 sit
1728 876 1799 919 re
1857 857 1998 938 ipsa
2056 857 2320 920 tandem
2383 855 2793 937 impleturus.

854 944 1040 1025 Quae
1106 942 1161 1006 si
1230 941 1898 1024 nobis'contigerint,
1966 952 2105 1005 tum
2174 950 2370 1005 erunt
2434 943 2623 1024 signa
2682 940 2796 1004 illa

852 1027 1220 1095 certissima
1264 1027 1530 1092 divinae
1574 1026 1884 1092 bonitatis
1929 1047 2087 1109 erga
2129 1048 2247 1092 nos
2293 1027 2684 1102 testimonia,
2730 1034 2797 1088 et

853 1115 1167 1180 virtutem
1213 1113 1351 1178 eius
1396 1115 1809 1196 experiemur
1865 1133 1940 1177 ac
1999 1113 2449 1195 percipiemus,
2525 1123 2599 1176 ut
2656 1113 2797 1175 istis

852 1215 1169 1283 tanquam
1224 1199 1537 1284 gradibus
1582 1199 1725 1263 Deo
1771 1199 1893 1280 ipsi
1953 1198 2389 1282 coniungendi
2441 1198 2795 1280 erigamur.

856 1285 968 1353 Sic
1012 1306 1204 1367 saepe
1247 1287 1319 1349 in
1363 1285 1587 1362 sacris,
1634 1306 1709 1351 ac
1743 1285 2127 1368 praesertim
2167 1287 2237 1348 in
2264 1284 2566 1362 Psalmis,
2613 1283 2798 1346 Deus

856 1373 1094 1437 dicitur
1158 1372 1331 1436 inter
1390 1371 1803 1436 Cherubinos
1869 1370 2126 1448 sedere,
2195 1370 2307 1453 qui
2373 1370 2573 1434 etiam
2638 1369 2799 1432 alias

857 1478 1075 1524 arcam
1123 1459 1259 1522 suis
1301 1458 1422 1522 alis
1467 1457 1710 1521 texisse
1756 1455 2083 1521 dicuntur.
2172 1461 2392 1537 Atque
2437 1452 2797 1519 Cherubini

855 1545 955 1609 illi
991 1541 1260 1626 angelos
1285 1543 1546 1625 quidem
1584 1543 1969 1622 referebant,
2006 1541 2117 1606 sed
2155 1563 2354 1624 supra
2389 1561 2578 1606 arcae
2618 1560 2801 1622 oper-

855 1631 1077 1698 culum
1136 1629 1433 1694 collocati
1492 1649 1634 1693 sese
1691 1630 1973 1693 invicem
2033 1628 2154 1692 alis
2214 1628 2523 1710 expansis
2582 1627 2800 1691 intue-

855 1718 1111 1794 bantur,
1157 1714 1239 1780 ad
1284 1713 1745 1780 declarandum
1792 1714 2007 1778 Deum
2051 1714 2140 1778 ibi
2184 1735 2333 1780 cum
2379 1733 2498 1778 sua
2556 1713 2801 1776 virtute

857 1811 1265 1887 praesentem
1310 1800 1555 1865 adesse.
1625 1799 1802 1865 Sunt
1844 1800 2018 1864 enim
2064 1799 2277 1884 angeli
2326 1798 2452 1863 Dei
2493 1798 2798 1876 ministri,

855 1889 939 1953 ad
986 1901 1278 1953 nostram
1326 1885 1800 1969 procurandam
1844 1886 2141 1964 salutem,
2187 1894 2254 1950 et
2291 1885 2415 1950 Dei
2460 1884 2649 1948 nobis
2694 1884 2798 1949 be·

853 1975 1090 2040 neficia
1156 1972 1624 2050 distribuenda,
1692 1972 1885 2036 sicuti
1947 1980 2084 2036 tota
2150 1972 2386 2037 clamat
2452 1971 2796 2052 scriptura.

856 2061 1041 2125 Deus
1122 2060 1323 2141 igitur
1402 2058 1548 2122 istis
1621 2058 1889 2123 vocibus
1955 2057 2463 2139 promissionum
2527 2076 2797 2119 suarum

854 2148 1172 2211 virtutem
1219 2142 1567 2226 praedicat,
1620 2150 1696 2208 ut
1740 2164 1810 2209 se
1854 2163 1983 2206 non
2027 2142 2240 2208 fustra
2283 2142 2457 2207 hunc
2502 2141 2797 2206 ordinem

855 2234 924 2296 in
968 2230 1210 2315 populo
1256 2251 1376 2294 suo
1424 2229 1785 2293 instituisse
1831 2227 2084 2294 doceat:
2130 2227 2244 2295 sed
2288 2230 2383 2292 ita
2427 2237 2670 2306 tamen,
2716 2248 2797 2291 ne

856 2319 929 2383 in
975 2317 1390 2381 ethnicorum
1435 2315 1972 2399 superstitionem
2014 2315 2363 2394 ferrentur,
2408 2314 2520 2395 qui
2558 2312 2799 2378 multas

857 2402 1344 2485 superstitiosas
1369 2402 1774 2483 praesentiae
1798 2400 2062 2465 divinae
2099 2399 2466 2468 evocandas
2511 2400 2798 2463 rationes

857 2497 1047 2552 erant
1090 2487 1462 2552 commenti.
1531 2487 1830 2569 Namque
1872 2486 2179 2551 omnibus
2225 2487 2347 2551 hoc
2382 2506 2640 2568 semper
2675 2484 2798 2548 fuit

857 2573 1148 2639 studium
1213 2572 1487 2656 populis,
1546 2572 1725 2637 Deos
1780 2573 1849 2637 in
1906 2593 2061 2638 suas
2118 2582 2341 2656 partes
2400 2569 2793 2654 pelliciendi,

859 2660 1094 2741 quibus
1140 2657 1586 2723 defensoribus
1631 2679 1706 2723 ac
1751 2657 2221 2740 protectoribus
2257 2666 2637 2722 uterentur:
2682 2653 2796 2720 sed

859 2744 986 2809 Dei
1040 2744 1477 2827 praesentiam
1522 2742 1747 2808 multis
1793 2743 2027 2809 deinde
2074 2743 2364 2809 ridiculis
2408 2742 2795 2807 commentis

857 2836 1233 2896 evocarunt.
1322 2831 1416 2894 At
1478 2829 1547 2893 in
1612 2828 1757 2913 lege
1824 2828 2048 2896 divina
2114 2829 2267 2894 ferri
2315 2827 2499 2893 Deus
2560 2827 2795 2892 dicitur

857 2937 1054 2999 super
1111 2914 1490 2993 Cherubim,
1550 2925 1624 2979 ut
1681 2916 1990 2981 certiores
2048 2918 2284 2979 fierent
2325 2914 2666 2980 Israelitae
2716 2913 2795 2977 de

858 3001 1232 3085 praesentia
1275 3000 1501 3065 divina
1543 3008 1610 3066 et
1651 3011 1830 3067 certa
1873 3000 2311 3079 exauditione,
2357 3001 2412 3065 si
2456 2997 2541 3063 ad
2578 3019 2793 3063 arcam

858 3086 1135 3153 foederis
1200 3094 1657 3170 precarentur,
1738 3087 1810 3150 in
1893 3107 2021 3170 qua
2098 3107 2285 3152 suam
2357 3087 2794 3170 praesentiam

858 3173 1188 3239 Dominus
1234 3172 1679 3255 pollicebatur,
1745 3172 1939 3237 modo
1983 3193 2068 3237 ne
2110 3172 2235 3238 hoc
2278 3172 2467 3256 signo
2522 3181 2796 3235 externo

858 3258 1308 3336 abuterentur,
1367 3256 1480 3324 sed
1536 3256 1667 3323 fide
1711 3256 1794 3322 ad
1836 3259 2052 3341 ipsum
2098 3259 2317 3323 Deum
2361 3265 2800 3341 assurgerent,

858 3346 912 3409 si
1009 3345 1065 3410 is
1111 3341 1477 3409 visibilibus
1519 3353 1585 3407 et
1629 3345 1918 3409 externis
1971 3354 2284 3427 tanquam
2340 3343 2799 3408 instrumentis

859 3451 898 3495 a
999 3429 1194 3496 fidem
1253 3428 1766 3495 confirmandam
1824 3437 2103 3496 utentes.
2195 3428 2309 3496 Sic
2351 3429 2433 3493 ad
2480 3429 2606 3494 Dei
2649 3449 2799 3513 gra-

861 3515 1020 3580 tiam
1077 3516 1264 3581 nobis
1306 3515 1376 3579 in
1422 3514 1744 3597 baptismo
1788 3515 2144 3598 praebitam
2204 3517 2414 3599 magis
2471 3535 2798 3582 commen-

862 3600 1165 3682 dandam,
1210 3599 1450 3665 dicitur
1494 3600 1857 3683 baptismus
1897 3601 2233 3667 lavacrum
2271 3602 2800 3685 regenerationis,

860 3695 937 3751 ut
980 3699 1154 3750 certo
1198 3686 1497 3769 persuasi
1531 3688 1737 3752 simus
1771 3697 2063 3753 nostram
2098 3688 2167 3751 in
2214 3688 2539 3771 baptismo
2578 3686 2800 3769 perfici

860 3773 1443 3855 regenerationem,
1500 3772 1613 3837 sed
1666 3795 1791 3874 per
1833 3774 2193 3839 Dominum
2235 3781 2530 3838 nostrum
2578 3773 2800 3838 Iesum

863 3857 1223 3936 Christum,
1290 3856 1403 3940 qui
1460 3867 1561 3923 est
1618 3869 1794 3924 vitae
1853 3880 2069 3925 sermo
2122 3866 2189 3925 et
2233 3880 2389 3924 vera
2432 3858 2801 3925 substantia

859 3955 1056 4026 atque
1099 3942 1645 4025 complementum
1691 3945 1887 4011 huius
1930 3945 2120 4029 signi.
2210 3943 2309 4009 Ac
2353 3945 2623 4027 proinde
2670 3966 2799 4009 non

855 4029 1312 4094 existimemus
1356 4049 1473 4093 nos
1519 4028 1746 4112 decipi,
1792 4051 1994 4114 quum
2039 4030 2441 4113 promittitur
2482 4031 2554 4094 in
2593 4051 2802 4096 sacra·

857 4115 1098 4180 mentis
1144 4115 1326 4179 Deus
1370 4114 1558 4180 nobis
1601 4115 1738 4181 fore
1782 4127 1966 4200 pater
2009 4126 2076 4180 et
2111 4127 2424 4195 servator,
2467 4116 2641 4198 quod
2676 4115 2800 4182 hoc

856 4222 1065 4284 aquae
1123 4200 1313 4283 signo
1359 4207 1637 4265 testetur
1680 4222 1750 4267 se
1795 4202 1965 4267 velle
2009 4223 2131 4268 nos
2174 4203 2256 4267 ab
2302 4202 2604 4267 omnibus
2650 4223 2798 4286 pec-

856 4286 1020 4352 catis
1065 4284 1249 4350 nobis
1294 4305 1334 4350 a
1379 4294 1617 4350 natura
1659 4288 1873 4353 insitis
1916 4309 2223 4372 purgare.
2294 4287 2474 4369 Quin
2521 4288 2652 4352 imo
2697 4287 2799 4353 his

857 4371 1167 4455 loquendi
1193 4371 1561 4453 phrasibus,
1599 4373 1782 4437 velut
1815 4374 1886 4438 in
1926 4373 2176 4439 coelum
2212 4374 2427 4456 ipsum
2464 4374 2799 4456 erigimur,

858 4466 931 4524 ut
975 4458 1181 4541 ipsius
1225 4458 1511 4539 corporis
1554 4458 1847 4524 membra
1889 4460 2142 4534 fiamus,
2186 4469 2253 4525 et
2275 4460 2681 4525 substantiae
2702 4461 2799 4543 ip-

857 4545 1000 4609 sius
1043 4544 1372 4620 uniamur,
1429 4565 1514 4608 ex
1573 4565 1701 4627 qua
1759 4545 1961 4628 vitam
2017 4557 2351 4611 aeternam
2397 4546 2795 4612 hauriamus.

859 4628 996 4694 Sed
1060 4628 1385 4693 increduli
1448 4630 1632 4696 falsis
1693 4636 1761 4693 et
1816 4630 2223 4713 imaginariis
2281 4632 2799 4714 expositionibus

860 4714 988 4780 Dei
1044 4715 1389 4780 consilium
1447 4736 1706 4798 semper
1763 4715 2217 4799 depravarant,
2275 4716 2449 4799 quod
2492 4719 2569 4782 fit
2612 4718 2798 4783 nobis

860 4822 945 4865 ex
1010 4801 1136 4865 hoc
1200 4802 1339 4866 loco
1404 4802 1841 4867 manifestum.
1953 4801 2122 4867 Nam
2180 4801 2400 4867 Deum
2460 4803 2797 4870 Israelitae

860 4906 1082 4951 secum
1128 4907 1271 4951 esse
1315 4885 1634 4967 dicebant,
1691 4886 1861 4969 quod
1905 4888 2077 4953 inter
2123 4888 2476 4954 Cherubim
2522 4889 2796 4956 sederet.

860 4972 1067 5055 Atqui
1112 4994 1152 5036 a
1197 4994 1269 5037 se
1310 4972 1498 5038 illum
1542 4972 1954 5056 repulerant:
2011 4973 2555 5056 quemadmodum
2601 4978 2795 5042 etiam

861 5057 1167 5123 Ezechiel
1212 5059 1296 5123 10
1339 5080 1477 5142 cap.
1523 5058 1679 5125 dicit
1723 5060 1940 5125 Deum
1982 5060 2052 5124 in
2098 5060 2340 5143 templo
2379 5059 2604 5126 sedere
2647 5084 2795 5128 cum

862 5143 1071 5227 gloria
1114 5151 1179 5209 et
1220 5145 1577 5224 maiestate,
1620 5145 1734 5211 sed
1770 5145 2050 5230 caligine
2085 5147 2336 5230 ingenti
2372 5147 2653 5213 excitata
2688 5169 2796 5214 ex-

862 5228 1151 5310 cessisse,
1206 5251 1612 5315 vacuumque
1668 5231 1881 5297 locum
1936 5232 2135 5298 fuisse
2192 5232 2488 5299 relictum
2536 5242 2602 5299 et
2643 5255 2797 5317 pro-

2501 319 2914 389 HOMILIA
2958 323 3152 390 XVI.

2896 4975 3095 5040 fuisse
3169 4973 3428 5037 externi
3503 4973 3680 5038 illius
3772 4975 3947 5059 signi
4039 4987 4598 5059 contemptorem:

4662 333 4754 400 416

2897 515 3143 577 fanum.
3213 513 3464 597 Nempe
3508 512 3679 595 quod
3727 534 3875 578 eum
3922 513 4150 579 Iudaei
4193 511 4334 578 suis
4377 513 4761 595 pollutionibus

2897 599 3385 683 profanassent,
3467 609 3540 663 ut
3606 598 3789 665 nulla
3867 619 4065 664 verae
4147 598 4427 680 amplius
4493 600 4760 685 religionis

2896 687 3175 769 vestigia
3217 696 3649 768 superessent.
3718 684 3941 766 Quare
3986 706 4182 768 quum
4231 684 4352 750 sibi
4393 683 4592 750 Deum
4628 690 4765 753 auxi·

2896 772 3193 836 liatorem
3240 773 3376 836 fore
3419 771 3596 835 inter
3641 770 4001 838 Cherubim
4044 771 4377 836 sedentem
4427 771 4761 853 pollicentur,

2898 859 3087 941 longe
3132 857 3433 940 opinione
3476 858 3819 933 falluntur,
3866 855 4034 939 quod
4076 857 4300 939 procul
4345 877 4490 920 eum
4532 858 4647 922 suis
4679 860 4767 923 fla·

2898 944 3076 1027 gitiis
3133 944 3512 1025 repulerint,
3549 953 3641 1028 ‘et
3699 943 3837 1008 sola
3893 953 4167 1007 externa
4208 950 4277 1006 et
4321 942 4590 1008 visibilia
4625 946 4767 1027 sigua

2898 1030 3321 1109 retinuerint,
3388 1050 3665 1111 quorum
3735 1050 3818 1094 ne
3883 1029 4252 1113 legitimum
4317 1026 4567 1111 quidem
4621 1050 4770 1094 usum

2899 1117 3256 1179 etiamnum
3303 1116 3632 1195 noverint,
3690 1116 3864 1180 unde
3922 1117 4163 1179 factum
4221 1113 4308 1178 sit
4354 1122 4431 1177 ut
4471 1115 4634 1179 Deus
4671 1137 4768 1180 me·

2902 1201 3027 1265 rito
3071 1199 3451 1286 indignatus
3495 1203 3577 1265 ab
3624 1202 3780 1283 ipsis
3826 1201 4183 1266 recesserit.
4273 1199 4382 1264 Illi
4426 1220 4600 1264 arcae
4635 1200 4770 1266 illius

2901 1296 3210 1351 externae
3269 1288 3639 1371 praesentia
3704 1290 4010 1363 contenti,
4085 1306 4268 1350 more
4331 1283 4774 1369 hypocritarum,

2903 1371 2981 1436 ad
3030 1372 3266 1449 Deum,
3326 1370 3524 1437 rebus
3583 1374 3860 1437 terrenis
3918 1372 4361 1447 inhaerentes,
4430 1392 4555 1436 non
4608 1392 4777 1436 assur·

2901 1467 3083 1539 gunt,
3128 1477 3166 1521 a
3210 1458 3443 1540 quibus
3485 1457 3781 1523 hodierni
3825 1459 4228 1541 hypocritae,
4288 1458 4544 1522 brutam
4584 1457 4777 1538 opinio-

2904 1563 3052 1607 nem
3100 1544 3461 1625 retinentes
3502 1543 3581 1607 de
3625 1545 4073 1619 sacramentis,
4138 1554 4214 1607 et·
4249 1541 4483 1607 ritibus
4537 1544 4657 1607 suis
4698 1562 4777 1604 ex·

2901 1631 3125 1709 ternis,
3167 1651 3301 1693 non
3339 1630 3532 1712 longe
3567 1627 3899 1694 differunt.
3969 1629 4119 1710 Quo
4152 1628 4359 1713 igitur
4397 1629 4519 1692 hac
4549 1628 4612 1691 in
4643 1641 4783 1710 parte

2902 1717 3181 1780 crassior
3224 1724 3323 1780 est
3367 1715 3703 1779 hominum
3751 1716 4125 1798 ignorantia
4169 1724 4235 1779 et
4277 1729 4523 1797 stupor,
4579 1733 4645 1777 eo
4681 1734 4784 1776 ma·

2902 1802 3002 1884 gis
3047 1802 3304 1865 animus
3350 1799 3747 1865 attollendus
3792 1799 3875 1864 ad
3918 1800 4270 1882 superiora,
4317 1809 4385 1863 et
4429 1797 4785 1882 cogitandum

2903 1907 3035 1950 non
3091 1885 3234 1951 ideo
3292 1887 3720 1952 sacramentis
3777 1907 3971 1952 suum
4026 1886 4241 1951 locum
4301 1893 4368 1951 et
4430 1886 4783 1950 autoritatem

2903 1972 3118 2040 Deum
3155 1971 3400 2051 cedere,
3446 1971 3618 2054 quod
3664 1972 3795 2036 illis
3830 1972 3908 2035 ad
3947 1985 4242 2037 nostram
4279 1971 4558 2036 salutem
4591 1978 4787 2045 utatur,

2902 2069 2967 2123 et
3036 2057 3188 2123 fidei
3253 2069 3516 2123 nostrae
3571 2058 3937 2122 infirmitati
4003 2058 4351 2124 consulens
4427 2057 4584 2122 velit
4645 2056 4788 2118 nobis

2902 2143 3015 2207 illa
3056 2144 3268 2209 instar
3333 2143 3660 2209 scalarum
3727 2164 3890 2226 esse,
3946 2143 4180 2225 quibus
4239 2143 4324 2208 ad
4383 2145 4590 2226 ipsum
4629 2158 4788 2223 usque

2902 2230 3435 2309 conscendamus,
3483 2230 3932 2294 deficientibus
3978 2229 4164 2294 nobis
4208 2230 4496 2312 alioquin
4542 2228 4655 2292 alis
4684 2226 4789 2309 qui·

2902 2315 3021 2380 bus
3077 2314 3158 2379 ad
3216 2315 3405 2380 illum
3464 2336 3669 2398 usque
3721 2315 4202 2398 perveniamus.
4303 2316 4400 2380 Et
4460 2314 4541 2379 de
4591 2313 4697 2378 hac
4740 2331 4789 2375 re

2901 2401 3165 2484 quidem
3208 2401 3543 2466 hactenns.

3076 2484 3386 2569 Sequitur
3429 2489 3602 2569 ipsos
3646 2488 3713 2551 in
3760 2496 3973 2552 castra
4018 2487 4284 2552 iussisse
4327 2506 4553 2552 arcam
4585 2482 4792 2558 advehi,

2901 2579 2968 2636 et
3011 2571 3437 2637 vehementer
3496 2573 3639 2636 eius
3695 2573 4088 2654 praesentia,
4157 2581 4480 2655 tanquam
4537 2570 4613 2636 de
4661 2588 4799 2652 prae-

2900 2658 3073 2722 senti
3145 2658 3419 2723 victoria
3478 2660 3639 2723 certi
3695 2658 3994 2734 fuissent,
4059 2658 4353 2723 laetatos.
4449 2658 4589 2722 Nae
4645 2659 4693 2720 si
4736 2674 4797 2717 ex

2901 2764 3060 2808 vera
3104 2744 3505 2826 poenitentia
3547 2742 3825 2809 foederis
3870 2764 4060 2809 arcae
4104 2744 4486 2826 praesentia
4538 2743 4656 2806 frui
4714 2760 4797 2803 ex·

2899 2829 3307 2911 petivissent,
3352 2830 3517 2894 bene
3561 2850 3710 2895 cum
3759 2830 3918 2911 ipsis
3979 2841 4197 2893 actum
4257 2831 4466 2894 foret:
4526 2828 4635 2893 sed
4684 2845 4799 2908 quo-

2899 2916 3076 2979 niam
3117 2927 3528 2997 peccatorum
3564 2935 3836 2980 suorum
3876 2929 4145 2980 veterno
4184 2924 4533 2994 tenentur,
4574 2912 4801 2993 solisque

2900 3003 3192 3066 externis
3238 3002 3445 3084 signis
3489 3002 3944 3078 immorantur,
3993 3000 4210 3066 inanis
4255 2999 4526 3065 illorum
4572 3009 4664 3064 est
4705 2999 4802 3060 lae·

2902 3088 3066 3150 titia.
3137 3087 3391 3150 Verum
3436 3087 3611 3149 enim
3659 3087 3952 3151 fidelium
4003 3087 4314 3171 gaudium
4350 3086 4501 3152 sola
4535 3104 4681 3151 vera
4709 3081 4802 3147 fide

2902 3173 3157 3249 nititur,
3215 3173 3401 3238 cuius
3453 3170 3616 3236 illud
3672 3172 3924 3238 fructus
3981 3184 4099 3238 est.
4191 3176 4282 3238 At
4339 3173 4479 3238 fide
4521 3171 4686 3237 omni
4721 3187 4801 3231 cs·

2901 3266 3088 3322 rent:
3150 3259 3393 3322 frustra
3438 3279 3507 3322 se
3550 3258 3692 3322 sine
3738 3258 4021 3324 Domino
4066 3258 4168 3323 vel
4201 3262 4438 3341 potius
4482 3267 4697 3324 contra
4729 3253 4799 3335 ip-

2903 3345 3038 3409 sius
3092 3343 3498 3409 voluntatem
3558 3343 3790 3409 laetari
3844 3366 3975 3409 non
4034 3365 4220 3427 posse
4264 3366 4406 3410 non
4450 3349 4799 3428 agnoscunt:

2902 3451 2977 3495 ac
3021 3431 3075 3494 si
3099 3449 3226 3511 quo
3250 3429 3440 3493 modo
3484 3428 3835 3511 laetantur,
3893 3431 4158 3495 brevem
4205 3439 4436 3495 tamen
4481 3431 4617 3495 fore
4655 3444 4799 3492 suam

2901 3515 3239 3592 laetitiam,
3307 3523 3372 3579 et
3437 3514 3506 3579 in
3570 3515 4087 3581 maledictionem
4157 3518 4428 3581 tandem
4496 3515 4802 3580 desituram

2901 3600 3125 3667 miseri
3190 3621 3321 3665 non
3388 3600 3943 3666 animadvertunt.
4046 3603 4290 3685 Ecquis
4345 3603 4534 3667 enim
4591 3601 4801 3683 ignorat

2903 3709 3070 3771 quae
3116 3686 3442 3751 Dominus
3477 3688 3616 3770 ipse
3660 3688 3873 3770 palam
3922 3696 4024 3753 est
4064 3689 4440 3772 professus:
4489 3687 4630 3752 Vae
4663 3683 4803 3750 vobis

2904 3774 3015 3856 qui
3062 3771 3286 3837 ridetis
3332 3791 3543 3838 nunc:
3588 3794 3744 3838 nam
3791 3772 4100 3857 lugebitis
4155 3785 4222 3839 et
4262 3774 4554 3840 flebitis:
4614 3787 4804 3851 nempe

2902 3859 3074 3942 quod
3118 3859 3187 3923 in
3235 3859 3377 3923 Deo
3427 3879 3561 3924 non
3621 3861 4092 3941 acquieverint,
4151 3862 4358 3925 risum
4421 3860 4493 3924 in
4556 3858 4803 3924 dentium

2902 3944 3247 4011 stridorem
3313 3944 3831 4010 convertendum
3890 3965 4034 4010 esse
4098 3946 4416 4011 minatur.
4519 3947 4613 4010 At
4663 3943 4712 4008 si
4754 3941 4802 4003 in

2902 4031 3012 4096 illa
3055 4051 3175 4097 sua
3217 4031 3467 4095 laetitia
3503 4032 3719 4095 Deum
3765 4030 4053 4096 studiose
4094 4031 4601 4113 quaesivissent,
4664 4026 4803 4092 infir·

2902 4117 3150 4182 mitatis
3209 4113 3471 4198 quidem
3530 4116 3977 4181 testimonium
4034 4126 4178 4181 erat
4218 4117 4390 4182 illud
4440 4137 4630 4184 arcae
4667 4114 4805 4178 illius

2903 4202 3316 4279 desiderium,
3361 4199 3474 4265 sed
3523 4221 3718 4283 quam
3763 4210 3984 4266 tamen
4029 4202 4220 4268 facile
4258 4204 4447 4270 Deus
4495 4202 4804 4269 condonas·

2903 4300 3020 4354 set.
3088 4287 3336 4353 Contra
3379 4307 3537 4352 vero
3585 4286 3822 4371 David,
3865 4289 4182 4372 profugus
4229 4288 4407 4368 licet,
4453 4308 4668 4355 arcam
4707 4303 4809 4348 mo·

2905 4375 3041 4439 veri
3106 4373 3265 4446 loco,
3333 4372 3531 4437 fidem
3595 4394 3782 4438 suam
3842 4374 3966 4440 hoc
4025 4375 4194 4440 facto
4254 4384 4557 4453 testatus,
4621 4370 4804 4438 noluit

2903 4460 3072 4526 Nam
3131 4458 3253 4524 etsi
3310 4459 3694 4524 mandatum
3754 4457 4033 4524 habebat
4083 4460 4371 4541 Domini,
4438 4461 4520 4527 de
4564 4459 4673 4525 illa
4710 4475 4808 4521 non

2903 4544 3372 4622 transferenda,
3434 4553 3654 4609 tamen
3715 4544 3915 4627 probe
3966 4545 4210 4611 sciebat
4252 4567 4323 4613 se
4370 4546 4534 4612 licet
4577 4548 4655 4611 ab
4693 4557 4808 4636 arc}

2902 4631 3176 4697 foederis
3242 4651 3511 4713 corpore
3584 4630 3923 4707 avulsum,
4007 4654 4341 4715 nunquam
4433 4641 4655 4698 tamen
4715 4628 4809 4693 Dei

2899 4717 3142 4782 auxilio
3199 4725 3263 4780 et
3316 4736 3438 4798 ope
3494 4713 4003 4793 destituendum,
4057 4739 4256 4802 seque
4300 4719 4620 4784 ecclesiae
4659 4711 4808 4781 resti·

2899 4801 3239 4880 tuendum,
3283 4811 3349 4865 et
3393 4802 3465 4865 in
3501 4801 3617 4866 illa
3642 4801 3856 4868 Deum
3896 4824 3933 4867 a
3969 4824 4040 4868 se
4075 4805 4490 4871 adorandum
4530 4800 4808 4886 sperabat.

2898 4888 3124 4971 Neque
3205 4906 3359 4952 vero
3440 4887 3679 4954 idcirco
3758 4890 4265 4956 existimandum
4349 4902 4461 4956 est
4528 4888 4808 4955 Davidem

4691 4987 4810 5038 nam

2899 5060 3158 5125 venturi
3201 5058 3354 5122 olim
3400 5058 3651 5124 Christi
3696 5081 3838 5125 esse
3880 5074 4386 5140 sacramentum,
4453 5076 4523 5128 et
4566 5063 4635 5128 in
4676 5060 4812 5124 hunc

2898 5148 3093 5211 finem
3140 5145 3380 5227 populo
3428 5145 3652 5210 datum
3678 5168 3716 5211 a
3742 5146 4027 5212 Domino
4071 5150 4272 5231 probe
4315 5149 4594 5215 sciebat.
4641 5146 4810 5211 Notae

2899 5241 3053 5297 sunt
3096 5230 3270 5296 enim
3339 5229 3628 5297 eiusdem
3686 5233 4006 5316 querelae,
4061 5234 4201 5300 noti
4245 5234 4544 5301 eiulatus
4586 5241 4813 5319 propter
