5059 6059
670 280 797 346 367

2358 276 2773 346 HOMILIA
2815 277 2976 343 XII.

4539 278 4660 344 368

672 468 870 536 minis
941 463 1323 543 exseruerit,
1387 462 1575 530 cuius
1631 484 1703 529 se
1756 485 1994 533 manus
2062 465 2351 551 effugere
2422 486 2614 550 posse
2721 467 2805 534 ad
2865 484 3157 533 summos
3215 465 3632 550 pontificatus
3700 465 3984 532 honores
4050 466 4374 533 evehendi
4435 487 4662 551 quem-

674 556 1039 639 desperent,
1085 565 1224 616 tum
1266 547 1505 616 misere
1547 549 1811 615 attoniti
1840 560 1908 616 et
1943 551 2345 618 consternati
2388 552 2616 618 cohor-

676 649 963 719 roseum,
1030 643 1098 704 et
1152 637 1221 700 in
1280 637 1556 701 summis
1613 637 1935 721 angustiis
1991 637 2198 703 animi
2262 638 2345 703 de
2402 636 2615 703 salute

674 728 1046 812 desperant,
1089 722 1453 787 inferorum
1496 722 1822 788 cruciatus
1865 723 2161 801 horrent,
2207 723 2454 788 nullam
2501 723 2615 789 de·

675 815 873 899 nique
935 808 1445 876 consolationem
1512 806 1898 874 admittunt:
1977 809 2162 875 nullo
2227 811 2616 892 insequente

678 896 1010 984 perpetuis
1035 894 1266 979 agitati
1305 892 1659 959 terroribus
1704 893 1982 979 fugiunt.
2044 895 2193 960 Non
2232 896 2326 961 ita
2368 895 2612 961 fideles.

676 986 865 1062 Nam,
926 983 1027 1048 uti
1069 979 1377 1061 diximus,
1431 979 1582 1045 licet
1631 981 1924 1063 ipsorum
1966 981 2171 1047 vitam
2216 980 2363 1046 Deo
2407 982 2614 1047 fortu-

677 1079 878 1138 nante
936 1080 1001 1134 et·
1046 1066 1329 1151 benigne
1389 1088 1464 1131 ac
1511 1063 1761 1149 placide
1801 1087 1952 1132 cum
2001 1067 2163 1149 ipsis
2215 1078 2469 1152 agente,
2514 1076 2615 1132 ta·-

676 1179 829 1224 men
883 1161 1205 1230 metuunt,
1262 1171 1337 1218 ac
1394 1151 1517 1216 sibi
1575 1152 1736 1235 ipsis
1787 1150 2093 1218 fraenum
2151 1154 2474 1234 iniiciunt,
2534 1175 2616 1219 ne

678 1242 998 1310 adversus
1055 1239 1461 1303 maiestatem
1526 1237 1732 1320 ipsius
1786 1238 2146 1304 calcitrent.
2238 1237 2419 1320 Quin
2481 1239 2616 1304 imo

678 1331 823 1397 Deo
864 1327 1018 1393 licet
1060 1324 1272 1408 plagis
1315 1322 1489 1405 ipsos
1532 1321 1857 1389 afficiente
1902 1326 2144 1405 gratias
2187 1334 2414 1409 agunt,
2459 1324 2614 1390 sibi-

675 1434 804 1501 que
844 1412 1018 1480 vitae
1058 1410 1257 1475 huius
1285 1407 1723 1475 conditionem
1759 1409 1831 1474 in
1857 1412 2238 1475 memoriam
2285 1419 2614 1494 revocant,

676 1511 754 1568 ut
808 1518 1006 1583 quum
1074 1497 1293 1562 omnia
1358 1506 1633 1560 mortem
1700 1495 2051 1575 intentent,
2121 1505 2303 1562 tanto
2371 1498 2614 1562 maiore

678 1583 1119 1654 sollicitudine
1176 1579 1257 1646 ad
1306 1581 1523 1645 Deum
1570 1589 1937 1665 assurgant.
2028 1582 2120 1646 Et
2164 1590 2238 1646 ut
2281 1583 2477 1648 rebus
2521 1603 2616 1648 se-

677 1670 909 1742 cundis
968 1680 1035 1734 et
1094 1663 1420 1751 prosp'eris
1476 1665 1701 1732 fideles
1746 1687 1879 1732 non
1921 1666 2115 1732 modo
2162 1689 2298 1734 non
2342 1669 2614 1734 efferan-

673 1769 799 1835 tur,
855 1755 970 1823 sed
1028 1753 1238 1837 magis
1295 1759 1608 1829 metuant,
1668 1761 1743 1817 ut
1801 1761 1987 1817 tanto
2046 1754 2289 1820 maiore
2346 1776 2507 1821 cura
2550 1761 2616 1820 et

670 1841 1109 1913 sollicitudine
1152 1838 1279 1904 Dei
1334 1837 1539 1903 cultui
1599 1859 1741 1903 sese
1801 1847 1973 1904 totos
2015 1839 2299 1904 tradant.
2384 1840 2615 1923 Neque

670 1952 828 1998 vero
885 1923 1308 2011 cogitandum
1367 1923 1492 1989 hoc
1548 1924 1784 1990 timore
1843 1925 1988 1990 fieri
2031 1925 2474 1992 conditionem
2518 1924 2616 2008 ip-

673 2036 898 2084 sorum
963 2011 1387 2077 deteriorem:
1455 2030 1608 2074 nam
1689 2010 1813 2076 etsi
1885 2010 2084 2075 variis
2143 2010 2615 2080 afflictionibus

670 2112 739 2168 et
781 2097 1257 2166 calamitatibus
1315 2102 1697 2179 urgeantur,
1757 2116 2096 2179 nunquam
2153 2104 2372 2163 tamen
2419 2098 2614 2164 obru-

671 2196 907 2254 untur:
989 2185 1152 2268 quin
1218 2181 1433 2264 potius
1496 2181 1566 2247 in
1632 2179 1847 2246 medio
1913 2182 2362 2249 calamitatum
2429 2192 2612 2249 aestu

673 2278 1052 2341 recreantur
1096 2277 1165 2335 et
1223 2266 1687 2345 refocillantur,
1742 2268 1869 2333 Dei
1927 2268 2246 2334 auxilium
2305 2278 2614 2353 opportu-

675 2380 834 2427 num
895 2357 1219 2440 patienter
1275 2353 1768 2436 praestolantes,
1835 2352 1918 2419 ad
1978 2353 2149 2436 quod
2205 2355 2275 2421 in
2339 2356 2616 2421 summis

672 2443 997 2529 angustiis
1056 2450 1370 2522 tanquam
1415 2437 1497 2502 ad
1541 2437 1793 2522 asylum
1839 2439 2107 2505 unicum
2157 2440 2613 2525 confugerunt.

675 2532 785 2597 En
839 2541 913 2595 ut
983 2525 1210 2593 fideles
1266 2522 1533 2590 modum
1589 2526 1658 2589 in
1704 2526 2007 2592 omnibus
2056 2536 2342 2604 servant,
2409 2527 2616 2592 incre-

676 2616 851 2683 dulis
893 2623 1122 2679 contra
1163 2611 1231 2676 in
1281 2610 1452 2676 hanc
1495 2609 1601 2676 vel
1643 2609 1825 2675 illam
1869 2619 2124 2694 partem
2160 2611 2615 2695 pendentibus,

675 2711 745 2770 et
786 2697 1211 2767 immoderate
1255 2717 1398 2763 sese
1461 2697 1859 2780 gerentibus,
1910 2708 1985 2762 ut
2048 2718 2390 2781 nunquam
2453 2720 2617 2765 vera

677 2785 1152 2870 tranquillitate
1194 2783 1512 2849 fruantur.

845 2872 1286 2938 Transeamus
1344 2866 1429 2934 ad
1486 2868 1686 2934 verba
1728 2867 1844 2933 illa
1901 2869 2140 2951 quibus
2181 2889 2250 2936 se
2293 2867 2479 2934 Deus
2523 2868 2614 2934 di-

674 2960 766 3027 cit
823 2956 1070 3040 fidelem
1123 2956 1497 3022 sacerdotem
1553 2953 1680 3020 sibi
1730 2954 2199 3036 suscitaturum,
2264 2956 2377 3038 qui
2431 2955 2618 3021 iuxta

670 3067 778 3114 cor
817 3064 1007 3111 suum
1048 3046 1103 3107 et
1159 3042 1444 3107 animam
1491 3060 1677 3106 suam
1726 3040 1960 3122 faciat,
2018 3041 2198 3122 eique
2251 3062 2319 3107 se
2360 3040 2616 3106 domum

670 3130 912 3214 fidelem
963 3126 1444 3210 aedificaturum
1460 3176 1476 3206 ‚
1532 3131 1589 3191 et
1642 3146 1852 3192 coram
1908 3124 2154 3192 Christo
2206 3146 2323 3193 suo
2376 3128 2617 3192 cunctis

670 3216 889 3284 diebus
949 3216 1162 3298 ipsum
1218 3212 1703 3278 anibulaturum.
1791 3210 1874 3276 In
1933 3211 2168 3296 primis
2226 3212 2335 3279 hic
2392 3213 2615 3277 obser·

674 3300 987 3383 vandum,
1030 3319 1274 3366 vanam
1316 3298 1500 3363 illam
1543 3296 1698 3363 Heli
1744 3299 2231 3380 persuasionem
2277 3296 2356 3364 de
2400 3318 2614 3365 sacer-

675 3388 833 3454 dotii
891 3385 1328 3470 perpetuitate
1386 3382 1549 3449 tolli.
1638 3383 1810 3448 Nam
1868 3382 1996 3448 sibi
2052 3393 2288 3467 sponte
2329 3403 2452 3451 sua
2496 3383 2616 3449 ho·-

675 3474 888 3539 mines
952 3472 1319 3555 imponunt,
1388 3479 1456 3535 et
1512 3468 1771 3534 delitias
1834 3469 2103 3548 faciunt,
2168 3470 2239 3535 in
2297 3491 2374 3537 eo
2440 3470 2616 3553 quod

679 3558 1069 3643 dignitatem
1114 3555 1401 3640 aliquam
1457 3555 1814 3638 assequuti,
1935 3567 2274 3638 erpetuam
2339 3554 2618 3622 eandem

678 3645 1144 3794 imaginantur,
1198 3641 1387 3724 quasi
1437 3642 1650 3706 Deum
1708 3640 1833 3707 sibi
1921 3641 2255 3708 evinctum
2297 3640 2615 3707 habeant:

678 3750 807 3813 quo
894 3728 1017 3793 etsi
1055 3727 1267 3793 verbis
1306 3749 1434 3792 non
1477 3728 1929 3810 profiteantur,
1973 3748 2046 3793 re
2068 3727 2211 3809 ipsa
2248 3736 2468 3792 tamen
2506 3726 2619 3792 de·

683 3823 1067 3881 monstrant.
1136 3813 1408 3879 Poterat
1446 3813 1653 3897 igitur
1693 3812 1853 3878 Heli
1896 3811 2214 3880 adversus
2255 3812 2619 3879 Dominum

682 3899 1004 3982 excipere,
1049 3898 1335 3963 debitam
1357 3898 1482 3964 sibi
1500 3898 1646 3964 iure
1688 3897 2157 3964 sacerdotalem
2202 3898 2619 3983 dignitatem,

679 3999 879 4069 atque
937 3985 1365 4049 mutationem
1431 3983 1722 4050 eiusdem
1779 3984 1947 4069 legis
2010 3984 2140 4049 Dei
2199 3984 2619 4051 violationem

680 4093 858 4139 esse:
918 4090 1051 4135 non
1109 4091 1298 4154 posse
1351 4077 1533 4136 recta
1588 4069 1767 4135 linea
1824 4067 2262 4136 sacerdotium
2321 4070 2404 4136 ad
2455 4070 2620 4137 alios

723 4179 877 4224 uam
933 4156 1140 4240 ipsius
1204 4163 1517 4239 posteros,
1582 4156 1709 4221 nisi
1774 4165 2001 4222 contra
2054 4155 2328 4221 Domini
2384 4157 2619 4239 legem,

725 4243 1020 4310 evenire:
1082 4242 1208 4322 his,
1266 4242 1554 4326 inquam,
1612 4250 1730 4308 aut
1786 4241 2106 4307 similibus
2152 4241 2419 4309 vocibus
2461 4241 2621 4308 Heli

678 4329 966 4396 Domino
1010 4347 1393 4410 responsare
1416 4347 1601 4411 posse
1644 4326 2009 4406 videbatur,
2052 4327 2301 4409 sibique
2324 4327 2621 4394 ordinem

678 4417 868 4481 illum
923 4414 1127 4480 semel
1172 4433 1212 4478 a
1267 4412 1555 4478 Domino
1612 4412 2087 4498 praescriptum
2145 4414 2495 4480 immotum
2556 4422 2621 4478 et

679 4500 1154 4567 immutabilem
1210 4499 1350 4564 fore
1408 4500 1817 4583 persuadere.
1909 4500 2162 4564 Verum
2219 4498 2395 4565 enim
2442 4519 2621 4579 vero,

680 4586 864 4654 Deus
899 4606 1099 4670 penes
1133 4605 1205 4651 se
1245 4591 1666 4669 protestatem
1723 4595 1790 4651 et
1846 4586 2260 4652 autoritatem
2304 4606 2448 4651 esse
2490 4593 2622 4651 tes-

687 4683 888 4751 tatur,
946 4669 1319 4738 sacerdotes
1376 4692 1462 4738 ex
1504 4671 1774 4737 arbitrio
1819 4692 1937 4737 suo
1981 4669 2457 4750 constituendi,
2535 4693 2620 4737 ex

678 4758 962 4825 Aaronis
1027 4757 1277 4823 familia
1338 4757 1496 4823 licet
1558 4756 1886 4823 oriundos.
1976 4756 2204 4840 Neque
2264 4758 2439 4822 enim
2496 4757 2621 4823 sibi

680 4846 865 4911 Deus
944 4865 1036 4908 un
1084 4865 1237 4910 uam
1314 4842 1728 4910 contradixit.
1841 4842 1992 4908 Etsi
2067 4842 2278 4909 fateor
2356 4842 2622 4911 tandem

682 4951 875 4996 omne
918 4929 1037 4994 illu
1125 4927 1336 5013 legale
1378 4928 1811 4996 sacerdotium
1836 4929 1919 4994 ab
1947 4929 2228 5011 ipsomet
2269 4927 2621 4995 abolitum:

682 5036 837 5080 nam
894 5014 976 5079 ad
1030 5025 1160 5080 tem
1208 5035 1287 5080 us
1336 5022 1596 5080 tantum
1652 5015 2025 5082 ordinatum
2071 5015 2305 5084 fuerat.
2392 5015 2623 5081 Valuit

680 5111 900 5166 tamen
955 5121 1154 5183 quam
1204 5102 1270 5167 'u
1330 5099 1629 5167 duravit:
1695 5101 1981 5167 Aaronis
2036 5100 2348 5167 familiam
2393 5121 2623 5186 perpe-

677 5197 863 5253 tuum
919 5186 1021 5253 ius
1079 5186 1161 5252 ad
1220 5185 1661 5256 sacerdotium
1717 5187 2033 5254 retinere:
2090 5185 2205 5254 sed
2249 5208 2331 5253 ex
2390 5187 2621 5254 eadem

2718 573 2977 638 cunque
3060 551 3360 618 libuisset
3429 557 3819 635 potestatem
3888 560 3957 617 et
4037 552 4440 618 autoritaten
4510 554 4664 619 reti-

2720 640 2882 705 nuit.
2970 638 3072 705 Ac
3130 659 3308 716 sane,
3368 639 3515 721 quis
3575 659 3661 702 ex
3709 639 3996 705 Aaronis
4053 638 4302 704 familia
4358 638 4667 705 sacerdos

2718 727 2978 790 futurus
3036 746 3168 789 non
3214 746 3255 789 a
3297 722 3440 788 Deo
3498 735 3754 791 creatus
3811 733 3929 803 est,
3991 734 4057 789 et
4101 724 4184 790 ad
4227 723 4401 790 hanc
4448 723 4664 809 digni·

2717 821 2920 877 tatem
2979 807 3344 875 formatus?
3436 808 3605 891 Quis
3663 810 3779 889 illi,
3848 831 4108 892 quaeso,
4168 811 4373 875 vitam
4437 809 4664 876 dedit?

2718 896 3027 979 Denique
3070 896 3227 961 hinc
3270 895 3596 962 discamus
3641 894 3892 961 nullam
3939 895 4101 961 adeo
4143 898 4403 963 firmam
4428 905 4501 961 et
4523 917 4664 980 per·

2718 993 2984 1068 petuam
3028 981 3433 1066 dignitatem,
3482 981 3703 1047 nullos
3746 981 3908 1047 adeo
3949 990 4164 1048 certos
4210 982 4519 1062 honores,
4565 983 4668 1048 ni-

2719 1069 2815 1135 hil
2839 1068 2998 1134 adeo
3035 1077 3254 1133 tutum
3276 1067 3359 1133 ab
3403 1069 3708 1134 omnibus
3752 1067 4077 1151 periculis,
4123 1070 4281 1152 quin
4327 1078 4669 1133 momento

2719 1156 2898 1222 Deus
2962 1152 3407 1221 securissimos
3475 1162 3935 1230 exauctorare,
4000 1163 4068 1218 et
4129 1155 4202 1219 in
4269 1154 4668 1220 vilissimam

2719 1241 3360 1324 abiectissimamque
3382 1239 3820 1306 conditionem
3843 1238 4140 1325 redigere
4165 1241 4388 1323 possit.
4436 1239 4672 1321 Quare

2719 1328 2839 1393 sub
2898 1327 3154 1391 alarum
3210 1326 3234 1390 i
3281 1326 3417 1392 sius
3478 1326 3749 1391 tutelam
3806 1328 4159 1410 confugere
4204 1326 4552 1404 discamus,
4601 1335 4674 1392 et

2720 1412 2800 1478 de
2859 1411 3048 1479 nobis
3106 1432 3214 1477 mo
3262 1419 3400 1477 este
3454 1413 3721 1491 sentire,
3779 1433 3865 1478 ne
3921 1431 4124 1497 supra
4178 1411 4448 1478 modum
4508 1412 4674 1477 effe-

2717 1519 2959 1564 ramur.
3048 1497 3281 1581 Neque
3344 1496 3542 1578 enim,
3606 1497 3665 1564 si
3730 1497 3950 1563 altiori
4014 1496 4155 1564 aeri
4217 1519 4336 1563 nos
4404 1497 4678 1564 tradere

2719 1585 3044 1663 volumus,
3087 1582 3232 1648 alae
3274 1582 3642 1651 sufficiunt:
3703 1583 3816 1649 sed
3862 1582 4064 1650 altius
4125 1584 4378 1650 alarum
4423 1582 4681 1649 fiducia

2719 1671 2918 1736 fretos
2960 1669 3184 1735 volare
3229 1669 3582 1751 cupientes,
3627 1668 3998 1735 horrendus
4041 1669 4265 1752 lapsus
4285 1678 4354 1735 et
4397 1669 4682 1753 quidem

2719 1755 3012 1821 mortalis
3056 1762 3298 1821 manet.
3386 1753 3521 1821 Sed
3566 1756 3621 1821 si
3664 1764 3893 1822 contra
3935 1756 4292 1840 gratiarum
4330 1755 4461 1821 Dei
4504 1776 4680 1822 con·

2721 1842 3155 1907 tinuationem
3211 1840 3618 1924 supplicibus
3681 1841 3854 1907 votis
3908 1851 4379 1925 exspectemus,
4425 1843 4542 1907 fiet
4587 1849 4682 1906 ut

2718 1928 2788 1992 in
2834 1926 2973 1992 dies
3016 1934 3085 1993 et
3127 1927 3197 1991 in
3243 1947 3449 1991 annos
3505 1926 3952 2010 persistamus,
4018 1926 4186 1991 nihil
4233 1938 4449 1993 tamen
4494 1927 4680 1993 certi

2719 2013 2909 2079 nobis
2954 2015 3034 2078 de
3091 2012 3276 2078 nobis
3323 2011 3720 2096 pollicentes,
3772 2012 3887 2079 sed
3932 2010 4014 2077 ab
4059 2013 4256 2079 unius
4297 2013 4427 2079 Dei
4472 2013 4684 2078 boni-

2719 2107 2857 2165 tate
2901 2108 2968 2164 et
3011 2097 3463 2164 benevolentia
3506 2100 3625 2164 toti
3686 2098 4063 2182 pendentes,
4121 2119 4290 2183 quae
4330 2100 4397 2163 in
4442 2101 4682 2184 ipsa-m

2718 2183 3173 2251 recumbentes
3216 2203 3553 2266 nunquam
3596 2194 3697 2250 est
3740 2184 4108 2268 deceptura.

2892 2269 3087 2351 Quod
3163 2289 3360 2353 porro
3423 2268 3583 2336 dicit
3648 2268 3980 2335 Dominus
4042 2290 4114 2336 se
4184 2269 4686 2337 suscitaturum

2718 2355 2979 2422 fidelem
3032 2354 3456 2433 sacerdotem,
3517 2355 3782 2422 videtur
3838 2354 4083 2439 aliquid
4126 2355 4533 2422 difficultatis
4593 2358 4687 2422 in

2720 2461 2792 2507 se
2835 2440 3190 2521 continere,
3234 2461 3437 2524 quum
3462 2441 3530 2507 id
3558 2463 3598 2507 a
3621 2440 3973 2507 Salomone
4007 2441 4250 2508 factum
4296 2442 4683 2509 videamus.

2723 2525 2858 2594 Sed
2915 2526 3272 2592 tenendum
3332 2533 3450 2606 est,
3507 2527 3724 2594 Deum
3784 2528 3981 2594 rebus
4035 2526 4343 2593 omnibus
4399 2528 4688 2610 creada,

2722 2623 2791 2680 et
2845 2634 3072 2679 earum
3115 2613 3410 2678 omnium
3451 2633 3649 2697 opera
3691 2613 3786 2680 sic
3831 2613 3950 2692 uti,
3996 2622 4071 2678 ut
4112 2613 4458 2679 hominum
4503 2635 4688 2681 cou-

2721 2699 2885 2765 siliis
2920 2698 3003 2765 ad
3048 2698 3408 2764 faciendam
3451 2699 3729 2766 decretis
3774 2699 3911 2766 suis
3953 2699 4132 2765 viam
4173 2706 4241 2765 et
4283 2699 4366 2765 ad
4406 2700 4688 2767 exitum

2720 2785 2835 2850 illa
2877 2783 3311 2868 perducenda.
3374 2783 3566 2865 Quod
3611 2794 3678 2850 et
3719 2785 3741 2850 i
3790 2806 3934 2851 sum
3978 2785 4047 2849 in
4093 2785 4366 2850 historia
4404 2785 4543 2863 illa,
4601 2787 4688 2852 in

2719 2892 2851 2954 qua
2869 2869 3198 2936 Abiathar
3239 2880 3700 2938 exauctoratus
3767 2893 3803 2937 e
3854 2871 4000 2951 'tur,
4047 2879 4117 2935 et
4159 2872 4228 2936 in
4271 2871 4410 2936 eius
4443 2872 4690 2938 locum

2721 2956 2937 3023 Sadoc
2993 2957 3325 3035 suffectus,
3384 2958 3770 3023 nominatim
3882 2960 3944 3023 ei
4000 2956 4273 3039 spiritus
4315 2969 4686 3025 memorat.

2719 3043 2891 3109 Nam
2949 3042 3074 3107 etsi
3132 3040 3443 3108 Solomon
3501 3042 3939 3109 Abiatharum
4004 3042 4216 3109 officio
4274 3042 4692 3110 sacerdotali

2721 3128 2974 3213 depulit
3015 3128 3405 3194 necessitate
3440 3127 3783 3211 impulsus,
3826 3140 3990 3212 puta
4032 3127 4241 3211 ipsius
4275 3128 4692 3197 Abiathar-is

2719 3213 3014 3300 perfidia,
3059 3233 3256 3296 quam
3300 3214 3354 3278 I.
3378 3214 3544 3297 Reg.
3589 3215 3651 3295 2,
3674 3215 3759 3280 26
3795 3214 4093 3299 pluribus
4137 3214 4205 3278 in
4250 3215 4411 3282 haec
4453 3217 4693 3283 verba

2719 3299 3168 3384 persequitur:
3215 3300 3312 3365 Es
3354 3298 3636 3383 quidem,
3680 3300 3914 3384 inquit,
3961 3300 4063 3364 vir
4085 3301 4346 3367 mortis:
4391 3299 4509 3366 sed
4543 3300 4692 3368 ho-

2722 3385 2829 3452 die
2871 3393 2937 3450 te
2983 3406 3114 3450 non
3153 3384 3562 3465 interficiam,
3610 3386 3761 3470 quia
3807 3385 4082 3469 portasti
4126 3406 4344 3452 arcam
4387 3385 4692 3455 Domini

2721 3471 2850 3536 Dei
2892 3491 3115 3538 coram
3149 3469 3367 3538 David
3411 3482 3597 3555 patre
3643 3493 3805 3549 meo,
3851 3480 3914 3537 et
3958 3471 4329 3537 sustinuisti
4371 3472 4689 3540 laborem

2720 3558 2794 3623 in
2836 3555 3155 3637 omnibus,
3199 3558 3269 3621 in
3314 3558 3553 3640 quibus
3597 3555 3925 3623 laboravit
3964 3564 4154 3640 pater
4195 3578 4410 3623 meus:
4459 3569 4530 3623 tu
4583 3560 4688 3626 ad

2719 3664 2951 3728 agrum
3012 3650 3202 3709 tuum
3246 3642 3369 3723 abi,
3427 3663 3562 3708 non
3607 3644 3784 3709 enim
3831 3642 4111 3726 amplius
4151 3642 4449 3710 sacerdos
4493 3646 4684 3712 eris:

2721 3749 2797 3796 ac
2841 3727 3170 3795 Sadocum
3219 3730 3288 3793 in
3347 3728 3730 3794 Abiatharis
3786 3729 4002 3794 locum
4058 3729 4362 3813 deinceps
4418 3731 4684 3797 substi-

2724 3815 2881 3881 tuit:
2947 3835 3114 3898 quae
3179 3812 3439 3898 quidem
3506 3816 3720 3899 prima
3779 3815 3999 3880 fronte
4066 3814 4147 3880 ab
4202 3815 4325 3883 hac
4379 3815 4677 3883 Domini

2722 3900 3224 3968 comminatione
3287 3900 3493 3966 videri
3551 3908 3830 3983 possunt
3887 3901 4310 3966 alienissima:
4377 3922 4688 3986 namque

2723 3986 3049 4052 Abiathar
3105 4007 3376 4051 suorum
3434 3985 3797 4053 facinorum
3859 4008 4098 4069 poenas
4156 3986 4298 4067 luit,
4354 4007 4526 4070 quae
4588 3989 4684 4054 ad

2723 4072 2961 4138 liberos
3035 4071 3242 4156 ipsius
3307 4092 3442 4138 non
3507 4071 3919 4156 spectabant3
3989 4094 4064 4139 ac
4131 4072 4400 4156 proinde
4469 4073 4684 4141 huius

2722 4157 3102 4243 prophetiae
3168 4155 3248 4222 de
3312 4178 3442 4240 qua
3500 4158 3606 4225 hic
3664 4158 3921 4240 agimus
3982 4178 4114 4224 non
4171 4158 4372 4225 fuisse
4429 4159 4686 4245 imple·

2724 4246 2971 4311 tionem
3029 4244 3290 4320 factam,
3355 4242 3521 4308 illud
3580 4242 3935 4310 Solominis
3995 4253 4213 4310 tamen
4274 4246 4680 4312 nominatim

2722 4331 2795 4396 in
2855 4329 3166 4396 historiae
3231 4328 3410 4395 illius
3468 4329 3610 4396 loco
3666 4329 3993 4397 Dominus
4049 4330 4377 4397 adiectum
4438 4330 4684 4412 voluit,

2724 4417 3003 4483 eiectum
3048 4432 3090 4480 a
3131 4413 3484 4481 Solomone
3517 4414 3943 4482 Abiatharem
3980 4425 4058 4480 ut
4100 4416 4488 4500 impleretur
4529 4439 4679 4483 ser-

2725 4523 2831 4568 mo
2875 4500 3165 4577 Domini,
3223 4522 3414 4585 quem
3460 4502 3767 4584 loquutus
3810 4511 3911 4569 est
3953 4522 4151 4584 super
4195 4502 4464 4568 domum
4506 4503 4680 4569 Heli

2722 4589 2792 4653 in
2852 4586 3014 4654 Silo.
3105 4586 3361 4668 Quibus
3427 4587 3647 4654 verbis
3712 4586 3882 4654 oculi
3947 4587 4135 4653 nobis
4200 4589 4527 4672 patefiunt
4586 4589 4680 4654 ad

2723 4673 2994 4740 Domini
3073 4673 3557 4758 providentiam
3623 4674 3890 4757 propius
3967 4673 4380 4740 intuendam:
4463 4695 4680 4758 quum

2724 4758 3115 4826 nominatim
3160 4758 3399 4826 dicitur
3441 4758 3767 4826 Abiathar
3786 4759 4087 4843 graviore
4119 4759 4462 4843 supplicio,
4507 4771 4680 4843 puta

2724 4855 2951 4929 morte,
2997 4845 3198 4912 fuisse
3240 4843 3501 4930 dignus,
3546 4853 3852 4911 ettamen
3898 4845 4330 4911 nihilominus
4375 4845 4678 4913 effecisse

2723 4930 3104 5010 Dominum,
3157 4939 3231 4996 ut
3273 4930 3650 5014 prophetiae
3690 4931 3867 4997 illius
3908 4931 4066 4996 olim
4109 4931 4269 4997 Heli
4313 4929 4678 4998 denuncia-

2724 5023 2829 5084 tae
2874 5017 3226 5095 decretum,
3273 5038 3464 5083 suum
3510 5018 3812 5083 effectum
3858 5018 4225 5084 sortiretur.
4315 5018 4527 5085 Porro
4568 5019 4674 5082 di-

2727 5103 2881 5171 vina
2935 5103 3053 5169 illa
3119 5102 3531 5188 providentia
3588 5103 3977 5187 plerumque
4039 5123 4162 5170 nos
4225 5103 4406 5169 latet.
4496 5103 4675 5170 Nam

2726 5210 2922 5274 saepe
2966 5189 3154 5257 Deus
3212 5187 3571 5273 quemlibet
3624 5190 3705 5256 ob
3765 5189 4087 5275 flagitium
4135 5189 4397 5274 aliquod
4439 5189 4674 5275 flagel-
