5059 6059
284 325 395 393 509

277 517 386 585 sibi
427 535 563 582 esse
604 512 1005 581 demonstret
1045 512 1295 578 socium
1334 509 1459 577 sibi
1502 510 1584 577 ab
1620 509 1995 577 hominibus
2029 507 2188 575 dari.

278 603 429 686 Quis
468 601 667 687 igitur
710 619 841 665 non
886 608 1069 666 totns
1110 599 1539 675 cohormscat,
1590 605 1659 662 et
1700 595 1782 661 ad
1828 595 2009 662 illam
2052 594 2189 661 Do-

274 688 419 754 mini
472 685 1036 754 comminationem
1094 684 1511 769 obstupescat
1525 681 1559 747 ?
1619 679 1755 749 Sed
1815 690 2038 748 tantus
2089 689 2195 746 est

275 773 590 840 hominum
646 779 895 854 stupor,
951 777 1030 836 ιιι
1083 789 1218 836 ιιοιι
1274 769 1403 836 nisi
1446 769 1559 835 icti
1602 768 1882 852 sapiant,
1937 777 2007 833 et
2049 767 2195 832 Deo

274 881 391 925 non
434 859 523 923 ita
563 877 705 924 esse
738 856 1150 922 illudendum
1184 876 1305 923 suo
1340 853 1631 940 periculo
1667 853 1939 919 discant.
2028 854 2192 919 Tam

272 955 409 1011 sunt
451 943 768 1021 vecordes,
813 950 893 1008 ut
934 961 1070 1008 non
1113 949 1474 1026 agnoscant
1518 958 1853 1006 summum
1893 958 2038 1005 esse
2078 939 2233 1003 ἣν·

271 1032 483 1117 gitium
551 1029 692 1094 Deo
749 1048 948 1111 quam
1006 1028 1273 1094 libuerit
1328 1025 1811 1111 portiunculam
1857 1025 2197 1108 assignare

271 1129 329 1182 et
375 1115 514 1181 aliis
573 1113 808 1180 deinde
867 1113 1038 1179 divis
1090 1113 1255 1179 alias
1314 1113 1602 1178 tribuere
1643 1119 1838 1194 prout
1878 1111 2194 1194 cuiusque

269 1201 511 1268 devotio
554 1201 623 1266 in
670 1202 848 1267 hunc
891 1208 1008 1265 aut
1040 1198 1228 1264 illum
1266 1216 1593 1283 propensa
1626 1197 1856 1263 fuerat.
1946 1195 2194 1279 Ecquis

267 1289 392 1364 erit,
449 1305 707 1370 quaeso,
766 1284 1035 1352 tandem
1088 1282 1363 1351 modus?
1420 1282 1750 1348 Videntur
1790 1282 1902 1348 isti
1945 1281 2194 1348 similes

267 1373 529 1457 cuipiam
595 1372 711 1456 qui
774 1371 1105 1452 frumenti,
1198 1371 1354 1450 vini,
1434 1369 1578 1435 auri
1642 1377 1712 1435 et
1773 1367 2033 1452 argenti
2089 1385 2195 1434 co·

264 1461 423 1610 fiam
482 1459 731 1525 habens
784 1478 974 1524 suam
1017 1457 1252 1540 cuique
1294 1453 1777 1540 portiunculam
1820 1452 2191 1521 distribuat.

301 1559 437 1610 tane
483 1564 639 1610 vero
681 1542 991 1610 mortales
1034 1542 1157 1609 sibi
1182 1543 1401 1608 Deum
1438 1540 1835 1620 devinciant,
1878 1537 2194 1605 attributa

266 1630 349 1696 illi
390 1650 473 1696 ex
515 1629 791 1697 arbitrio
834 1649 953 1695 suo
996 1626 1460 1712 portiuncula?
1508 1625 1739 1692 Deone
1772 1627 1842 1691 in
1878 1621 2193 1691 tribunali

265 1737 368 1782 suo
443 1716 699 1784 sedenti
766 1714 1098 1781 diabolum
1152 1714 1520 1798 adiungent
1568 1711 1860 1778 socium?
1961 1709 2192 1794 Apage

267 1823 405 1869 vero
445 1810 708 1868 tantum
754 1802 1096 1885 flagitium.
1183 1798 1389 1883 Atqui
1432 1805 1681 1864 certum
1723 1807 1825 1863 est
1870 1797 2015 1863 Deo
2049 1795 2193 1861 dari

266 1889 490 1955 socium
555 1887 912 1971 diabolum,
989 1888 1112 1953 etsi
1177 1885 1581 1952 contrarium
1644 1884 1889 1950 centies
1952 1882 2192 1961 iurent,

266 1995 443 2058 quum
499 1973 941 2058 apostolorum
1001 1982 1118 2037 aut
1157 1983 1523 2056 martyrum
1568 1969 1839 2035 nomina
1880 1977 2192 2050 tanquam

267 2059 451 2126 divini
508 2059 731 2125 cultus
788 2070 1042 2142 partem
1102 2076 1509 2124 veneramur.
1597 2054 1699 2121 Ac
1755 2074 1931 2134 sane,
1994 2071 2191 2137 quam

265 2145 555 2211 maiorem
604 2145 1071 2213 contumeliam
1115 2142 1534 2209 intulerimus
1569 2142 1809 2208 sanctis
1844 2140 1976 2205 illis
2011 2138 2193 2217 viris,

268 2233 364 2314 qui
401 2231 789 2316 sanguinem
834 2251 1027 2297 sunm
1070 2250 1190 2314 pro
1234 2230 1386 2295 Iesu
1432 2227 1681 2295 Christi
1727 2225 1997 2293 Domini
2041 2245 2191 2290 nos·

268 2319 341 2383 tri
392 2317 605 2402 gloria
648 2316 979 2393 fuderunt,
1034 2336 1229 2399 quam
1274 2314 1505 2380 iisdem
1549 2314 1618 2378 in
1664 2312 1840 2379 idola
1883 2310 2191 2377 transfor·

267 2403 485 2469 matis?
530 2403 760 2486 Quare
801 2424 936 2469 non
978 2400 1485 2469 existimandum
1524 2407 1627 2465 est
1669 2399 1958 2482 papistas
1998 2415 2193 2480 posse

267 2487 461 2554 Deum
499 2490 759 2556 sincere
802 2498 869 2554 et
910 2507 1073 2571 pure
1113 2486 1342 2563 colere,
1396 2486 1469 2550 in
1513 2484 1861 2569 Virginem
1905 2482 2189 2549 Mariam

267 2587 323 2638 et
359 2574 683 2658 apostolos
725 2573 978 2641 collatis
1023 2572 1263 2638 divinis
1305 2571 1676 2651 honoribus,
1719 2568 1832 2635 sed
1874 2569 2023 2635 illos
2064 2566 2188 2633 sibi

267 2680 337 2725 ex
364 2681 479 2727 sno
510 2660 786 2727 arbitrio
824 2659 1123 2725 divinum
1151 2657 1403 2725 cultum
1432 2658 1701 2742 fingere,
1744 2675 1820 2722 ac
1843 2654 2186 2721 veritatem

267 2746 326 2810 in
386 2746 800 2812 mendacium
867 2752 1265 2824 convertere,
1346 2750 1683 2826 totumque
1746 2741 1870 2807 Dei
1937 2739 2187 2806 cultum

267 2832 636 2916 adulterare,
701 2841 767 2897 et
831 2831 1106 2916 gloriam
1169 2830 1242 2895 in
1306 2828 1586 2895 nihilum
1643 2826 1956 2911 redigere,
2019 2834 2188 2892 teste

269 2929 390 2985 tota
448 2938 641 2986 sacra
704 2917 1044 3000 scriptura.
1131 2915 1281 2984 Non
1347 2914 1465 2982 abs
1528 2934 1601 2979 re
1657 2913 1863 2997 igitur
1920 2910 2187 2979 Samuel

268 3003 580 3072 Israelitas
644 3004 964 3082 hortatur,
1030 3009 1097 3067 et
1147 3002 1328 3068 iubet
1368 3021 1499 3080 eos,
1556 3000 1614 3066 si
1656 2997 1739 3064 ad
1784 2999 2002 3064 Deum
2040 3017 2189 3064 con·

269 3099 619 3170 vertantur,
677 3089 830 3156 deos
888 3089 1137 3155 alienos
1188 3088 1437 3168 tollere,
1492 3107 1626 3152 non
1680 3091 2028 3153 contentus
2083 3102 2191 3165 po-

270 3176 471 3258 pulum
526 3176 673 3244 suis
727 3173 1296 3259 superstitionibus
1351 3171 1758 3252 renunciare,
1821 3168 1936 3236 sed
1991 3169 2188 3234 etiam

269 3263 585 3328 materiam
660 3270 728 3328 et
798 3260 1119 3328 obiectum
1182 3259 1447 3326 illarum
1502 3257 1643 3324 tolli
1700 3255 1951 3323 iubens.
2037 3255 2190 3320 Non

269 3347 377 3413 alia
415 3355 512 3415 est
568 3346 770 3414 hodie
827 3345 1322 3414 simulacrorum
1365 3344 1556 3425 ratic,
1634 3344 1691 3410 si
1736 3342 1884 3426 quis
1950 3340 2194 3408 abolita

270 3434 446 3499 vellet
495 3453 841 3517 reponere,
902 3441 970 3498 et
1024 3432 1453 3498 nihilominus
1498 3432 1627 3496 Dei
1668 3429 1919 3495 cultum
1961 3446 2191 3494 secun·

271 3518 404 3585 dum
442 3519 657 3604 ipsius
703 3519 977 3585 verbnm
1066 3516 1333 3583 rofiteri.
1422 3519 1533 3584 An
1578 3537 1708 3582 non
1751 3514 1949 3595 enim,
2007 3512 2192 3578 obse·

271 3623 380 3682 cro,
463 3615 662 3689 turpe
738 3616 909 3671 esset
986 3626 1021 3671 c
1071 3604 1415 3669 ristianum
1494 3621 1734 3667 nomen
1812 3601 2194 3684 profitentes

273 3690 564 3774 templum
607 3688 877 3774 aliquod
919 3691 1264 3775 ingressos,
1309 3689 1380 3754 in
1425 3707 1502 3753 eo
1545 3685 1768 3753 videre
1801 3684 2195 3769 pollutiones

270 3794 415 3856 puro
447 3798 522 3844 ac
555 3777 814 3844 sincero
848 3774 978 3841 Dei
1013 3775 1217 3842 cultui
1251 3773 1612 3842 contrarias
1638 3782 1706 3837 et
1726 3779 2190 3855 repugnantes,

272 3862 607 3929 cuiusmodi
670 3870 827 3929 sunt
869 3860 1240 3927 istiusmodi
1281 3859 1459 3926 idola
1500 3867 1570 3924 et
1610 3857 1983 3937 simulacra,
2045 3854 2192 3939 qui-

272 3945 376 4012 bus
416 3949 558 4032 ipsa
601 3947 735 4015 Dei
775 3948 1082 4014 maiestas
1120 3946 1521 4031 profanatur,
1583 3951 1648 4010 et
1689 3964 1771 4010 ea
1813 3941 2084 4008 adorare
2125 3949 2196 4007 et

273 4031 330 4097 in
390 4034 638 4101 foedam
684 4033 868 4099 illam
912 4032 1343 4099 idololatriam
1390 4030 1802 4097 consentire?
1888 4033 1996 4093 An
2040 4047 2196 4105 non,

273 4118 539 4202 inquam,
588 4119 772 4186 istud
816 4128 915 4186 est
958 4119 1442 4202 apertissimum
1486 4114 2021 4201 impoenitentiae
2062 4113 2117 4177 si
2164 4148 2196 4162 -

275 4225 431 4283 num,
487 4216 555 4272 et
611 4205 972 4274 aversionis
1018 4226 1057 4270 a
1099 4204 1246 4269 Deo
1290 4199 1787 4268 testimonium?
1843 4201 1988 4266 Nae
2028 4198 2122 4264 mi
2172 4198 2196 4262 i

272 4311 383 4355 non
439 4290 773 4360 absimiles
829 4311 940 4356 reo
982 4290 1262 4374 cuipiam
1307 4287 1635 4372 videntur,
1694 4287 1805 4371 qui
1848 4286 2198 4352 damnatus

273 4377 462 4459 capite
517 4387 587 4445 et
642 4386 866 4443 tamen
926 4376 1206 4462 gratiam
1264 4383 1722 4457 consequutus,
1792 4373 1951 4439 velit
2008 4390 2196 4438 suam

274 4460 490 4529 iterum
530 4483 797 4531 causam
840 4463 967 4547 agi,
1012 4468 1081 4528 et
1122 4459 1401 4528 dedecus
1436 4481 1512 4527 ac
1544 4458 1974 4544 ignominiam
2009 4475 2197 4522 suam

274 4549 557 4615 renovari
640 4557 708 4616 et
777 4547 1115 4632 publicari.
1202 4546 1373 4612 Nam
1439 4556 1672 4611 contra
1735 4544 1849 4628 qui
1913 4543 2194 4629 gratiam

275 4643 646 4719 assequutus
668 4641 786 4714 est,
829 4654 1022 4700 suum
1051 4632 1297 4701 crimen
1333 4631 1575 4710 horret,
1618 4638 1686 4696 et
1716 4630 2003 4696 maxime
2024 4625 2194 4711 quod

276 4718 600 4804 vulgatum
643 4721 732 4786 sit
771 4718 965 4799 dolet,
1008 4739 1083 4785 ac
1125 4719 1389 4803 penitus
1432 4715 1720 4783 deletum
1761 4725 1829 4782 et
1862 4713 2192 4798 sepultum

277 4807 524 4889 expetit.
611 4805 790 4889 Quid
834 4826 991 4873 vero
1034 4803 1214 4870 aliud
1255 4810 1414 4871 sunt
1444 4801 1637 4881 idola,
1681 4800 2066 4887 quibuscum
2100 4799 2196 4863 in-

275 4890 529 4974 creduli,
562 4901 641 4960 ut
671 4911 857 4960 sacra
884 4891 1208 4977 scriptura
1224 4890 1536 4975 loquitur,
1569 4897 1960 4968 scortantur,
1996 4902 2193 4969 quam

278 4976 529 5044 totidem
599 4977 1028 5046 accusationis
1096 4977 1309 5061 capita
1372 4974 1609 5061 quibus
1656 4974 1958 5040 irritatus
2009 4971 2196 5037 Deus

278 5060 354 5126 ad
393 5063 744 5132 vindictam
786 5060 1171 5131 sumendam
1214 5059 1651 5147 provocetur?
1708 5059 1881 5127 Nam
1923 5055 2195 5144 perinde

1585 320 1684 387 IN
1730 321 1784 388 Ι.
1828 320 2011 390 LIB.
2058 318 2462 388 SAMUEL.
2508 319 2710 388 OAP.
2756 320 2915 386 VII.

4114 333 4244 398 510

2293 508 2566 590 monem,
2630 509 2817 592 quasi
2879 509 3198 577 dicerent:
3266 511 3370 578 'l'u
3433 532 3568 580 non
3632 515 3806 580 solus
3848 516 4127 601 gloriam
4174 531 4238 585 et

2294 599 2706 661 maiestatem
2772 596 3057 664 obtines:
3123 618 3244 664 nos
3302 599 3480 665 enim
3538 599 3788 685 ligneas
3847 605 3950 669 vel
4007 626 4240 674 saxeas

2293 690 2546 779 statuas
2583 681 2934 762 ereximus,
2968 682 3202 767 quibus
3242 683 3510 750 deorum
3547 707 3786 751 nomen
3821 700 3894 753 et
3924 690 4238 758 honorem

2295 766 2667 834 tribuimus.
2756 767 2942 833 Vahl
3009 769 3166 852 quid
3212 769 3392 835 aliud
3432 771 3609 837 istud
3653 783 3754 837 est
3835 796 3988 841 uam
4033 780 4241 862 ipsius

2295 851 2421 951 Dei
2496 854 2904 920 maiestatem
2963 854 3236 938 pedibus
3296 856 3722 923 conculcare?
3864 863 4234 930 uamobrem

2296 958 2351 1002 ει
2394 939 2635 1038 seriam
2679 941 3149 1022 poenitentiam
3193 960 3389 1025 agere
3431 942 3756 1025 volumus,
3819 966 3955 1012 non
3999 949 4241 1018 sufficit

2295 1023 2526 1088 saluth
2606 1024 2965 1090 doctrinam
3031 1045 3196 1109 pure
3260 1029 3678 1106 annunciare,
3760 1031 3875 1098 sed
3938 1034 4237 1103 funditus

2294 1128 2553 1210 omnem
2605 1195 2620 1210 ·
2649 1109 3084 1176 idololatriam
3150 1121 3407 1195 oportet
3469 1117 3816 1199 exstirpari
3884 1128 3950 1183 et
4013 1120 4237 1202 deleri,

2293 1215 2423 1343 gua
2481 1194 2648 1260 nrhrl
2702 1196 2831 1262 nisi
2888 1196 3102 1263 maius
3157 1198 3228 1263 in
3288 1220 3407 1265 nos
3450 1200 3577 1266 Dei
3623 1201 3933 1269 iudicium
3979 1214 4046 1272 et
4087 1229 4240 1275 con·

2337 1282 2780 1347 emnationem
2843 1283 3251 1351 accersimus.
3343 1286 3597 1353 Deinde
3653 1286 3868 1353 danda
3926 1310 4122 1376 opera
4166 1302 4241 1360 ut

2293 1364 2376 1431 ad
2428 1366 2655 1466 Deum
2715 1370 3011 1435 conversi
3070 1390 3197 1435 non
3244 1369 3371 1436 alio
3414 1371 3814 1451 aberremus,
3879 1379 3992 1442 sed
4039 1401 4234 1463 quam

2292 1451 2665 1521 audivimus
2736 1475 2818 1518 ex
2890 1454 3216 1540 propheta
3279 1457 3625 1525 Ezechiele
3682 1458 4044 1528 doctrinam
4100 1465 4241 1531 dili-

2293 1547 2528 1622 genter
2560 1538 3001 1617 observemus,
3040 1541 3354 1607 nimirum
3390 1543 3564 1626 quod
3601 1566 3732 1611 non
3768 1547 3977 1614 solum
4017 1550 4240 1617 inania

2294 1635 2364 1691 et
2403 1643 2580 1690 vana
2624 1625 2832 1691 multa
2874 1634 3218 1707 sectamur,
3264 1628 3498 1711 quibus
3540 1629 3613 1695 in
3650 1630 3925 1699 exitium
3962 1637 4236 1715 ruimus,

2295 1709 2409 1776 sed
2444 1711 2663 1811 ‘etiam
2722 1711 2893 1795 quod
2952 1730 2991 1776 a
3045 1710 3191 1777 Deo
3247 1714 3504 1797 placide
3556 1716 3820 1784 invitati
3878 1719 3961 1785 ad
4017 1723 4241 1805 poeni-

2294 1805 2595 1876 tentiam,
2653 1797 2736 1862 ad
2794 1797 3188 1864 levissimam
3248 1800 3535 1884 aliquam
3586 1823 3814 1869 auram
3873 1805 3999 1872 alio
4051 1828 4242 1876 aver-

2295 1893 2531 1963 tamur,
2595 1892 2668 1948 ut
2723 1883 2834 1950 vel
2892 1904 3156 1950 muscae
3209 1886 3468 1952 volatus
3523 1907 3562 1952 a
3605 1891 3935 1973 proposito
3979 1913 4097 1960 nos
4133 1893 4240 1961 de·

2295 1979 2559 2035 terreat.
2646 1969 2833 2035 Tunc
2889 1969 3112 2052 itaque
3161 1971 3356 2037 minis
3399 1972 3615 2038 Deum
3663 1995 3858 2060 agere
3900 1979 4238 2047 nobiscum

2293 2062 2570 2140 oportet,
2613 2054 2725 2121 sed
2772 2076 2935 2139 quas
2978 2057 3335 2122 etiamnum
3381 2057 3572 2125 valde
3604 2061 3790 2144 parvi
3826 2063 4119 2146 facimus,
4163 2087 4239 2132 ac

2293 2143 2410 2208 vix
2471 2142 2701 2224 pedem
2746 2162 3016 2207 movere
3056 2162 3403 2225 possumus
3444 2144 3528 2210 ad
3571 2147 3904 2215 meliorem
3951 2166 4237 2218 mentem

2292 2226 2710 2293 induendam.
2800 2226 2935 2294 Sed
2992 2237 3220 2293 contra
3273 2228 3530 2295 diabolo
3585 2253 3705 2298 nos
3746 2234 3854 2300 vel
3895 2236 4131 2303 leviter
4173 2248 4240 2303 et

2292 2313 2572 2396 quodam
2631 2321 2891 2379 tantum
2948 2313 3191 2381 indicio
3247 2328 3658 2399 provocante,
3722 2340 3851 2385 non
3909 2321 4098 2387 modo
4155 2325 4235 2387 ad

2292 2397 2712 2479 currendum,
2765 2398 2881 2465 sed
2923 2399 3142 2476 etiam,
3187 2401 3243 2467 si
3285 2402 3430 2467 fie'ri
3475 2413 3711 2486 posset,
3755 2406 3836 2471 ad
3883 2408 4235 2475 volandum

2294 2504 2522 2551 sumus
2579 2484 2996 2568 paratissimi.
3085 2484 3412 2567 Quoniam
3459 2489 3661 2571 igitur
3718 2502 3954 2557 natura
4010 2515 4239 2560 sumus

2294 2581 2428 2637 tam
2485 2571 2653 2636 varii
2710 2581 2778 2637 et
2833 2571 3300 2653 inconstantes,
3355 2580 3424 2639 et
3483 2573 3566 2640 ad
3609 2575 4040 2644 idololatriam
4087 2601 4238 2663 pro·

2292 2656 2513 2738 clives,
2555 2655 2956 2723 removenda
2994 2664 3252 2724 mature
3294 2660 3512 2726 omnia
3546 2661 3897 2730 simulacra
3931 2671 3998 2730 et
4030 2667 4237 2732 offen-

2292 2741 2524 2823 dicula,
2571 2763 2656 2808 ne
2698 2741 2780 2807 ab
2822 2741 2954 2810 illis
2998 2743 3070 2809 in
3113 2744 3469 2828 perniciem
3513 2747 3933 2831 abripiamur,
3980 2760 4052 2816 ut
4097 2774 4237 2818 ma-

2291 2830 2539 2895 ximam
2595 2828 2822 2893 mundi
2880 2837 3134 2913 partem
3192 2839 3427 2913 sponte
3470 2829 3676 2917 decipi
3723 2843 3791 2900 et
3832 2856 4051 2902 errare
4093 2859 4241 2904 con-

2292 2916 2619 2999 spicimus.
2668 2912 2892 2995 Quare
2927 2915 2982 2981 si
3019 2915 3168 2999 quis
3212 2915 3402 2983 hodie
3444 2918 3686 2984 multas
3707 2924 4147 2988 caeremonias
4168 2925 4238 2988 in

2290 3000 2420 3066 Dei
2460 3000 2710 3067 cultum
2754 3000 3043 3083 invehat,
3086 3001 3323 3085 quibus
3363 3003 3633 3070 minime
3673 3004 3843 3072 laedi
3880 3017 3990 3073 aut
4029 3009 4237 3091 profa-

2295 3086 2436 3151 nari
2495 3086 2705 3151 divini
2749 3085 2965 3154 cultus
3013 3087 3368 3172 puritatem
3413 3101 3680 3170 asserat,
3723 3102 3918 3175 atque
3953 3115 4058 3160 res
4091 3094 4240 3161 illas

2294 3171 2747 3237 indifferentes
2828 3193 2988 3253 esse,
3066 3172 3148 3239 ad
3232 3194 3393 3258 quas
3463 3175 3684 3243 nullus
3755 3177 4063 3256 offendat,
4132 3200 4243 3247 ve-

2293 3257 2443 3358 luti,
2497 3257 2556 3325 si
2598 3257 2890 3323 chrisma
2931 3268 3000 3324 et
3040 3260 3136 3324 sal
3181 3260 3250 3325 in
3294 3260 3642 3361 baptismo,
3698 3261 3873 3346 quod
3916 3264 4047 3330 iam
4094 3277 4246 3332 ante

2295 3343 2474 3443 mille
2528 3342 3043 3428 quadringentos
3101 3365 3312 3412 annos
3373 3368 3443 3411 m
3501 3367 3627 3413 usu
3686 3348 3839 3433 sint,
3897 3349 4246 3435 addantur,

2294 3429 2462 3496 mhil
2565 3430 2661 3494 illi
2754 3428 3209 3497 decessurum:
3313 3431 3552 3516 quibus
3629 3434 3686 3500 si
3764 3434 3938 3502 linea
4017 3438 4245 3504 cucula

2293 3515 2489 3581 fuerit
2545 3514 2813 3594 adiecta,
2871 3514 2953 3582 ad
3019 3515 3293 3582 Domini
3351 3518 3558 3584 nostri
3601 3520 3754 3586 Iesu
3797 3521 4046 3588 Christi
4092 3544 4241 3608 pas-

2292 3603 2540 3668 sionem
2597 3602 2668 3667 in
2753 3601 3134 3668 memoriam
3219 3602 3671 3686 revocandam,
3755 3618 3872 3672 aut
3949 3610 4007 3674 si
4072 3630 4238 3692 quae

2293 3687 2530 3754 similia
2615 3687 3048 3771 proferantur,
3147 3686 3497 3773 diligenter
3583 3692 4237 3762 animadvertendum

2294 3772 2453 3857 quid
2506 3773 2683 3839 facto
2741 3794 2907 3858 opus
2962 3773 3068 3858 sit,
3125 3793 3212 3840 ne
3269 3794 3309 3841 a
3367 3774 3783 3859 simplicitate
3841 3781 3908 3844 et
3952 3781 4238 3864 puritate

2296 3859 2620 3943 evangelii
2665 3858 3064 3938 recedamus,
3132 3881 3334 3944 quum
3377 3870 3510 3925 tam
3554 3862 3937 3932 inconstans
3980 3875 4046 3932 et
4090 3887 4238 3933 ver-

2295 3944 2504 4011 satilis
2538 3946 2628 4011 sit
2662 3954 2897 4009 natura
2932 3957 3175 4025 nostra,
3221 3952 3294 4011 ut
3336 3957 3663 4014 momento
3705 3948 3791 4015 ad
3818 3951 4230 4019 mendacium

2298 4029 2762 4111 distrahamur,
2818 4038 2886 4095 et
2928 4031 3081 4097 licet
3140 4052 3268 4098 non
3323 4052 3711 4100 moveamur
3756 4035 3904 4102 istis
3946 4037 4237 4119 obiectis,

2298 4125 2432 4182 tam
2490 4115 2684 4181 multi
2743 4125 2960 4181 tamen
3019 4116 3155 4182 sint
3210 4118 3282 4182 in
3337 4117 3531 4185 corde
3586 4119 3877 4188 humano
3921 4143 4237 4201 recessus,

2299 4212 2372 4269 ut
2428 4221 2615 4267 mera
2669 4202 2760 4268 sit
2814 4200 3196 4286 hypocrisis,
3261 4203 3390 4270 nisi
3445 4204 3633 4272 Deus
3691 4227 3814 4273 sua
3871 4207 4118 4275 virtute
4170 4219 4236 4272 et

2299 4287 2573 4371 spiritus
2628 4288 2840 4354 sancti
2906 4287 3193 4354 efficacia
3255 4289 3327 4355 in
3380 4289 3569 4358 nobis
3635 4301 3959 4376 operetur.
4059 4292 4232 4358 Nam

2298 4393 2457 4440 sane
2502 4373 2631 4439 nisi
2675 4372 2802 4438 Dei
2846 4373 3082 4456 spiritu
3127 4393 3436 4459 regamur
3475 4383 3543 4444 et
3583 4377 4023 4459 cohibeamur,
4066 4399 4234 4445 sem-

2298 4480 2417 4543 per
2474 4480 2705 4526 sumns
2763 4458 3086 4543 proclives
3141 4459 3212 4525 in
3256 4461 3495 4529 stultas
3537 4470 3795 4530 nostras
3837 4462 4236 4543 devotiones,

2297 4556 2366 4612 et
2419 4545 2644 4611 inania
2700 4552 3088 4626 commenta,
3154 4566 3324 4630 quae
3382 4545 3645 4632 quidem
3709 4569 3967 4615 summo
4034 4549 4233 4615 animi

2298 4629 2534 4697 ardore
2591 4639 2658 4696 et
2700 4631 3118 4698 vehementia
3160 4640 3443 4699 tuemur.
3532 4635 3750 4717 Atque
3792 4634 3913 4700 has
3956 4634 4040 4700 ob
4082 4653 4234 4701 cau-

2297 4738 2405 4785 sas
2462 4716 2763 4783 videmus
2829 4715 3205 4783 Samuelem
3261 4717 3373 4786 hic
3435 4720 3745 4803 populum
3810 4719 4233 4787 israeliticum

2298 4802 2570 4881 hortari,
2615 4811 2692 4868 ut
2733 4802 3002 4869 abiectis
3043 4802 3368 4888 prioribus
3399 4802 3535 4871 illis
3568 4804 3871 4872 omnibus
3906 4804 4236 4871 abomina-

2298 4888 2588 4954 tionibus
2669 4888 2914 4954 sentiat
2990 4888 3412 4972 profanatum
3589 4890 3959 4973 llutumque
4036 4890 4236 4958 fuisse

2296 4974 2426 5041 Dei
2469 4973 2738 5054 cultum,
2799 4981 2994 5059 atque
3046 4973 3436 5042 tantundem
3526 4996 3566 5043 e
3609 4976 3737 5042 Dei
3794 4976 4004 5060 gloria
4045 4976 4236 5043 dimi-

2299 5070 2555 5138 nutum,
2600 5067 2922 5143 quantum
2957 5059 3164 5128 foedis
3198 5059 3330 5127 illis
3363 5061 3935 5145 superstitionibus
3968 5063 4236 5129 honoris

278 5145 512 5215 faciunt
583 5150 697 5235 qui
773 5149 1121 5217 simulacra
1176 5148 1247 5214 in
1302 5147 1566 5233 templis
1620 5147 1926 5228 retinent,
2005 5163 2083 5210 ac
2136 5142 2193 5209 si
2299 5157 2402 5214 est
2456 5146 2872 5213 attributum.
2958 5145 3094 5212 Sed
3151 5153 3488 5231 praeterea
3541 5167 3679 5212 non
3724 5156 3984 5216 tantum
4039 5148 4236 5216 abiici

281 5230 411 5300 Deo
460 5236 584 5321 ipsi
642 5236 1037 5305 insultarent
1078 5236 1551 5321 exprobrantes
1591 5232 1692 5299 illi
1735 5230 1984 5319 gloriae
2026 5229 2194 5297 divi·

2302 5229 2523 5300 foedas
2579 5232 3076 5318 superstitiones
3131 5229 3332 5313 iubet,
3398 5252 3626 5300 verum
3691 5233 3886 5301 etiam
3953 5234 4240 5319 postulat
