5059 6059
112 39 378 48 —,—.—.-

163 5219 168 5310 l
208 5207 655 5294 puniendum,
711 5207 835 5274 etsi
891 5214 1112 5272 tamen
1158 5225 1230 5271 se
1267 5226 1502 5290 passus
1545 5221 1646 5275 est
1688 5208 2163 5274 vehementiori
2264 5226 2411 5273 vos.-
2452 5207 2592 5273 viro
2631 5210 2836 5271 atatem
2875 5223 2993 5271 suo

173 5715 196 6059 l

230 303 346 372 53⁷
1119 325 1130 336 ·
1501 304 1601 370 IN
1645 303 1702 372 1.
1747 304 1929 370 LIB.
1973 302 2379 372 SAMUEL.
2424 303 2623 372 oAP.
2667 305 2894 371 XXV.
4075 303 4204 370 538

231 501 388 560 esset
408 489 695 568 Domini,
737 501 804 557 et
845 492 1272 558 transituram
1315 491 1399 556 ad
1444 512 1594 559 suos
1638 503 1931 575 posteros
1975 494 2161 577 regni

235 576 693 644 successionem
772 579 998 658 sciret,
1077 577 1149 642 in
1231 586 1569 643 aeternum
1631 597 2162 662 permansuram:

233 662 405 731 Sauli
461 672 681 727 tamen
741 682 925 728 suam
987 663 1373 748 dignitatem
1431 664 1829 743 reservavit,
1901 666 1970 729 in
2027 683 2155 747 quo

233 746 509 816 nondum
566 747 762 832 plane
818 748 946 813 Dei
1003 749 1281 833 gratiam
1342 750 1731 816 exstinctam
1793 759 2017 834 norat,
2087 770 2164 815 ac

231 833 491 920 proinde
549 834 653 899 cui
714 834 1027 899 honorem
1090 834 1401 900 exhibere
1444 844 1510 901 et
1553 834 1785 902 subiici
1831 834 1911 900 ad
1957 835 2165 919 ipsius

233 940 429 1004 nsque
482 929 758 984 mortem
818 931 1117 1003 oportere
1162 938 1290 985 non
1334 921 1700 1004 ignorabat.
1791 921 1916 987 Illa
1960 922 2165 1005 igitur

235 1003 496 1070 Davidis
554 1004 930 1071 humanitas
973 1006 1043 1070 in
1088 1004 1341 1070 hostem
1389 1007 1653 1090 speciali
1699 1008 1952 1072 ratione
1999 1008 2161 1071 nite—

233 1092 430 1170 batur,
472 1099 540 1156 et
573 1091 890 1175 singulari
971 1092 1291 1176 rivilegio,
1336 1092 1504 1175 quod
1551 1114 1590 1158 a
1616 1094 1756 1159 Deo
1802 1093 1867 1158 in
1915 1094 2163 1177 regiam

234 1175 607 1262 dignitatem
647 1187 911 1242 evectus
1003 1177 1154 1242 avid
1192 1176 1614 1244 honorandus
1649 1187 1852 1244 esset:
1894 1177 2165 1244 Nabalia

233 1281 376 1328 vero
416 1262 612 1348 longe
657 1261 880 1347 dispar
920 1263 1043 1329 fuit
1087 1263 1270 1328 ratio.
1359 1263 1527 1329 Nam
1575 1265 1697 1331 etsi
1740 1262 1957 1330 David
2003 1285 2163 1329 non·

231 1348 376 1413 dum
408 1347 479 1412 in
525 1348 714 1432 regni
758 1347 1238 1431 possessionem
1281 1350 1520 1415 missus
1562 1359 1738 1416 erat:
1785 1350 2166 1434 designatus

229 1443 438 1499 tamen
474 1454 595 1499 rex
642 1434 871 1513 fuerat,
915 1433 1078 1498 adeo
1120 1432 1383 1517 quidem
1428 1443 1506 1500 ut
1551 1437 1662 1519 qui
1710 1457 1839 1501 non
1887 1455 2164 1521 agnove-

227 1528 375 1584 runt
402 1519 575 1584 hanc
601 1520 864 1585 Domini
902 1519 1278 1586 electionem
1320 1540 1440 1584 nec
1473 1541 1545 1585 se
1580 1520 1677 1586 illi
1713 1523 2165 1588 subiecerunt:

225 1606 452 1670 merito
499 1613 813 1688 tanquam
859 1604 1173 1671 adversus
1225 1606 1436 1671 Deum
1483 1608 1696 1690 ipsum
1744 1621 2166 1674 contumaces

226 1688 533 1774 puniendi
597 1691 860 1756 fuerint.
952 1691 1169 1757 Moses
1235 1692 1642 1776 Aegyptium
1708 1693 1895 1759 illum
1960 1694 2165 1758 inter-

225 1778 441 1842 ficiens
510 1775 801 1842 nondum
867 1775 1086 1842 fuerat
1151 1777 1376 1860 populi
1436 1800 1512 1844 ca
1561 1789 1633 1843 ut
1690 1788 1758 1844 et
1814 1777 2167 1846 conductor

229 1861 610 1939 declaratus,
656 1871 724 1927 et
761 1862 818 1928 is
852 1863 962 1945 qui
1002 1861 1314 1946 populum
1353 1864 1523 1929 israe
1549 1863 1775 1931 iticum
1817 1887 1902 1931 ex
1923 1885 2166 1950 aegyp·

227 1949 387 2014 tiaca
447 1948 838 2030 captivitate
903 1957 1048 2013 erat
1109 1948 1540 2030 liberaturus,
1606 1950 1719 2016 sed
1785 1958 1864 2016 ut
1928 1951 2021 2016 ait
2079 1950 2164 2017 D.

225 2031 607 2117 Stephanus
651 2034 1055 2099 vocationem
1101 2054 1287 2099 suam
1332 2035 1533 2119 probe
1576 2043 1790 2102 norat.
1878 2036 1994 2104 Sic
2029 2036 2167 2101 Da·

227 2118 330 2183 vid
363 2119 607 2185 sciebat
645 2119 768 2185 sibi
807 2118 1026 2184 datam
1060 2140 1098 2183 a
1120 2118 1265 2186 Deo
1309 2128 1722 2205 potestatem,
1763 2122 2165 2207 impietatem

225 2215 288 2268 et
338 2202 888 2289 ingratitudinem
947 2205 1318 2284 coercendi,
1376 2217 1444 2272 et
1501 2205 1918 2290 blasphemas
1977 2226 2169 2274 voces

224 2309 381 2373 quas
425 2290 742 2356 adversus
788 2311 1007 2374 regem
1054 2310 1093 2354 a
1124 2290 1269 2356 Deo
1315 2291 1725 2376 designatum
1770 2305 2167 2374 evomuerat,

223 2384 288 2440 et
340 2385 684 2458 praeterea
738 2376 1099 2443 calumnias
1157 2397 1320 2459 quas
1360 2378 1430 2442 in
1481 2378 1802 2444 Davidem
1849 2387 2164 2463 tanquam

267 2461 618 2527 medonem
689 2461 935 2527 iniuste
983 2469 1070 2527 -et
1139 2463 1303 2529 falso
1374 2465 1740 2531 coniecerat
1821 2465 2167 2549 puniendi:

222 2481 375 2612 Haec
431 2548 702 2630 inquam
764 2547 978 2613 David
1039 2547 1319 2615 sciebat:
1377 2548 1490 2616 sed
1549 2571 1681 2615 non
1739 2549 1889 2616 ideo
1947 2560 2164 2617 tamen

225 2631 486 2697 videtur
529 2653 575 2700 a
621 2633 859 2698 vitiosa
897 2634 1203 2716 passione
1246 2634 1678 2715 excusandus,
1723 2635 1892 2720 quod
1936 2657 2167 2720 super·

221 2717 424 2782 fluum
483 2728 553 2784 et
593 2718 827 2783 inutile
869 2719 1053 2799 foret,
1113 2720 1236 2785 etsi
1283 2731 1499 2786 tamen
1546 2743 1676 2787 nou
1722 2728 1823 2788 est
1864 2725 2169 2789 condem-

224 2803 477 2870 naudus
536 2809 852 2887 tanquam
912 2805 967 2869 si
1026 2805 1172 2888 quis
1216 2807 1516 2888 privatus
1559 2806 1812 2873 illatam
1857 2807 2168 2875 iniuriam

221 2888 440 2955 ulcisci
498 2889 729 2956 vellet:
789 2889 1072 2955 Davidis
1127 2891 1304 2958 enim
1350 2891 1635 2959 conditio
1677 2913 1718 2958 a
1806 2893 2166 2959 rivatorum

221 2975 563 3041 vocatione
616 2973 966 3060 diligenter
1024 2989 1119 3041 est
1180 2976 1665 3063 distinguenda.
1723 3013 1736 3024 .
1821 3000 1925 3045 am
1988 2981 2169 3046 Deus

221 3061 628 3143 privatorum
689 3081 927 3126 manus
983 3062 1186 3127 veluti
1247 3064 1525 3130 vinculis
1570 3063 1979 3150 constringit,
2024 3065 2163 3150 qui·

223 3145 336 3212 bus
388 3167 522 3213 non
580 3145 740 3211 facit
791 3153 1180 3230 potestatem
1240 3149 1307 3214 in
1350 3150 1710 3235 flagitiosos
1752 3150 2166 3217 animadver-

221 3231 417 3299 tendi.
510 3230 649 3299 Sed
702 3232 835 3298 alia
890 3233 1013 3298 fuit
1059 3233 1333 3300 Davidis
1376 3235 1679 3316 conditio,
1724 3237 1832 3320 qui
1878 3236 2167 3320 profecto

216 3318 646 3480 mm.
693 3318 1886 3474 {tffia;}h³2.‡2.ffi⁸¹ztffi.oeztf
1887 3343 2168 3474 ‘³133‘ssss

217 3508 479 3556 cauum
526 3490 767 3556 babere
811 3489 1163 3556 videretur.
1252 3492 1436 3558 Deus
1479 3459 1687 3579 igitur³
1726 3514 1874 3560 eum
1920 3494 2164 3559 autori-

216 3583 370 3657 tate,
413 3585 483 3643 et
527 3575 797 3660 speciali
840 3574 1187 3661 privilegio
1229 3576 1548 3645 adversus
1590 3579 1904 3645 Nabalem
1950 3600 2167 3645 arma-

217 3662 352 3741 vit,
435 3681 645 3747 quum
726 3659 1042 3727 militibus
1122 3661 1309 3729 illum
1375 3664 1605 3747 stipari
1674 3666 1880 3732 voluit
1946 3685 2028 3730 ne
2090 3664 2164 3731 in

212 3746 504 3815 hostium
543 3766 778 3812 manus
811 3747 1088 3827 veniret,
1125 3755 1193 3813 et
1220 3750 1382 3832 ipsis
1416 3748 1655 3834 praeda
1688 3752 1895 3818 fieret.
1945 3749 2162 3817 David

215 3832 420 3918 igitur
482 3853 635 3899 cum
702 3833 842 3898 suis
897 3832 1217 3900 militibus
1274 3855 1417 3901 sese
1475 3835 1678 3902 armis
1733 3845 1987 3902 tutatus
2043 3843 2164 3916 est,

215 3940 346 3985 nou
406 3927 484 3984 ut
530 3916 719 3985 Sauli
780 3930 1040 3986 noceret
1095 3927 1211 3984 aut
1253 3918 1333 3986 de
1378 3920 1700 4006 dignitate
1742 3922 1763 3987 i
1812 3942 1959 3987 sum
2005 3921 2164 3987 deii·

215 4014 424 4085 ceret,
485 4006 604 4071 sed
660 4013 735 4070 ut
792 4004 1001 4070 vitam
1060 4025 1247 4070 suam
1311 4026 1706 4092 suorumque
1808 4007 2163 4074 efenderet.

212 4091 398 4158 Deus
451 4090 669 4176 igitur
710 4088 959 4155 Davidi
1015 4090 1397 4157 comitatum
1456 4092 1643 4160 illum
1704 4090 1911 4171 dedit,
1975 4112 2052 4158 ac
2107 4094 2164 4159 si

208 4175 1321 4330 semaeias-..rursus
1335 4177 1833 4330 amatu.
1855 4177 2168 4330 aaz

211 4359 278 4415 et
313 4349 726 4415 tumultuose
758 4347 1008 4433 aliquid
1043 4347 1305 4427 faciant,
1350 4349 1465 4414 sed
1501 4359 1578 4416 ut
1621 4351 1676 4416 si
1720 4352 1836 4416 fiat
1875 4350 1944 4415 in
1987 4351 2165 4433 ipsos

213 4435 507 4521 impetus
529 4485 543 4511 ,
625 4443 693 4499 et
756 4435 1041 4517 quietem
1105 4433 1396 4517 ipsorum
1465 4434 1664 4519 aliqui
1733 4435 2165 4516 turbaverint,

211 4541 353 4588 sese
387 4520 600 4588 armis
636 4528 961 4599 tueantur,
1004 4527 1070 4585 et
1105 4520 1404 4587 inimicos
1447 4541 1601 4587 suos
1644 4523 2014 4607 profligent.
2058 4521 2166 4587 Ita

211 4605 399 4674 Deus
469 4603 721 4671 Davidi
795 4616 1111 4688 tanquam
1177 4606 1637 4690 praesidiarios
1702 4608 1861 4672 istos
1927 4608 2166 4674 milites

210 4693 450 4777 quibus
488 4711 562 4757 se
599 4699 896 4757 tueretur
930 4689 1127 4756 dedit.
1191 4690 1335 4757 Non
1376 4693 1573 4775 igitur
1617 4702 1860 4759 temere
1883 4692 2165 4761 Davidis

212 4778 598 4865 exemplum
645 4777 831 4843 nobis
874 4775 1265 4842 imitandum
1310 4787 1410 4843 est
1449 4780 1519 4843 in
1564 4778 1945 4865 colligendis
1991 4779 2164 4845 mili-

212 4864 409 4944 tibus,
473 4873 549 4930 et
602 4862 892 4928 humano
945 4862 1270 4947 sanguine
1309 4862 1660 4946 fundendo,
1716 4864 1842 4931 nisi
1886 4864 2167 4949 speciale

2264 498 2450 557 aestu
2505 491 2880 558 iracundiae
2936 492 3165 576 abripi,
3221 489 3393 574 quod
3451 488 4021 557 condemnandum
4081 501 4202 558 est.

2265 577 2435 643 Nam
2497 579 2556 644 si
2611 577 2815 643 iudex
2873 600 2991 664 pro
3049 575 3363 644 tribunali
3421 576 3656 642 sedens
3699 577 4090 643 sententiam
4137 577 4208 643 in

2265 662 2636 729 maleficum
2692 663 2878 743 ferat,
2935 675 2999 730 et
3057 662 3274 747 aliqua
3329 663 3630 745 passione
3685 662 3755 727 in
3799 665 4009 746 ipsum
4059 672 4204 728 tan·

2268 769 2464 832 quam
2502 748 2837 814 inimicum
2873 758 3235 830 exaestuet,
3279 758 3525 814 certum
3565 755 3665 813 est
3701 748 3946 814 violare
3988 747 4206 832 ipsum

2266 844 2332 899 et
2396 855 2813 919 corrumpere
2885 835 3169 902 iustitiae
3234 834 3699 918 integritatem.
3803 833 3951 899 Non
4020 833 4211 901 aliter

2266 918 2489 986 David
2536 929 2603 985 et
2646 921 2905 1006 quidem
2954 922 3198 1005 potiore
3245 920 3496 985 ratione
3522 917 4064 985 'condemnandus
4107 929 4209 987 est

2268 1027 2469 1090 quum
2536 1006 2610 1071 in
2675 1006 2989 1073 Nabalem
3057 1006 3306 1072 exarsit
3374 1005 3634 1070 ulturus
3700 1005 4017 1090 iniurias,
4083 1005 4205 1071 etsi

2268 1092 2683 1157 autoritatem
2762 1113 2801 1157 a
2863 1091 3011 1157 Deo
3094 1090 3448 1175 accepisset
3512 1090 3726 1175 ipsum
3797 1090 4208 1157 ulsciscendi.

2271 1177 2593 1261 Equidem
2639 1178 2843 1244 fateor
2862 1176 3188 1245 Davidem
3232 1176 3511 1260 quodam
3558 1177 3801 1260 gloriae
3823 1175 3952 1241 Dei
3995 1175 4211 1244 studio

2270 1262 2537 1329 ductum
2591 1262 2793 1330 fuisse
2837 1285 3033 1347 quum
3080 1264 3391 1328 miserum
3436 1262 3619 1328 illum
3670 1262 3986 1328 Nabalem
4034 1263 4212 1328 vide-

2268 1357 2371 1415 ret
2443 1370 2578 1413 non
2648 1359 2902 1415 tantum
2962 1349 3029 1414 in
3088 1371 3159 1414 se
3216 1347 3629 1432 blasphemas
3682 1347 3833 1414 illas
3892 1368 4082 1415 voces
4146 1356 4214 1414 et

2269 1434 2699 1501 contumelias
2746 1436 3017 1501 torsisse
3074 1455 3275 1518 quum
3337 1433 3612 1500 diceret:
3677 1433 3838 1515 Quis
3893 1438 3986 1500 est
4030 1433 4213 1516 filius

2272 1520 2417 1585 1εαί
2464 1524 2520 1585 et
2563 1519 2717 1603 quid
2746 1519 2912 1586 mihi
2951 1521 3051 1587 rei
3082 1540 3222 1586 cum
3255 1518 3422 1585 illo?
3488 1518 3600 1585 sed
3647 1520 3839 1585 etiam
3885 1520 3952 1585 in
3997 1519 4212 1603 ipsum

2269 1604 2486 1670 Deum
2548 1624 2587 1669 a
2645 1626 2773 1689 quo
2817 1605 3036 1672 David
3084 1606 3329 1672 electus
3372 1605 3585 1670 fuerat
3629 1613 3697 1670 et
3740 1615 4031 1672 vocatus.
4120 1605 4215 1671 Et

2270 1712 2403 1757 non
2450 1690 2718 1757 dubium
2764 1701 2864 1758 est
2907 1692 3067 1776 quin
3117 1688 3334 1758 David
3381 1692 3577 1756 etiam
3626 1690 3987 1758 doctrinam
4031 1689 4211 1758 illam

2270 1798 2466 1862 quam
2531 1777 2660 1843 alio
2725 1778 2863 1844 loco
2924 1777 3112 1844 docet
3169 1778 3444 1862 ipsemet
3506 1777 3855 1860 usurparit.
3958 1776 4210 1861 Nempe

2269 1861 2619 1947 opprobria
2676 1863 3091 1929 inimicorum
3149 1863 3216 1927 in
3278 1871 3475 1945 caput
3533 1863 3819 1946 ipsorum
3881 1861 4206 1930 recidisse.

2269 1947 2576 2032 Denique
2635 1970 2761 2014 non
2821 1948 3089 2015 dubium
3150 1956 3253 2015 est
3306 1948 3464 2031 quin
3510 1946 3730 2014 David
3789 1948 4036 2034 gloriae
4081 1948 4208 2014 Dei

2271 2034 2489 2099 studio
2547 2031 2785 2102 ductus
2830 2036 2948 2101 sit:
3008 2033 3122 2100 sed
3167 2034 3468 2119 quoniam
3516 2032 3808 2100 admixta
3851 2034 3973 2100 fuit
4015 2053 4209 2118 quae·

2273 2119 2422 2185 dam
2503 2121 2722 2204 passio
2788 2131 2854 2186 et
2918 2121 3116 2186 animi
3186 2119 3621 2204 perturbatio:
3698 2120 3766 2185 in
3832 2140 3909 2185 eo
3976 2120 4211 2185 merito

2270 2202 2601 2270 Davidem
2615 2205 3181 2272 condemnandum
3207 2206 3499 2272 dicimus.
3518 2204 3800 2289 Ideoque
3824 2227 3951 2271 non
3970 2214 4213 2271 temere

2269 2291 2476 2375 ipsius
2519 2292 2892 2374 exemplum
2940 2291 3062 2357 hoc
3107 2292 3244 2359 loco
3289 2289 3784 2375 insequendum,
3842 2290 3955 2357 sed
3998 2292 4212 2375 potius

2269 2376 2752 2462 agnoscendum
2813 2376 3127 2461 angelicis
3184 2377 3315 2443 illis
3372 2375 3731 2442 virtutibus
3775 2396 3937 2461 quas
3982 2396 4021 2441 a
4064 2375 4210 2442 Deo

2270 2471 2609 2547 acceperat
2675 2462 3001 2529 humanae
3060 2462 3463 2529 infirmitatis
3519 2462 3826 2546 reliquias
3884 2462 4213 2528 admixtas

2271 2548 2491 2616 fuisse.
2596 2548 2951 2615 Hominem
3019 2570 3176 2634 ergo
3241 2549 3441 2616 fuisse
3505 2547 3831 2614 Davidem
3890 2546 4077 2614 Deus
4143 2548 4210 2614 in

2271 2635 2456 2700 factis
2499 2633 2706 2718 ipsius
2749 2633 3070 2718 aliquibus
3114 2654 3429 2718 apparere
3472 2634 3708 2700 voluit:
3763 2645 3836 2699 ut
3879 2655 3997 2700 nos
4038 2635 4060 2699 i
4107 2654 4213 2699 sos

2273 2738 2642 2805 agnoscere,
2690 2728 2757 2784 et
2799 2720 3027 2804 quales
3068 2720 3276 2784 simus
3320 2719 3507 2785 fateri
3552 2719 3896 2800 discamus,
3942 2728 4018 2784 ut
4086 2719 4215 2785 icet

2272 2826 2390 2889 pro
2457 2806 2707 2872 viribus
2772 2806 3150 2889 perfectioni
3216 2803 3593 2871 studeamus
3616 2857 3633 2885 ,
3715 2805 3924 2870 multa
3989 2814 4211 2869 tamen

2271 2892 2455 2956 intus
2486 2891 2648 2957 vitia
2682 2913 2822 2958 esse
2855 2893 2928 2957 in
2963 2891 3152 2957 nobis
3188 2889 3441 2974 reliqua
3475 2890 3778 2971 sciamus,
3822 2912 3897 2957 ac
3942 2888 4213 2975 proinde

2272 2976 2500 3043 sedulo
2544 2976 2625 3041 ad
2672 2975 3032 3042 Dominum
3078 2986 3373 3042 nostrum
3418 2974 3636 3041 Iesum
3684 2976 4023 3042 Christum
4063 2996 4215 3041 con·

2269 3062 2337 3127 fu
2391 3062 2598 3129 ‘amus
2640 3063 2829 3130 cuius
2871 3064 3105 3148 spiritu
3145 3081 3473 3148 regamur,
3516 3075 3582 3127 et
3627 3061 3942 3130 violentos
3986 3082 4214 3127 omnes

2270 3170 2309 3214 a
2362 3159 2543 3215 ectus
2586 3169 2986 3233 superemus.

2442 3234 2581 3299 Iam
2624 3254 2785 3301 vero
2829 3235 3024 3321 agite,
3068 3238 3171 3301 etc.

2881 3577 3382 3661 HOMILIA
3427 3574 3600 3660 XO.

2441 3747 2544 3815 14.
2592 3746 2858 3832 Abiqail
2911 3751 3120 3814 autem
3176 3746 3367 3814 uxori
3414 3743 3629 3811 Nabal
3681 3746 4007 3812 nunciavit
4046 3765 4215 3814 unus

2266 3835 2345 3902 de
2390 3833 2624 3916 pueris
2675 3834 2818 3899 suis
2857 3832 3102 3901 dicens.-
3156 3832 3316 3899 Eece
3359 3830 3580 3897 David
3620 3831 3796 3898 misit
3836 3834 4096 3899 nuncios
4137 3833 4215 3900 de

2268 3922 2525 4001 deserto,
2579 3925 2654 3986 ut
2707 3919 3123 3984 benedicerent
3166 3917 3442 3984 Domino
3499 3921 3707 3984 nostro
3750 3922 3807 3983 et
3847 3918 4215 3985 adversatus

2270 4011 2364 4073 est
2416 4026 2534 4072 eos,
2624 4004 2725 4071 15.
2773 4003 3079 4071 Homines
3134 4003 3246 4069 isti
3301 4003 3449 4069 boni
3503 4002 3665 4069 satis
3711 4002 3973 4085 fuerunt
4009 4002 4208 4086 nobis,

2271 4096 2330 4158 et
2386 4111 2510 4157 non
2567 4091 2835 4172 molesti,
2889 4110 2999 4155 nec
3040 4090 3387 4172 quidquam
3429 4087 3770 4171 aliquando
3803 4087 4001 4172 periit
4039 4090 4211 4155 omni

2268 4182 2537 4259 tempore
2606 4198 2727 4260 quo
2780 4176 3122 4243 conversati
3174 4175 3425 4259 fuimus
3477 4194 3619 4242 cum
3676 4175 3772 4240 eis
3824 4176 3894 4240 in
3949 4174 4208 4242 deserto.

2274 4263 2375 4328 16.
2421 4261 2556 4328 Pro
2595 4281 2782 4328 muro
2823 4265 3003 4327 nant
3040 4260 3219 4328 nobis
3258 4265 3390 4325 tam
3432 4259 3502 4326 in
3545 4264 3711 4325 nocte
3748 4277 3937 4342 quam
3980 4259 4053 4324 in
4092 4258 4212 4341 die,
4314 4327 4323 4336 ,

2269 4348 2557 4414 munibus
2627 4347 2847 4415 diebus
2919 4347 3148 4430 quibus
3206 4347 3507 4430 pavimus
3571 4344 3746 4427 apud
3807 4362 3912 4409 eos
3969 4364 4208 4430 φορῶ.

2272 4434 2375 4501 17.
2442 4432 2853 4516 Quamobrem
2906 4433 3261 4517 considera,
3337 4437 3393 4497 et
3448 4429 3718 4516 recoyita
3773 4430 3932 4514 quid
3978 4431 4210 4514 facias,

2269 4521 2573 4604 quoniam
2627 4519 2924 4601 completa
2964 4523 3055 4585 est
3100 4518 3348 4585 malitia
3389 4516 3719 4584 adversum
3760 4516 3970 4581 virum
4010 4521 4188 4582 tuum

2269 4611 2329 4673 et
2380 4607 2716 4673 adversum
2756 4604 3080 4671 amenum
3122 4609 3319 4688 tuum,
3376 4608 3433 4669 a
3468 4602 3605 4683 ipse
3647 4605 3735 4666 est
3772 4600 3953 4684 filim
3994 4565 4211 4669 Baua}

2268 4692 2363 4758 ita
2429 4696 2502 4757 ut
2564 4710 2738 4757 nevno
2782 4690 2989 4774 possit
3038 4690 3098 4755 ei
3148 4690 3336 4773 loqui.
3441 4687 3542 4753 18.
3600 4685 3955 4752 Festinavit
4009 4687 4211 4772 iqitur

2268 4775 2536 4863 Abiqail
2587 4782 2646 4843 et
2702 4775 2842 4842 tulit
2891 4776 3182 4843 ducentos
3219 4794 3445 4857 panes,
3500 4777 3555 4837 et
3609 4771 3774 4840 duos
3825 4777 3996 4838 utres
4051 4774 4209 4856 vini,

2270 4868 2329 4929 et
2392 4864 2668 4947 quinque
2718 4863 2946 4928 arietes
2998 4865 3223 4941 cocto-3,
3277 4864 3334 4925 et
3384 4859 3655 4942 quinque
3708 4865 3853 4927 sata
3901 4857 4214 4941 polentae,

216 4951 341 5017 Dei
379 4947 774 5017 mandatum
819 4949 1183 5028 accesserit,
1240 4949 1789 5031 quemadmodum
1834 4948 2161 5016 Davidem
2268 4953 2326 5015 et
2379 4954 2624 5050 centum
2678 4947 2996 5033 liqaturas
3035 4965 3195 5011 uvae
3223 4964 3478 5028 passae,
3521 4948 3579 5008 et
3621 4943 3927 5018 ducentas
3969 4963 4220 5040 massas

213 5037 527 5104 videmus
578 5036 885 5101 statuisse
939 5034 1013 5135 in
1054 5032 1309 5134 ltiabale
1365 5036 1733 5102 severitatis
1788 5036 2161 5137 exemplum

209 5121 446 5204 edere,
515 5120 690 5206 qnod
755 5120 854 5185 1111
919 5119 1103 5186 licuit
1167 5117 1250 5184 ad
1316 5130 1761 5189 contumacem
1829 5122 2161 5188 hommem

2267 5053 2657 5102 comarum:
2715 5039 2774 5100 et
2826 5031 3122 5115 imposuit
3177 5050 3368 5113 super
3424 5029 3661 5097 asinos.
3759 5038 3874 5111 19.
3926 5025 4227 5105 Dixitque

2255 5123 2520 5204 Pssffl'S:
2563 5118 2924 5186 Praeoedite
2962 5120 4264 5315 mivffbdmmeqffffivtxffugosffi

4912 3491 4947 3684 ττι-’τι-
4910 3149 4933 3436 ···-·-·-=·
