5059 6059
295 317 403 386 473

290 529 419 578 oum
477 505 602 572 illis
652 504 956 586 habeant,
1020 504 1135 572 sed
1188 527 1467 590 quorum
1522 512 1748 573 tamen
1803 527 1994 572 usum
2056 527 2191 572 non

294 603 707 680 perceperunt,
767 612 977 675 neque
1022 591 1218 658 etiam
1263 602 1734 677 cognoverunt.
1821 590 2190 660 Sacrificio-

290 702 414 746 rum
464 677 629 744 enim
688 678 1121 744 substantiam
1184 699 1314 743 non
1374 680 1824 762 inspexerunt,
1885 699 2071 763 quae,
2116 689 2193 743 ut

290 784 467 848 supra
506 763 856 840 docuimus,
903 763 1293 831 documenta
1334 764 1604 830 fuerunt
1645 764 1878 848 quibus
1914 763 2191 848 populus

286 851 357 915 ad
414 848 868 934 poenitentiam
933 860 1000 914 et
1063 871 1287 917 veram
1352 849 1551 916 fidem
1615 850 2034 929 invitaretur,
2108 847 2191 916 ad

285 934 726 1020 poenitentiam
791 934 1071 1019 quidem,
1140 946 1212 1001 ut
1276 936 1521 1020 agnitis
1586 936 1867 1020 peccatis
1930 937 2054 1002 sibi
2109 935 2191 1001 de

284 1023 401 1087 illis
433 1021 818 1104 displiceret,
860 1029 929 1086 et
970 1022 1040 1087 in
1086 1030 1420 1105 posterum
1458 1021 1924 1088 detestaretur:
1985 1020 2067 1086 ad
2110 1022 2193 1087 fi-

285 1110 411 1172 dem
468 1128 642 1183 vero,
701 1116 778 1171 ut
832 1128 904 1173 se
956 1127 996 1171 a
1053 1117 1292 1173 natura
1337 1107 1773 1174 maledictioni
1817 1107 1944 1174 Dei
1987 1107 2190 1173 obno-

281 1195 406 1260 xios
457 1201 901 1276 agnoscentes,
957 1191 1129 1276 quod
1186 1194 1256 1257 in
1303 1213 1374 1260 se
1417 1215 1549 1260 non
1599 1193 1941 1271 habebant,
1996 1195 2191 1259 ratio-

278 1299 411 1345 nem
443 1288 599 1362 puta
641 1279 764 1342 Dei
801 1279 1203 1361 conciliandi,
1238 1277 1500 1345 aliunde
1534 1279 1823 1344 mutuari
1845 1278 2185 1357 discerent,

280 1385 489 1448 nempe
543 1384 582 1428 a
627 1365 914 1429 Domino
959 1377 1185 1431 nostro
1231 1364 1383 1431 Iesu
1430 1365 1732 1431 Christo:
1792 1385 1867 1432 ac
1911 1365 2185 1448 proinde

279 1472 353 1515 ne
390 1450 760 1515 dubitarent
802 1451 957 1533 quin
1003 1451 1286 1535 propitio
1329 1451 1475 1516 Deo
1521 1460 1884 1526 uterentur,
1927 1460 1995 1516 et
2035 1470 2185 1534 pec-

277 1546 540 1602 catorum
586 1537 1041 1601 remissionem
1078 1557 1193 1619 per
1233 1538 1628 1621 sanguinem
1662 1537 1817 1621 agni
1852 1536 2027 1602 illius
2060 1537 2183 1602 im-

276 1622 556 1688 maculati
616 1632 1193 1705 consequerentur.
1278 1625 1375 1688 At
1432 1622 1599 1688 nihil
1655 1622 1787 1688 tale
1840 1622 2183 1689 Philistaei

274 1707 331 1772 in
371 1708 497 1772 suis
538 1708 878 1773 sacrificiis
919 1710 1230 1792 cogitant,
1274 1709 1413 1774 sola
1454 1709 1588 1775 illic
1629 1719 1905 1775 externa
1938 1710 2183 1793 species

275 1803 329 1858 et
377 1804 743 1877 apparatus,
809 1803 877 1858 et
914 1793 1131 1861 fucata
1164 1796 1491 1861 sanctitas.
1583 1793 1730 1875 Quo
1765 1795 1976 1878 magis
2008 1793 2183 1861 istud

274 1877 437 1944 nobis
479 1878 634 1943 hinc
676 1879 1092 1944 retinendum
1135 1890 1252 1959 est,
1312 1883 1532 1945 omnia
1574 1892 1848 1946 externa
1888 1882 2076 1965 signa
2119 1893 2185 1944 et

274 1966 707 2043 caeremonias,
753 1966 990 2047 quibus
1025 1965 1096 2029 in
1136 1966 1261 2031 Dei
1297 1966 1480 2032 cultu
1515 1985 1911 2046 exercemur,
1952 1968 2182 2032 inanes

274 2059 333 2114 et
367 2051 571 2116 irritas
616 2049 777 2130 fore,
813 2051 943 2116 nisi
979 2071 1128 2117 cum
1163 2052 1394 2136 figuris
1435 2053 1679 2118 veritas
1714 2063 1783 2117 et
1815 2051 2183 2118 substantia

272 2139 698 2218 coniungatur.
785 2136 981 2212 Nam,
1036 2137 1320 2220 exempli
1380 2139 1610 2221 gratia,
1667 2138 2065 2222 baptismum
2109 2137 2183 2201 in

273 2219 489 2286 idolum
522 2243 598 2287 ac
639 2242 779 2286 rem
803 2222 1122 2287 ludicram
1143 2236 1210 2288 et
1234 2224 1679 2290 histrionicam
1701 2232 2180 2300 convertemus,

273 2307 384 2372 nisi
414 2307 693 2372 sciamus
714 2309 783 2372 in
807 2329 883 2374 eo
906 2307 1175 2374 Domini
1219 2311 1424 2375 nostri
1448 2308 1600 2376 Iesu
1622 2309 1874 2376 Christi
1917 2310 2183 2394 sangui-

272 2414 399 2457 nem
435 2392 623 2458 nobis
661 2395 1153 2476 repraesentari,
1210 2397 1393 2479 quasi
1437 2395 1677 2460 iterum
1721 2415 1841 2480 pro
1885 2394 2182 2461 lavandis

268 2480 480 2543 nostris
505 2485 795 2562 peccatis
818 2479 1233 2546 funderetur:
1277 2491 1343 2546 et
1365 2482 1493 2547 nisi
1534 2501 1999 2565 cognoscamus
2025 2480 2181 2564 bap-

268 2564 435 2630 tismo
484 2565 676 2631 nobis
713 2565 837 2630 Dei
887 2567 1165 2649 gratiam
1213 2577 1280 2631 et
1314 2566 1623 2634 virtutem
1663 2568 1873 2634 sancti
1908 2566 2180 2650 spiritus

267 2649 479 2734 offerri,
534 2662 609 2716 ut
676 2651 747 2716 in
806 2652 980 2716 vitae
1037 2652 1538 2717 sanctimoniam
1604 2653 2048 2731 reformemur,
2113 2660 2182 2717 et

265 2737 465 2802 nativa
495 2738 852 2819 corruptio,
897 2738 969 2802 in
1004 2756 1197 2820 quam
1222 2749 1458 2803 natura
1480 2738 1599 2804 toti
1620 2759 1848 2804 sumus
1868 2738 2179 2816 immersi,

269 2840 508 2903 prorsus
564 2822 928 2889 aboleatur.
1018 2822 1214 2905 Quod
1259 2823 1341 2888 ad
1385 2843 1653 2890 coenam
1697 2825 1953 2903 attinet,
1998 2824 2180 2890 vide-

270 2926 395 2973 mus
432 2919 506 2973 ut
550 2908 851 2992 papistae
895 2929 1038 2975 sese
1080 2908 1451 2992 glorientur
1494 2909 1732 2976 habere
1779 2910 2044 2975 Domini
2077 2912 2179 2975 in-

269 2995 675 3073 stitutionem,
720 3014 922 3077 quum
969 3006 1188 3060 tamen
1232 3017 1363 3060 non
1401 2998 1612 3081 magis
1646 2996 1734 3062 sit
1766 2996 1940 3079 ignis
1975 3016 2181 3079 aquae

268 3080 608 3146 contrarius
669 3100 866 3162 quam
926 3080 1320 3147 abominatio
1363 3081 1479 3147 illa
1520 3083 1757 3149 missae
1800 3103 2038 3149 coenae
2080 3083 2181 3146 in-

268 3164 589 3240 stitutioni,
666 3167 747 3230 ab
818 3167 961 3250 ipso
1031 3167 1316 3233 Domino
1373 3168 1600 3235 factae.
1688 3166 1911 3249 Quare
1968 3167 2182 3234 ethni-

270 3269 463 3316 corum
520 3252 848 3318 sacrificia
902 3253 1167 3318 fuerunt
1224 3252 1663 3319 tolerabiliora
1705 3275 1903 3338 quam
1960 3254 2179 3338 papis-

266 3343 457 3432 tarum
499 3349 890 3404 commenta.
979 3337 1150 3403 Nam
1206 3340 1316 3405 isti
1363 3339 1756 3422 baptismum
1789 3339 1861 3405 in
1895 3341 2182 3423 magicas

267 3424 722 3490 incantationes
780 3434 1266 3504 converterunt,
1326 3434 1393 3490 et
1435 3426 1661 3492 multis
1702 3426 1995 3493 ridiculis
2037 3426 2180 3491 riti-

267 3504 369 3571 bus
406 3509 895 3576 adulterarunt:
938 3531 1207 3576 coenam
1252 3531 1408 3578 vero
1451 3510 1749 3578 funditus
1784 3520 2178 3578 everterunt.

266 3590 505 3689 JBthnici
560 3616 725 3661 vero
783 3597 1225 3663 sacrificantes
1280 3599 1547 3680 propius
1605 3597 1686 3664 ad
1745 3599 1912 3664 ritus
1954 3619 1994 3663 a
2039 3596 2180 3662 Deo

264 3680 575 3747 institutos
613 3691 1050 3761 accesserunt,
1096 3704 1170 3748 ac
1205 3684 1479 3766 proinde
1514 3683 1749 3750 melius
1783 3684 1927 3749 illos
1961 3683 2178 3748 Deum

264 3765 513 3832 coluisse
578 3788 783 3851 quam
851 3767 1040 3833 hodie
1104 3769 1398 3851 papistae
1462 3768 1680 3835 colant
1743 3781 1994 3836 certum
2059 3776 2177 3847 est,

266 3851 372 3915 etsi
426 3863 557 3918 tam
620 3853 860 3918 horum
919 3874 1113 3937 quam
1171 3854 1434 3921 illorum
1493 3855 1710 3922 cultus
1764 3854 1987 3921 nullus
2031 3856 2176 3933 fuit,

266 3934 366 4000 sed
416 3940 632 4006 malus
691 3949 758 4006 et
809 3939 1231 4018 reiectaneus,
1291 3939 1461 4023 quod
1519 3942 1835 4008 nimirum
1892 3962 2028 4006 non
2083 3941 2179 4007 in·

260 4029 577 4091 tuerentur
618 4035 853 4110 typum
890 4026 1075 4090 illum
1111 4026 1539 4109 spiritualem,
1574 4049 1766 4111 quem
1802 4027 1971 4094 Mosi
1997 4027 2178 4092 Deus

253 4107 313 4172 in
378 4120 599 4177 monte
674 4131 998 4195 apparens
1054 4111 1447 4179 ostenderat.
1537 4112 1730 4194 Quod
1788 4121 1857 4179 et
1911 4123 2178 4179 sanctus

251 4190 608 4278 Stephanus
681 4196 961 4263 Iudaeos
1042 4197 1382 4282 alloquens
1462 4196 1743 4280 adducit,
1801 4210 1875 4264 ut
1933 4207 2180 4283 quanta

247 4279 321 4343 sit
395 4283 744 4348 hominum
811 4282 1164 4350 infirmitas
1228 4284 1550 4361 ostendat,
1639 4296 1704 4351 et
1768 4284 2178 4370 usurpandos

258 4367 403 4433 ritus
467 4390 506 4434 a
578 4370 724 4435 Deo
789 4383 1166 4453 praeceptos
1232 4368 1475 4451 doceat,
1541 4369 1773 4453 quibus
1836 4372 1906 4436 in
1972 4372 2179 4456 ipsius

257 4452 421 4520 cultu
474 4475 596 4520 nos
656 4475 1093 4521 exerceamus.
1183 4455 1398 4521 Hodie
1454 4477 1610 4524 vero
1664 4479 1797 4522 non
1854 4467 2014 4523 sunt
2069 4476 2177 4522 ea-

257 4536 386 4604 dem
449 4540 986 4621 exercitamenta,
1053 4563 1182 4606 non
1247 4543 1441 4607 iidem
1507 4543 1697 4621 ritus,
1764 4564 1897 4608 non
1951 4543 2177 4609 eadem

255 4625 604 4692 materialia
648 4626 839 4710 signa
881 4649 1047 4711 quae
1090 4628 1245 4693 olim
1290 4626 1462 4712 apud
1505 4627 1860 4708 Israelitas,
1905 4650 2034 4694 non
2080 4629 2176 4694 of·

254 4709 509 4777 ferimus
560 4713 700 4777 Deo
743 4712 823 4778 ad
861 4726 1271 4797 peccatorum
1305 4715 1822 4797 consequendam
1857 4716 2177 4780 remissio-

260 4815 397 4861 nem
429 4798 752 4865 sacrificia
787 4798 1001 4874 boum,
1039 4807 1398 4879 taurorum,
1435 4801 1656 4865 ovium
1693 4812 1811 4866 aut
1830 4800 2177 4866 similium:

258 4882 361 4948 sed
400 4886 711 4968 quoniam
753 4884 908 4951 illae
940 4887 1192 4969 figurae
1228 4886 1723 4969 praeterierunt,
1768 4895 1837 4952 et
1868 4885 2180 4971 impletae

257 4979 415 5050 sunt,
478 4970 928 5036 testimonium
986 4971 1305 5038 habemus
1347 4992 1386 5036 a
1429 4971 1573 5039 Deo
1618 4993 1735 5038 nos
1779 4993 1893 5056 per
1938 4972 2178 5056 baptis-

252 5075 421 5119 mum
477 5058 560 5122 ab
622 5056 925 5124 omnibus
979 5059 1219 5123 nostris
1277 5059 1558 5141 peccatis
1601 5058 1923 5136 mundari,
1983 5067 2053 5123 et
2095 5058 2179 5124 ad

255 5137 603 5223 imaginem
646 5141 772 5209 Dsi
813 5142 1175 5224 reformari,
1218 5154 1409 5296 αιῖιιο
1453 5144 1525 5210 in
1557 5144 1732 5211 vitae
1765 5144 2179 5211 sanctitatem

256 5228 569 5294 renovari.
661 5227 885 5311 Quare
928 5250 1132 5313 quum
1177 5228 1257 5296 de
1346 5231 1624 5313 aptismo
1658 5228 2002 5315 loquImur,
2048 5251 2179 5297 non

1603 316 1705 383 11<
1749 315 1802 382 Ι.
1848 315 2024 382 LIB.
2073 313 2474 386 SAMUEL.
2523 315 2721 383 CAP.
2766 317 2889 384 VI.

4099 318 4232 392 474

2292 514 2450 573 sunt
2502 507 2796 590 fingendi
2852 509 3038 574 nobis
3083 508 3251 574 ritus
3294 508 3437 574 sine
3480 507 3610 573 Dei
3652 507 3875 587 verbo,
3920 506 4033 573 sed
4079 507 4232 575 doc-

2294 595 2534 658 trinam
2594 594 2677 660 ad
2731 594 2898 660 ritus
2954 594 3261 661 accedere
3314 604 3586 678 oportet,
3635 592 3804 677 quod
3845 593 4107 658 nullum
4145 615 4230 659 ex

2290 678 2374 743 iis
2437 680 2723 745 fructum
2791 684 3034 746 referre
3096 681 3442 764 possimus,
3510 679 3639 744 nisi
3701 679 3897 745 verbo
3954 678 4228 746 Domini

2290 765 2500 830 nostri
2547 765 2700 832 Iesu
2745 764 2998 832 Christi
3040 768 3307 849 eiusque
3349 766 3561 850 gratia
3606 775 3672 829 et
3713 765 3962 832 virtute
4005 765 4228 831 nitan-

2291 856 2418 915 tur.
2507 849 2733 932 Quare
2776 851 2859 917 ad
2903 852 3299 936 baptismum
3344 852 3722 918 accedentes
3761 859 4019 933 oportet
4052 852 4225 918 affici

2289 947 2702 1019 peecatorum
2748 959 3016 1003 suorum
3060 959 3279 1020 sensu,
3323 936 3552 1003 eadem
3595 957 3812 1002 coram
3849 937 3991 1002 Deo
4025 938 4228 1002 confi-

2290 1022 2434 1102 teri,
2490 1031 2562 1088 et
2614 1023 3054 1090 condemnare
3110 1045 3181 1090 se
3235 1025 3429 1108 ipsos,
3492 1044 3568 1089 ac
3624 1042 3780 1088 vera
3824 1022 4229 1105 poenitentia

2290 1109 2473 1192 tangi
2517 1109 3023 1192 praeteritorum
3059 1123 3492 1194 peccatorum,
3535 1117 3612 1173 ut
3641 1107 3929 1174 defectus
3964 1118 4222 1174 nostros

2286 1215 2442 1260 vere
2515 1205 2957 1280 agnoscentes,
3021 1196 3200 1273 alibi,
3266 1215 3498 1278 nempe
3568 1195 3635 1258 in
3696 1194 3820 1258 Dei
3875 1193 4014 1259 filio
4067 1194 4223 1261 Iesu

2288 1278 2574 1365 Christo,
2640 1280 2812 1365 quod
2877 1282 3061 1348 nobis
3103 1279 3285 1348 deest
3328 1300 3736 1364 quaeramus.
3824 1280 4097 1364 Nempe,
4152 1288 4227 1346 ut

2285 1366 2594 1448 quoniam
2651 1377 2888 1433 natura
2951 1388 3179 1433 sumus
3242 1367 3381 1433 irae
3426 1366 3551 1431 Dei
3616 1366 3902 1449 obnoxii,
3962 1387 4037 1433 ac
4080 1386 4227 1450 pro-

2279 1451 2437 1517 inde
2491 1453 2612 1517 filii
2672 1454 2919 1535 mortis,
2983 1474 3320 1536 nunquam
3376 1451 3476 1517 illi
3533 1450 4012 1529 reconciliandi,
4091 1451 4222 1518 nisi

2282 1539 2538 1620 corpori
2595 1538 2711 1604 filii
2768 1539 2973 1622 ipsius
3018 1538 3342 1624 unigeniti
3385 1559 3461 1604 ac
3504 1536 3723 1603 dilecti
3769 1536 3923 1603 Iesu
3966 1536 4220 1603 Christi

2282 1623 2481 1701 insiti,
2540 1646 2658 1707 per
2713 1625 2929 1708 ipsum
2983 1623 3067 1690 ad
3110 1639 3361 1708 patrem
3406 1622 3807 1689 adducamur
3848 1632 3915 1688 et
3957 1624 4028 1688 in
4072 1644 4224 1707 gra-

2283 1709 2442 1774 tiam
2519 1710 2935 1792 recipiamur.
3024 1714 3244 1794 Atque
3320 1710 3444 1776 hoc
3520 1710 3948 1774 fundamento
4021 1709 4223 1774 fretos

2282 1807 2535 1861 certum
2591 1811 2691 1862 est
2748 1817 2787 1861 a
2841 1795 2986 1862 Deo
3028 1796 3100 1861 in
3144 1796 3430 1863 filiorum
3475 1815 3818 1861 numerum
3864 1794 4217 1861 admitten-

2284 1880 2398 1946 dos
2442 1889 2509 1946 et
2544 1881 2897 1949 habendos.

2454 1967 2891 2034 Transeamus
2968 1966 3053 2032 ad
3130 1967 3530 2034 oblationum
3596 1986 3806 2050 genus
3868 1965 4043 2049 quod
4112 1966 4221 2031 hic

2281 2052 2649 2119 sacerdotes
2703 2053 3189 2136 praescribunt:
3265 2052 3536 2135 Nempe,
3608 2051 3795 2116 aiunt
3852 2052 4034 2118 inmo
4102 2072 4222 2117 nu-

2280 2158 2521 2204 merum
2584 2140 3065 2223 provinciarum
3140 2138 3628 2205 Phaistinorum
3718 2137 3992 2220 quinque
4065 2157 4222 2204 anos

2280 2243 2509 2290 aureos
2545 2225 2812 2309 facidia,
2858 2231 2916 2291 et
2956 2226 3230 2309 quinque
3270 2244 3482 2291 mures
3524 2243 3769 2307 aureos,
3826 2224 3980 2306 quia
4015 2223 4215 2308 playa

2281 2330 2413 2376 una
2460 2311 2591 2392 fuit
2643 2311 2925 2376 mnibus
2974 2310 3166 2391 vobis,
3243 2316 3300 2377 et
3340 2309 3622 2392 satrapis
3657 2310 3897 2375 vestris.
3985 2309 4094 2375 En
4140 2318 4219 2373 ut

2280 2416 2469 2462 suam
2523 2397 2998 2480 turpitudinem
3042 2397 3256 2481 palam
3302 2396 3574 2461 faciant:
3620 2395 3880 2460 foedum
3926 2395 4098 2459 enim
4144 2413 4223 2460 ac

2281 2488 2471 2566 turpe
2529 2493 2630 2549 est
2691 2484 3062 2568 quempiam
3126 2483 3242 2547 tali
3304 2482 3549 2558 morbo,
3613 2478 4221 2546 haemorrhoidibus

2281 2582 2460 2651 puta,
2514 2568 2944 2650 laborantem,
3000 2588 3142 2634 eam
3193 2577 3448 2652 partem
3494 2565 3819 2633 foedatam
3870 2573 4220 2632 ostentare.

2283 2654 2378 2719 At
2417 2653 2762 2721 Philistaei
2805 2676 2936 2719 non
2979 2664 3238 2721 tantum
3277 2652 3582 2737 pudenda
3616 2671 3963 2736 corporum
3998 2659 4218 2717 osten-

2284 2740 2542 2818 derunt,
2596 2740 2712 2805 sed
2757 2742 2951 2805 etiam
2997 2759 3226 2805 eorum
3269 2738 3578 2822 reliquias
3620 2738 3935 2818 fecerunt,
3980 2737 4220 2819 quibus

2285 2835 2597 2909 tanquam
2639 2826 3082 2891 monumentis
3117 2825 3450 2909 perpetuis
3485 2825 3732 2907 posteri
3766 2834 4214 2900 monerentur,

2283 2921 2471 2978 tanta
2527 2912 2892 2996 ignominia
2947 2931 2987 2975 a
3028 2910 3172 2976 Deo
3210 2912 3413 2976 fuisse
3452 2929 3815 2993 percussos.
3902 2908 3966 2973 N
3968 2928 4222 2972 ennun-

2284 3019 2479 3081 quam
2550 2997 2850 3064 videmus
2915 2998 2985 3068 in
3044 2997 3245 3063 sacris
3302 2997 3525 3062 Deum
3580 2995 3819 3060 minari
3877 3014 3948 3059 se
4005 2992 4219 3058 detec-

2284 3094 2505 3149 turum
2541 3082 2844 3167 pudenda
2878 3082 3104 3167 populi
3142 3082 3265 3163 sui,
3311 3081 3485 3166 quod
3521 3082 3656 3148 suis
3689 3080 3943 3147 viribus
3976 3077 4219 3163 gloria-

2284 3177 2486 3246 retur,
2551 3179 2619 3234 et
2679 3171 3069 3253 promissum
3137 3167 3458 3234 auxilium
3523 3188 3564 3232 a
3630 3166 3772 3232 Deo
3835 3163 4217 3249 negligeret.

2284 3254 2441 3335 Vos,
2483 3255 2718 3338 inquit,
2761 3255 2949 3321 vobis
2988 3255 3189 3322 fortes
3232 3252 3565 3334 videmini,
3603 3273 3722 3320 vos
3764 3251 3970 3335 igitur
4012 3250 4217 3316 bosti-

2283 3341 2405 3406 bus
2489 3341 2790 3407 resistite.
2880 3340 3019 3406 Vos
3104 3342 3272 3407 facto
3335 3359 3483 3405 cum
3549 3337 3901 3422 Aegyptiis
3959 3335 4222 3402 foedere

2279 3426 2473 3493 valde
2530 3426 2877 3492 exsultatis
2933 3437 2999 3492 et
3040 3425 3437 3511 gloriamini:
3483 3424 3596 3491 sed
3640 3445 3762 3507 ego
3805 3429 4026 3507 partes
4069 3440 4222 3488 ves-

2279 3520 2418 3578 tras
2475 3512 2814 3596 pudendas
2874 3509 3130 3579 nudabo
3187 3522 3258 3577 et
3301 3510 3604 3578 omnibus
3646 3508 4021 3574 foeditatem
4065 3527 4215 3573 ves-

2279 3606 2454 3664 tram
2532 3597 2836 3682 detegam
2853 3649 2871 3676 ,
2959 3606 3027 3663 et
3090 3597 3379 3664 omnium
3447 3594 3793 3680 opprobrio
3870 3612 4213 3677 exponam.

2279 3685 2484 3749 Porro
2520 3685 2720 3751 fuisse
2745 3684 3223 3768 metaphoricae
3259 3682 3408 3747 illas
3451 3681 3864 3764 loquutiones
3905 3688 4213 3763 apparet:

2279 3769 2394 3836 sed
2458 3770 2566 3837 bic
2632 3791 2704 3836 re
2768 3770 2912 3854 ipsa
2967 3769 3270 3836 videmus
3329 3766 3834 3834 Philistaeorum
3895 3764 4219 3832 detectam

2277 3856 2675 3937 foeditatem,
2741 3877 2875 3920 non
2933 3856 3154 3922 minus
3209 3875 3403 3937 quam
3447 3855 3502 3920 si
3545 3864 3767 3936 partes
3812 3850 3960 3917 illas
4002 3852 4215 3937 palam

2278 3942 2717 4008 ostendissent
2772 3962 3067 4008 cruorem
3126 3939 3476 4017 stillantes,
3533 3947 3611 4005 ut
3654 3938 3959 4006 omnibus
4001 3939 4215 4005 omnis

2280 4029 2513 4094 aetatis
2571 4035 2641 4093 et
2695 4048 2890 4094 sexus
2943 4049 3028 4093 ac-
3062 4025 3457 4092 couditionis
3500 4023 3892 4102 hominibus,
3951 4044 4081 4088 non
4128 4022 4212 4087 ad

2277 4122 2539 4197 tempus
2577 4122 2857 4191 tantum,
2901 4113 3015 4180 ssd
3060 4113 3132 4177 in
3193 4130 3388 4176 omne
3447 4112 3777 4177 saeculum
3822 4116 4045 4175 essent
4086 4108 4214 4172 Dei

2278 4199 2664 4265 iudiciorum
2736 4198 3180 4283 spectaculum
3254 4206 3320 4262 et
3378 4196 3730 4280 exemplar,
3800 4205 3868 4261 et
3922 4193 4212 4260 omnium

2277 4284 2623 4370 opprobrio
2690 4294 3006 4369 paterent.
3095 4284 3203 4349 En
3262 4282 3500 4367 quibus
3557 4280 3765 4347 modis
3823 4282 4005 4346 Deus
4053 4298 4212 4344 suae

2278 4371 2641 4437 maiestatis
2712 4379 3236 4454 contemptorum
3308 4369 3777 4435 contumaciam
3832 4362 4209 4431 contundat.

2279 4455 2423 4525 Sibi
2459 4457 2724 4542 quidem
2758 4457 2856 4523 illi
2892 4457 2974 4523 ab
3009 4454 3311 4521 omnibus
3350 4456 3664 4521 honorem
3701 4450 3901 4517 tribui
3930 4450 4208 4518 vellent:

2277 4552 2346 4609 et
2394 4543 2641 4609 laesam
2700 4543 2940 4608 famam
2998 4541 3299 4608 omnibus
3340 4540 3549 4606 modis
3591 4544 4094 4622 persequuntur,
4145 4545 4207 4600 et

2278 4630 2591 4696 violatum
2646 4628 2965 4694 honorem
3021 4627 3273 4712 expiari
3330 4626 3581 4705 volunt,
3652 4643 3928 4706 suasque
3983 4620 4211 4719 laudes

2275 4714 2658 4800 praedicari,
2701 4722 2769 4780 et
2803 4735 2875 4780 se
2909 4734 3230 4796 suumque
3265 4733 3501 4778 nomen
3537 4707 3708 4794 apud
3741 4727 3969 4773 omnes
4003 4715 4209 4772 tuen:

2279 4821 2511 4870 verum
2569 4802 2754 4866 Deus
2811 4821 2945 4866 non
2988 4798 3180 4865 modo
3222 4798 3497 4885 gloriam
3541 4797 3817 4861 istorum
3860 4793 3929 4858 in
3974 4811 4206 4893 oppro-

2278 4888 2492 4955 brium
2550 4896 2617 4952 et
2673 4885 2951 4953 dedecus
3009 4886 3228 4964 vertit,
3294 4890 3370 4949 ut
3412 4903 3528 4966 per
3570 4879 3955 4965 prophetam
3997 4895 4214 4977 min-a-

2276 4981 2416 5040 tur:
2478 4971 2596 5039 sed
2650 4972 2849 5038 etiam
2903 4972 3078 5055 ipsos
3133 4971 3203 5036 in
3247 4990 3317 5036 se
3360 4968 3531 5033 ferre
3565 4965 3962 5032 sententiam
4004 4971 4200 5048 cogit,

2279 5067 2347 5126 et
2386 5058 2525 5125 suis
2565 5059 2856 5142 ipsorum
2902 5057 3203 5122 manibus
3245 5054 3454 5121 latum
3498 5053 3848 5119 adversum
3884 5071 3953 5115 se
3990 5049 4211 5115 decre·

2281 5153 2422 5210 tum
2500 5145 2785 5229 exsequi.
2874 5143 3171 5226 Namque
3229 5139 3562 5206 decretum
3604 5134 3781 5202 istud
3825 5135 4209 5203 Philistino·

2280 5251 2430 5298 rum
2498 5231 2661 5298 satis
2714 5237 2938 5314 aperte
2990 5234 3273 5294 testatur
3326 5226 3506 5309 ipsos
3562 5222 3781 5308 palam
3840 5241 4211 5309 agnoscere,
