5059 6059
722 309 850 385 647

732 522 925 582 entes
994 513 1389 588 obtinebant,
1461 533 1539 578 ac
1592 519 1967 596 propterera
2025 513 2337 578 bonorem
2394 511 2542 577 'Deo
2600 522 2675 578 ut
2776 513 2944 578 oculo
2987 511 3222 578 dexto-0.

741 601 1026 669 Domino
1070 600 1310 664 babere
1347 598 1684 664 debebant.
1774 597 1907 663 Sed
1946 599 2025 663 ad
2065 599 2345 682 primam
2384 599 2675 664 hostium
2774 600 2829 664 si
2909 597 3138 664 urbem
3204 598 3374 663 ferro
3441 608 3505 663 et
3569 597 3852 661 flammis
3913 599 4323 664 vastavisset.

733 687 1304 753 comminationem
1366 685 1578 768 parati
1632 694 1783 749 sunt
1839 684 1970 749 illis
2014 686 2243 751 urbem
2290 685 2557 765 dedere,
2612 695 2679 749 et

738 772 1032 838 hostibus
1101 772 1271 854 quod
1319 791 1358 836 a
1425 769 1568 835 Deo
1615 781 1999 855 acceperant
2044 772 2333 855 prodere.
2424 770 2676 852 Quam-

742 860 964 925 obrem
1032 858 1327 942 graviter
1394 856 1487 920 illi
1550 866 1931 940 peccarunt;
1997 877 2133 921 non
2178 858 2370 922 modo
2415 856 2492 921 de
2536 858 2679 921 iure

737 943 1176 1010 haereditario
1234 941 1555 1020 cedentes,
1616 942 1729 1007 sed
1790 944 1986 1008 etiam
2034 942 2265 1008 urbem
2306 942 2678 1026 prodentes,

733 1051 933 1114 quam
1020 1049 1060 1093 a
1149 1029 1291 1093 Deo
1378 1028 1657 1093 fideliter
1723 1027 2210 1095 custodiendam
2278 1039 2677 1111 acceperant.

733 1116 1038 1199 Namque
1082 1113 1205 1180 sibi
1252 1114 1434 1179 Deus
1476 1114 1658 1178 illam
1703 1116 1935 1179 urbem
1970 1123 2400 1196 consecrarat,
2445 1116 2515 1179 in
2553 1131 2679 1197 qua

734 1202 807 1268 in
866 1201 1097 1285 primis
1152 1200 1477 1266 coleretur
1535 1209 1600 1265 et
1654 1200 2054 1266 adoraretur.
2142 1201 2364 1265 Metus
2409 1201 2519 1265 ille
2559 1201 2683 1265 ita-

736 1307 865 1371 que
910 1288 1100 1352 Iabes
1142 1286 1561 1350 incolentium
1608 1286 1736 1349 fuit
1783 1306 1863 1351 ex
1910 1297 2095 1369 parte
2138 1285 2538 1369 stipendium
2582 1288 2682 1351 in-

735 1373 1071 1439 fidelitatis
1115 1370 1643 1455 ipsorum,'quod
1690 1372 1756 1435 in
1808 1367 1947 1437 istis
1983 1374 2307 1455 angustiis
2342 1372 2421 1436 ad
2460 1371 2677 1437 Deum

742 1482 873 1525 non
933 1459 1393 1541 confugissent.
1483 1457 1651 1521 Nam
1711 1478 1912 1539 quare
1958 1457 2334 1524 ardentibus
2379 1460 2678 1542 precibus

734 1545 1024 1630 primum
1085 1542 1302 1608 Deum
1358 1544 1424 1606 in
1472 1543 1791 1608 auxilium
1838 1565 1971 1608 non
2017 1557 2436 1622 vocaverunt,
2500 1543 2674 1627 quod

738 1651 944 1695 unum
1006 1637 1146 1695 erat
1202 1629 1597 1694 tutissimum
1656 1628 1912 1713 asylum
1960 1638 2027 1694 et
2068 1630 2511 1713 praesidium?
2569 1630 2678 1695 Si-

738 1717 1000 1801 quidem
1045 1717 1113 1780 in
1163 1715 1367 1797 ipsius
1413 1723 1600 1779 erant
1644 1714 1961 1792 clientela,
2024 1726 2093 1780 et
2150 1717 2273 1781 sub
2316 1716 2524 1798 ipsius
2562 1737 2676 1781 au-

737 1803 960 1887 spiciis
1004 1799 1390 1865 militabant.
1478 1800 1757 1884 Deinde,
1802 1819 1919 1864 cur
1961 1821 2094 1866 non
2143 1801 2223 1866 ad
2268 1803 2516 1879 fratres,
2567 1803 2676 1884 qui

736 1887 1100 1954 subsidium
1160 1887 1426 1964 ferrent,
1486 1886 1655 1969 quod
1714 1885 2034 1952 debebant
2090 1907 2174 1951 ex
2230 1899 2462 1952 mutua
2519 1888 2679 1953 obli-

740 1975 1021 2058 gatione,
1093 1969 1484 2037 mittebant?
1555 1973 1855 2054 Namque
1928 1972 2111 2038 Deus
2172 1993 2248 2037 ea
2302 1974 2677 2038 conditione

739 2071 984 2125 terram
1051 2058 1230 2123 illam
1299 2059 1521 2122 decem
1591 2058 1885 2123 tribubus
1951 2073 2125 2123 sorte
2190 2057 2518 2134 diviserat,
2602 2071 2677 2124 ut

732 2146 987 2211 mutuis
1032 2143 1293 2209 auxiliis
1330 2165 1471 2208 sese
1509 2143 1910 2223 adiuvarent,
1955 2155 2021 2208 et
2057 2143 2465 2210 concordiam
2501 2145 2678 2210 inter

740 2252 815 2297 se
871 2231 1055 2296 velut
1110 2230 1306 2294 unius
1349 2230 1637 2312 corporis
1683 2229 1973 2294 membra
2030 2231 2342 2296 foverent.
2448 2231 2675 2314 Itaque

736 2335 941 2401 quum
1010 2323 1140 2380 tam
1209 2315 1428 2379 statim
1498 2314 1577 2379 de
1642 2313 1969 2380 deditione
2034 2317 2326 2382 facienda
2384 2319 2676 2400 cogitant

728 2402 924 2467 Iabes
976 2400 1229 2467 Galaad
1276 2401 1546 2484 incolae,
1603 2421 1816 2484 neque
1860 2401 1939 2466 ad
1987 2423 2210 2486 preces
2252 2404 2444 2468 consu
2496 2404 2671 2467 iunt:

730 2487 1171 2553 certissimum
1244 2495 1345 2551 cst
1418 2487 1745 2570 ignaviam
1814 2486 1995 2553 illam
2055 2489 2258 2554 fuisse
2316 2424 2671 2572 proditioni

730 2573 1150 2650 simillimam,
1209 2581 1275 2637 ct
1326 2582 1663 2654 praeterea
1706 2573 1867 2639 satis
1914 2574 2135 2638 testati
2179 2586 2335 2639 sunt
2378 2595 2454 2639 eo
2496 2574 2670 2641 facto

726 2679 801 2725 se
848 2678 1052 2741 neque
1097 2658 1165 2721 in
1207 2657 1352 2721 Deo
1388 2659 1812 2739 acquiescere,
1859 2679 2069 2742 neque
2104 2660 2311 2742 ipsius
2334 2660 2671 2744 promissis

726 2743 929 2810 fidem
972 2743 1314 2826 adhibere,
1372 2764 1578 2828 neque
1623 2744 1940 2809 auxilium
1987 2753 2181 2828 atque
2226 2745 2668 2811 defensionem

728 2830 812 2895 ab
901 2830 1040 2912 ipso
1123 2837 1485 2911 expectare.
1573 2828 2016 2910 Quamobrem
2100 2831 2254 2897 hinc
2321 2831 2665 2909 discamus,

730 2937 847 2982 nos
912 2935 1110 2999 quum
1159 2914 1240 2978 de
1284 2923 1506 2979 nostro
1550 2916 1690 2980 iure
1735 2926 1992 2980 tantum
2038 2917 2261 3001 agitur
2302 2939 2432 2982 non
2480 2938 2667 3000 posse

726 3001 1001 3067 nimium
1084 3021 1226 3065 esse
1306 3000 1525 3065 faciles
1595 3001 1662 3064 in
1729 3002 2047 3067 cedendo:
2139 3002 2666 3085 quandoquidem

724 3086 1048 3172 propheta
1093 3105 1212 3150 nos
1258 3086 1566 3150 admonet
1610 3095 1683 3150 ut
1724 3107 1948 3170 pacem
1997 3109 2384 3170 quaeramus
2419 3097 2487 3152 et
2520 3109 2668 3172 per·

723 3193 1095 3256 sequamur,
1159 3172 1310 3236 licet
1354 3192 1393 3236 a
1439 3172 1624 3237 nobis
1670 3171 1971 3239 recedere
2013 3174 2334 3240 videatur.
2425 3175 2518 3239 Et
2561 3197 2666 3241 ea-

722 3258 936 3326 venda
991 3270 1089 3323 est
1149 3277 1560 3340 summopere
1619 3267 1684 3322 et
1737 3279 1853 3341 pro
1907 3259 2157 3326 viribus
2201 3259 2474 3325 humani
2519 3282 2667 3326 san·

721 3345 944 3430 guinis
988 3344 1236 3422 effusi0,
1293 3351 1358 3407 et
1402 3343 1644 3408 similia
1688 3365 1855 3426 quae
1897 3347 2257 3411 necessario
2302 3347 2471 3412 bella
2513 3368 2667 3412 con-

722 3438 1104 3512 sequuntur,
1168 3448 1242 3494 ac
1302 3428 1571 3510 proinde
1615 3431 1810 3494 etiam
1857 3430 1936 3495 de
1980 3431 2124 3496 iure
2167 3439 2392 3497 nostro
2433 3432 2665 3499 ceden-

722 3514 899 3580 dum.
989 3515 1466 3580 Verumtamen
1528 3516 1725 3579 etiam
1785 3515 1929 3580 Deo
1990 3515 2183 3582 fidem
2230 3517 2666 3583 adhibendam

723 3600 1061 3666 sciendum
1110 3611 1227 3677 est,
1273 3609 1348 3664 ut
1393 3621 1595 3682 quum
1644 3603 1994 3668 necessitas
2040 3603 2467 3687 postulaverit
2512 3603 2667 3669 forti

724 3694 794 3751 et
838 3687 1164 3785 praesenti
1210 3687 1428 3750 animo
1475 3707 1616 3751 esse
1659 3697 1978 3770 oportere,
2045 3698 2117 3753 ut
2159 3691 2412 3773 quoties
2455 3690 2666 3756 incre-

728 3770 868 3836 duh
932 3770 1176 3837 iniuste
1241 3792 1359 3835 nos
1421 3774 1618 3838 armis
1687 3773 2178 3857 aggrediantur,
2241 3783 2309 3841 et
2375 3777 2667 3860 ipsorum

726 3856 1082 3923 crudelitas
1129 3877 1255 3920 non
1304 3858 1428 3923 nisi
1472 3857 1644 3922 laeso
1685 3858 1813 3924 Dei
1859 3858 2101 3926 honore
2147 3862 2352 3943 possit
2395 3861 2665 3945 expleri,

730 3942 811 4007 de
872 3940 1097 4006 divino
1151 3941 1295 4007 iure
1355 3965 1433 4007 nc
1495 3945 1825 4009 tantillum
1882 3944 2146 4029 quidem
2206 3945 2465 4013 detrahi
2523 3970 2664 4031 per-

724 4029 1099 4093 mittamus:
1146 4026 1260 4092 sed
1303 4029 1517 4112 potius
1563 4030 1764 4094 vitam
1812 4031 2048 4098 millies
2092 4034 2356 4113 centies,
2402 4036 2455 4100 si
2502 4054 2668 4117 opus

723 4121 887 4191 erat,
934 4133 1053 4197 pro
1097 4114 1299 4195 ipsius
1341 4113 1714 4181 defensione
1758 4117 2256 4200 profundamus:
2303 4126 2480 4184 certo
2517 4139 2664 4203 per-

721 4200 901 4267 suasi
968 4199 1187 4264 Deum
1247 4210 1796 4284 propugnatorem
1842 4209 1909 4269 et
1954 4202 2360 4270 defensorem
2404 4204 2667 4272 adfutu-

724 4307 897 4363 rum,
945 4294 1011 4351 et
1050 4285 1258 4350 nostri
1303 4287 1744 4366 miserturum,
1790 4309 1994 4374 quum
2038 4289 2390 4356 crudeliter
2433 4301 2668 4358 contra

726 4370 834 4436 ius
878 4381 945 4436 et
989 4391 1265 4453 aequum
1312 4371 1394 4436 ab
1430 4371 1721 4439 hostibus
1761 4376 1973 4439 vexati
2009 4375 2344 4442 fuerimus.
2391 4377 2669 4442 Interim

729 4478 889 4524 vero
979 4457 1307 4541 patienter
1393 4459 1712 4523 auxilium
1792 4459 2090 4527 divinum
2157 4462 2669 4547 exspectandum

728 4543 1033 4620 sciamus,
1114 4551 1185 4607 ut
1252 4564 1461 4628 neque
1521 4543 1603 4608 ad
1663 4547 1943 4627 primum
2003 4548 2291 4613 hostium
2349 4550 2668 4632 impetum

726 4637 844 4693 aut
890 4629 1101 4693 minas
1146 4629 1544 4713 frangamur,
1591 4651 1799 4714 nequo
1844 4631 2318 4715 despondentes
2355 4635 2666 4713 animum,

724 4714 1089 4864 {numlibet
1162 4715 1450 4798 iniquam
1519 4715 1955 4782 conditionem
2027 4721 2392 4786 subeamus.
2495 4722 2666 4786 Nam

793 4820 869 4865 eo
905 4801 1282 4884 permittere
1327 4801 1636 4867 debemus
1682 4810 1757 4867 ut
1790 4823 1911 4868 suo
1948 4813 2240 4888 tempore
2275 4827 2439 4889 opus
2474 4828 2666 4872 suum

724 4888 1056 4968 perficiat:
1127 4895 1192 4949 et
1250 4907 1478 4953 cavere
1537 4909 1618 4952 ne
1678 4896 1899 4954 nostra
1961 4893 2325 4958 temeritate
2382 4895 2666 4978 gratiam

728 4970 936 5055 ipsius
982 4992 1403 5050 remoremur,
1451 4974 1982 5057 impediamusve.

900 5058 990 5122 Et
1036 5057 1114 5123 de
1160 5059 1301 5124 istis
1350 5059 1696 5138 hactenus;
1769 5062 1901 5126 iam
1946 5063 2269 5145 sequitur:
2328 5063 2667 5131 Nahasum

726 5139 936 5206 ducem
995 5142 1518 5227 Ammonitarum,
1576 5166 1705 5211 non
1749 5147 2084 5213 admisisse
2124 5149 2292 5215 ullas
2334 5151 2668 5216 deditionis

725 5227 1122 5307 conditiones,
1182 5232 1315 5296 nisi
1370 5237 1540 5296 eruto
1583 5230 1865 5314 sinqulis
1907 5232 2096 5300 Iabes
2142 5235 2398 5301 Galaad
2442 5237 2665 5301 incolis

2296 315 2736 388 HOMILIA‘
2765 317 3138 390 XXXVII.
3181 365 3190 372 ·

4592 320 4724 386 648

3316 511 3504 593 Quae
3545 507 3773 575 durior
3817 510 3945 577 illis
3987 520 4131 576 erat
4165 511 4474 591 conditio,
4523 529 4726 595 quam

4419 599 4594 662 Nam
4669 599 4728 661 si

2777 704 2941 767 qnae
2986 683 3055 748 in
3101 682 3244 749 istis
3287 692 3386 749 est
3515 683 3627 758 tio,
3675 682 3870 766 longe
3911 683 4313 750 tolerabilior
4357 684 4528 748 foret
4561 703 4730 747 con-

2778 769 2955 847 ditio,
3015 768 3072 835 si
3130 789 3359 835 omnes
3417 703 3513 834 sd)
3541 769 4056 836 internecionem
4095 769 4482 835 delerentur
4524 789 4731 852 quam

2780 867 3030 921 tantam
3091 856 3514 940 ignominiam
3576 866 3639 920 et
3698 853 3993 934 dedecus,
4072 855 4380 920 nimirum
4433 856 4734 938 singulis

2780 941 3034 1008 civibus
3078 941 3275 1006 effodi
3320 941 3598 1006 alterum
3645 940 3929 1018 oculum,
3975 954 4352 1024 paterentur
4416 941 4736 1006 ‚Perinde

2780 1028 2984 1109 igitur
3049 1026 3284 1110 agebat
3335 1043 3486 1093 cum
3543 1027 3710 1110 ipsis
3751 1026 3996 1102 Nabas,
4062 1047 4138 1092 ac
4179 1028 4235 1092 si
4282 1027 4736 1092 conditionem

2782 1131 3044 1179 omnem
3119 1123 3478 1197 respueret,
3565 1112 3692 1178 nisi
3761 1131 3906 1177 sese
3962 1113 4171 1196 ipsius
4235 1116 4540 1196 potestati
4617 1115 4736 1176 vel

2782 1201 3000 1282 potius
3071 1199 3439 1266 crudelitati
3509 1199 3979 1282 permisisoent.
4070 1201 4311 1264 Annon
4379 1201 4558 1264 enim
4631 1200 4739 1264 in-

2781 1286 2997 1351 solens
3019 1285 3149 1350 ista
3167 1285 3458 1350 conditio
3503 1285 3661 1350 satis
3702 1281 4050 1362 indicabat,
4087 1286 4300 1368 ipsum
4324 1286 4529 1350 vitam
4557 1285 4741 1368 ipsis

2780 1372 3026 1436 salvam
3063 1391 3195 1435 non
3231 1389 3711 1450 concessurum,
3746 1371 3873 1435 nisi
3912 1372 4271 1455 ignominia
4306 1382 4370 1434 et
4401 1371 4741 1436 dedecore

2781 1469 3092 1540 perpetuo
3149 1456 3433 1533 affectos,
3492 1456 3662 1540 quod
3719 1457 3789 1520 in
3835 1461 4217 1522 universum
4264 1456 4740 1522 Israelitarum

2781 1541 3096 1626 populum
3141 1543 3555 1622 redundaret,
3602 1561 3676 1607 ac
3719 1542 3992 1624 proinde
4033 1543 4102 1608 in
4147 1541 4276 1606 Dei
4321 1544 4526 1626 ipsius
4565 1562 4741 1608 eon·

2781 1638 3099 1712 temptum
3157 1636 3225 1693 et
3261 1628 3727 1694 contumeliam
3774 1628 4050 1706 cederet,
4120 1642 4184 1692 et
4227 1647 4464 1693 nomen
4511 1630 4744 1710 ipsi-s

2781 1713 3360 1798 blasphemaretur,
3433 1716 3617 1796 quasi
3693 1731 3883 1779 suum
3941 1714 4250 1797 populum
4311 1735 4440 1779 non
4500 1714 4744 1779 defen·

2779 1799 2998 1882 disset,
3065 1811 3133 1865 et
3192 1819 3323 1864 non
3391 1808 3755 1884 opportuno
3801 1809 4098 1882 tempore
4163 1801 4406 1865 auxilio
4447 1821 4578 1864 suo
4631 1802 4744 1864 iu-

2778 1885 3028 1952 visset?
3085 1886 3389 1969 Denique
3431 1886 3705 1969 impium
3749 1887 3946 1950 istum
3993 1895 4059 1951 ct
4104 1887 4560 1970 blasphemum
4621 1886 4746 1950 ho-

2777 1973 3022 2036 minem
3069 1982 3342 2056 apparet
3384 1970 3528 2036 Deo
3572 1972 3788 2054 potius
3823 1989 4019 2052 quam
4056 1971 4429 2037 hominibus
4465 1972 4735 2038 bellum

2775 2058 3106 2123 indixisse.
3197 2055 3530 2140 Scriptum
3568 2058 3745 2123 enim
3779 2059 3846 2121 in
3884 2056 4030 2141 lege
4063 2058 4287 2124 divina
4320 2071 4489 2136 erat,
4539 2079 4735 2123 nun-

2777 2165 2969 2227 quam
3032 2141 3491 2208 admittendos·
3525 2142 3942 2208 Ammonitas
3983 2144 4049 2208 in
4097 2143 4385 2209 fideliam
4430 2158 4739 2224 coetum,

2776 2228 2948 2312 quod
3014 2247 3132 2313 pro
3199 2229 3448 2294 viribus
3514 2227 3858 2311 prohibere
3924 2231 4204 2296 transitu
4277 2230 4440 2296 filios
4497 2230 4734 2296 Israel

2776 2315 2987 2381 conati
3055 2324 3290 2393 essent,
3369 2323 3436 2379 et
3500 2315 3628 2380 Dei
3694 2313 4152 2397 promissiones
4215 2316 4434 2380 irritas
4496 2317 4736 2381 faeere

2778 2409 3161 2479 tentassent,
3208 2421 3369 2484 quas
3411 2401 3542 2465 iam
3576 2400 3743 2465 olim
3791 2399 3874 2465 de
3905 2411 4118 2466 terrae
4154 2401 4419 2467 Oanaan
4460 2421 4738 2486 posses-

2777 2487 2961 2553 sione
3017 2494 3419 2569 acceperant.
3510 2485 3836 2567 Quoniam
3897 2487 4101 2570 igitur
4157 2487 4237 2551 ad
4285 2488 4734 2554 evertendam

2777 2571 3126 2638 veritatem
3189 2571 3484 2637 divinam
3545 2594 3627 2637 ex
3669 2574 3958 2654 professo
3999 2572 4330 2637 adversati
4371 2587 4574 2638 erant
4623 2574 4734 2639 Is—

2773 2659 3044 2740 raelitis,
3098 2665 3166 2724 et
3220 2659 3366 2723 sine
3409 2677 3604 2723 causa
3647 2657 3963 2728 adversus
4006 2659 4342 2725 ecclesiam
4387 2659 4514 2725 Dei
4569 2681 4738 2727 eon·

2776 2746 3087 2823 iurarent,
3133 2743 3318 2808 Deus
3353 2743 3504 2808 illos
3535 2745 3604 2808 in
3642 2754 4027 2828 perpetuum
4074 2746 4375 2810 exsulare
4408 2746 4732 2824 iusserat,

2775 2840 2841 2894 et
2905 2829 3077 2895 hanc
3140 2848 3364 2895 notam
3432 2830 3779 2907 inusserat,
3849 2841 3926 2895 ut
3989 2830 4244 2915 indigni
4311 2832 4737 2898 haberentur

2772 2917 3004 2999 gratiis
3039 2915 3272 2999 quibus
3307 2915 3495 2982 Deus
3527 2935 3721 2983 suum
3762 2915 4065 2999 popolum
4104 2918 4394 2984 ornabat.
4487 2919 4733 2984 Nahas

2771 3003 2977 3086 igitur
3041 3002 3112 3066 vi
3163 3012 3230 3066 et
3288 3003 3488 3067 armis
3529 3001 3842 3085 populum
3887 3001 4334 3069 Israelitarutn
4375 3003 4730 3070 ador-itm:

2773 3087 2885 3152 sed
2947 3107 3076 3172 quo
3133 3087 3297 3152 iuris
3355 3086 3750 3171 praetextu?
3819 3088 4074 3171 Nempe
4117 3090 4448 3172 regionem
4491 3110 4534 3155 a
4583 3111 4732 3156 ma-

2770 3173 3017 3240 ioribus
3089 3172 3400 3238 amissam
3475 3171 3644 3237 bello
3715 3173 3970 3257 repetit.
4061 3172 4194 3241 Sed
4251 3176 4424 3258 quod
4486 3177 4731 3243 effusis

2769 3259 3135 3324 incolarum
3172 3258 3360 3324 labes
3396 3259 3598 3324 oculis
3635 3273 4011 3342 perpetuam
4051 3269 4273 3325 notam
4311 3261 4726 3345 ignominiae

2768 3343 3092 3411 Israelitis
3148 3345 3412 3409 inurere
3470 3344 3848 3423 meditatur,
3909 3365 4040 3411 non
4099 3345 4366 3411 dubium
4411 3361 4516 3413 est
4564 3350 4728 3431 qm'n

2772 3431 2894 3495 Dei
2961 3431 3170 3515 ipsius
3223 3429 3635 3496 maiestatem
3688 3440 3930 3515 petere,
4010 3433 4452 3516 virtutemque
4510 3434 4732 3518 ipsam

2769 3515 3045 3599 pedibus
3131 3517 3401 3594 calcare,
3492 3535 3842 3602 veramque
3921 3517 4302 3603 religionem
4371 3518 4724 3586 ridendam

2769 3603 3117 3686 propinare
3161 3602 3506 3669 studuerit.
3598 3601 4043 3684 Quamobrem
4088 3605 4331 3668 iustum
4379 3625 4548 3670 suae
4587 3608 4728 3691 glo-

2767 3688 2901 3753 riae
2935 3687 3262 3756 vindicem
3288 3689 3501 3754 Deum
3538 3691 3828 3772 oportuit
3861 3698 4121 3754 exserto
4158 3689 4425 3756 brachio
4463 3703 4718 3758 tantam

2771 3772 3054 3841 hominis
3116 3775 3558 3858 arrogantiam
3619 3774 4040 3839 contundere.
4128 3775 4348 3859 Atque
4389 3777 4494 3842 ita
4533 3777 4726 3844 Deus

2770 3859 3097 3944 improbos
3153 3869 3220 3925 et
3263 3861 3615 3944 flagitiosos
3658 3860 3956 3926 homines
3998 3861 4155 3928 sinit
4199 3874 4390 3926 extra
4435 3884 4601 3930 suos
4645 3865 4724 3930 li·

2772 3948 2962 4013 mites
3007 3948 3205 4025 exire,
3275 3956 3351 4010 ut
3394 3948 3519 4029 ipsi
3562 3967 3632 4012 se
3677 3947 3744 4010 in
3790 3965 4114 4012 summam
4159 3948 4615 4015 confusionem
4661 3965 4724 4016 et

2769 4033 3199 4116 ignominiam
3289 4032 3448 4096 dent
3534 4033 3937 4116 praecipites.
4027 4031 4173 4097 Non
4263 4034 4534 4100 dubium
4623 4049 4724 4102 est

2769 4119 2992 4203 igitur,
3049 4119 3207 4202 quin
3262 4117 3446 4183 Deus
3505 4117 3796 4185 Nassum
3845 4119 4130 4184 voluerit
4172 4135 4249 4184 eo
4295 4125 4720 4205 arrogantiae

2772 4213 2840 4269 et
2892 4204 3294 4288 petulantiae
3338 4205 3572 4281 efferri,
3644 4214 3716 4270 ut
3761 4205 3827 4269 in
3870 4225 4020 4270 eum
4067 4207 4338 4289 gravius
4379 4227 4576 4272 snum
4625 4211 4718 4274 iu·

2772 4288 3013 4356 dicium
3094 4299 3447 4356 exerceret.
3535 4290 3706 4355 Nam
3789 4291 3846 4355 si
3909 4293 4323 4357 convenisset
4389 4293 4474 4358 de
4539 4297 4719 4377 pacis

2771 4375 3242 4442 conditionibus
3285 4397 3433 4442 cum
3477 4375 3708 4443 incolis
3752 4375 3961 4456 Iabes,
4018 4387 4265 4442 certum
4313 4389 4415 4443 eet
4464 4381 4714 4446 vicinas

2771 4463 2966 4528 urbes
3032 4464 3454 4546 perterritum
3517 4463 3623 4542 iri,
3704 4484 3779 4530 ae
3843 4462 4116 4546 proinde
4180 4463 4250 4527 in
4319 4475 4712 4547 potestatem

2771 4549 2948 4613 illius
2985 4549 3205 4614 statim
3251 4548 3453 4614 fuisse
3493 4565 3826 4628 venturas,
3885 4569 3960 4615 ac
4002 4550 4313 4632 populum
4361 4549 4532 4616 dura
4579 4573 4710 4616 ser-

2772 4635 2980 4700 vitute
3059 4634 3511 4717 premendum.
3601 4635 3692 4700 Et
3760 4636 3881 4701 hac
3946 4636 4199 4699 ratione
4266 4633 4438 4699 duae
4506 4639 4712 4702 tribus

2769 4739 2920 4786 cum
2981 4719 3250 4785 dimidia
3310 4727 3524 4786 terrae
3582 4721 3879 4804 portione
3945 4722 4274 4802 assignata
4318 4721 4444 4787 sibi
4491 4743 4528 4787 a
4581 4725 4712 4789 Do·

2769 4806 2948 4872 mino
2991 4805 3402 4885 excidissent,
3469 4808 3525 4873 si
3571 4807 3920 4873 clementia
3984 4817 4052 4871 et
4091 4806 4428 4884 facilitate,
4499 4809 4564 4873 id
4610 4825 4710 4874 est

2769 4893 2996 4958 fraude
3067 4901 3130 4956 et
3195 4893 3441 4958 astutia
3499 4892 3642 4958 illos
3701 4894 3967 4959 adortus
4025 4893 4270 4958 fixisset.
4362 4893 4532 4958 Nam
4595 4917 4706 4979 pc-

2767 4982 3002 5043 tuisset
3061 4976 3391 5044 blanditiis
3445 4977 3593 5062 plus
3636 4999 3832 5061 quam
3877 4978 4263 5044 crudelitate
4307 4999 4704 5064 promovere.

2771 5064 2901 5131 Sed
2968 5064 3275 5147 quoniam
3338 5065 3523 5129 Deus
3588 5064 3772 5130 illum
3841 5068 4101 5150 penitus
4160 5066 4434 5148 perdere
4495 5067 4708 5132 decre-

2766 5161 2975 5231 verat,
3032 5149 3271 5216 idcirco
3327 5152 3393 5215 in
3456 5160 3705 5216 tantam
3752 5152 4194 5237 arrogantiam
4237 5153 4434 5217 etiam
4483 5153 4698 5218 efferri

2766 5236 2997 5303 voluit.
3088 5235 3530 5318 Quamobrem
3589 5237 3916 5303 discamus
3973 5237 4269 5303 hostibus
4325 5259 4468 5303 sese
4521 5259 4696 5304 arro-
