5059 6059
298 360 415 430 589

1566 360 1665 426 IN
1712 361 1769 427 Ι.
1816 362 1998 428 LIB.
2044 360 2450 430 SAMUEL.
2509 362 2710 431 OAP.
2758 364 3021 430 XXVI.

4186 368 4324 435 590

458 548 655 616 Etde
687 548 1063 614 iuramento
1094 548 1210 613 illo
1244 547 1437 614 satis:
1474 546 1738 612 interim
1761 547 1987 613 David
2013 547 2239 614 Abisai
2345 564 2491 614 sum
2549 552 2912 618 exercitum
2960 550 3306 636 gloriatur,
3362 560 3441 617 ut
3479 549 3705 619 Saulis
3749 554 4203 622 crudelitatem
4250 568 4320 623 et

300 639 473 707 iubet
514 634 744 701 tollere
787 635 1082 701 lanceam
1130 630 1351 701 Saulis
1398 642 1464 698 et
1502 633 1828 718 scyphum
1872 652 2099 716 aquae,
2157 633 2239 698 ad
2345 636 2690 701 saevitiam
2754 637 3026 715 molliat,
3089 646 3161 704 et
3221 636 3413 721 quale
3456 640 3544 704 sit
3585 638 3869 705 militum
3915 660 4071 726 erga

301 722 642 811 potandum
681 727 1057 804 apparatae,
1103 740 1313 802 neque
1356 721 1531 784 enim
1576 720 1648 783 in
1691 719 1921 785 calidis
1964 718 2098 784 illis
2139 740 2239 784 re·

300 808 592 898 gionibus
641 806 1014 872 ordinarius
1058 814 1200 871 erat
1242 806 1381 871 vini
1425 814 1651 887 potus:
1711 804 1953 872 idcirco
1997 806 2071 869 flt
2119 805 2244 869 hoe

300 899 430 964 loco
470 893 717 959 mentio
760 891 994 976 scyphi
1038 910 1267 974 aquae.
1324 890 1494 955 Nam
1541 890 1663 955 etsi
1708 910 1824 957 rex
1872 900 2013 957 erat
2056 889 2242 969 Saul,

300 1003 423 1050 non
491 989 711 1045 tamen
769 978 1073 1044 omnibus
1132 977 1314 1041 horis
1369 976 1596 1041 vinnm
1665 976 1968 1061 potabat:
2032 992 2243 1059 neque

301 1065 639 1137 admodum
684 1062 861 1129 istud
905 1061 1311 1129 mirandum:
1372 1061 1919 1147 quandoquidem,
1970 1070 2047 1127 ut
2091 1070 2248 1127 ante

301 1154 470 1233 dixi,
532 1151 718 1235 regio
782 1148 899 1214 illa
963 1149 1180 1216 calida
1246 1166 1381 1213 non
1448 1149 1772 1231 pemittit
1836 1147 2241 1214 ordinarium

297 1239 431 1307 vini
495 1247 725 1320 potum
788 1235 1060 1301 ineolis:
1128 1250 1407 1316 quorum
1476 1233 1718 1317 alioqui
1786 1234 1921 1299 vita
1983 1234 2245 1300 brevior

298 1328 460 1392 soret
481 1321 614 1387 nisi
639 1320 789 1404 plus
811 1340 1018 1404 aquae
1042 1337 1241 1403 quam
1281 1318 1427 1384 vini
1465 1319 1784 1385 biberent.
1831 1320 1924 1386 Et
1958 1329 2244 1403 praeter·

340 1428 489 1476 nam
546 1407 716 1491 quod
772 1406 988 1472 sobrie
1045 1405 1192 1470 illos
1248 1403 1490 1470 bibisse
1548 1416 1737 1471 extra
1794 1402 2065 1471 dubium
2125 1412 2244 1481 est,

360 1512 510 1562 eum
573 1491 764 1558 Sauli
823 1494 1021 1558 etiam
1082 1497 1370 1556 mentem
1431 1489 1686 1556 dedisse
1743 1500 2047 1575 apparet,
2117 1509 2247 1573 qua

295 1582 429 1651 suis
484 1577 832 1645 affectibus
887 1578 1359 1643 moderaretur.
1448 1576 1702 1643 Multos
1760 1578 1939 1642 enim
1999 1575 2246 1654 videas,

295 1668 403 1755 qui
455 1665 706 1732 centies
763 1663 1004 1729 millies
1063 1665 1277 1746 perire
1325 1661 1563 1727 malint
1605 1680 1805 1746 quam
1854 1662 2006 1728 vino
2050 1661 2247 1728 abeti-

295 1771 466 1831 nere,
514 1750 683 1834 quod
709 1759 930 1815 tamen
970 1757 1038 1813 et
1072 1749 1331 1814 animae
1373 1758 1442 1813 et
1484 1749 1741 1833 corpori
1788 1749 2059 1813 noxium
2106 1766 2251 1814 esse

296 1837 447 1905 satis
494 1836 827 1902 sentiunt:
872 1834 985 1901 sed
1031 1835 1171 1901 suis
1210 1833 1557 1900 affectibus
1598 1834 1942 1919 indulgere
1985 1844 2052 1901 et
2079 1833 2249 1900 Bac-

296 1921 596 1992 chanalia
654 1922 879 1988 vivere
936 1921 1115 2005 ipsos
1169 1920 1383 1997 iuvat,
1455 1930 1522 1986 et
1578 1918 1854 2005 Epicuri
1913 1918 1993 1985 de
2050 1938 2250 2070 griffo

295 2026 522 2094 porcos
567 2027 734 2073 esse.
778 2007 964 2088 Quin
1008 2007 1203 2071 etiam
1248 2005 1492 2071 multos
1535 2006 1884 2089 opulentos
1929 2006 2104 2072 viros
2189 2027 2250 2070 e-

296 2094 503 2161 decori
538 2093 663 2159 sibi
705 2091 941 2158 ducere
978 2091 1202 2159 videas
1248 2110 1453 2173 aquae
1498 2104 1725 2175 potum
1772 2092 1886 2176 qui
1935 2093 2035 2159 vel
2082 2092 2251 2175 peri·

293 2180 434 2247 culo
494 2178 898 2245 valetudinis
956 2195 1141 2243 suam
1187 2177 1594 2260 opulentiam
1638 2177 1857 2261 palam
1904 2175 2250 2244 ostendere

293 2265 543 2331 volunt.
592 2262 728 2331 Sed
769 2282 971 2347 quum
1011 2262 1352 2329 videamus
1397 2281 1618 2349 regem
1667 2263 1776 2346 qni
1824 2263 1963 2329 vini
1998 2262 2248 2348 copiam

293 2351 534 2418 habere
604 2360 896 2434 poterat,
980 2349 1350 2415 assuevisse
1413 2359 1634 2413 tamen
1704 2367 1941 2432 aquam
2009 2349 2252 2435 bibere,

293 2438 431 2503 eius
489 2437 795 2520 exemplo
856 2455 977 2502 nos
1032 2440 1295 2516 oportet
1354 2434 1435 2500 ad
1494 2434 1915 2501 sobrietatem
1958 2436 2250 2503 incitari:

293 2533 356 2589 et
417 2541 530 2589 eos
589 2523 822 2587 saltem
869 2521 983 2604 qui
1027 2522 1180 2586 vino
1220 2530 1679 2602 assueverunt,
1737 2519 1988 2588 discere
2031 2521 2249 2586 mode-

294 2617 432 2674 rate
477 2606 735 2674 bibere:
802 2624 889 2672 ne
932 2605 1061 2672 Dei
1106 2605 1295 2671 bonis
1340 2607 1661 2672 creaturis
1707 2605 1891 2672 abuti
1934 2607 2107 2673 velle
2151 2608 2251 2672 vi·

292 2697 599 2760 deantur.

458 2780 835 2863 Pergamus
881 2776 964 2844 ad
1009 2776 1280 2859 reliqua.
1386 2776 1612 2844 David
1657 2776 1818 2843 abiit
1862 2798 2014 2844 cum
2057 2779 2248 2844 hasta

292 2873 359 2930 et
396 2862 651 2949 scypho
675 2863 919 2948 Saulis,
966 2874 1034 2929 ct
1075 2870 1264 2928 stans
1307 2863 1378 2928 in
1422 2863 1673 2929 vertice
1714 2865 1963 2930 montis
2004 2883 2086 2930 ex
2133 2883 2246 2948 op-

292 2952 498 3034 posito
561 2950 785 3016 Saulis
841 2957 1205 3016 castrorum
1272 2948 1579 3016 clamavit
1643 2949 1723 3014 ad
1782 2950 2116 3034 populum,
2184 2956 2252 3014 et

289 3036 577 3187 mnium
605 3036 936 3103 Abnercm
981 3035 1257 3102 vocavit.
1328 3035 1494 3102 Erat
1529 3042 1749 3101 autem
1792 3035 1851 3102 is
1895 3033 2120 3103 Saulis
2164 3054 2250 3101 ex

390 3134 492 3188 trs
532 3137 761 3204 nepos,
805 3131 872 3186 et
894 3119 1172 3188 ducebat
1193 3120 1401 3204 ipsius
1438 3122 1658 3205 copias
1693 3129 2026 3204 totamque
2060 3140 2250 3188 exer-

290 3209 459 3274 citus
503 3224 733 3273 curam
781 3206 1055 3292 agebat:
1113 3205 1264 3271 illos
1308 3215 1528 3273 autem
1578 3204 1795 3272 David
1841 3215 2104 3273 accusat
2146 3226 2249 3273 so-

291 3293 552 3359 cordiae
613 3300 684 3359 ct
740 3294 1076 3376 perfidiae,
1137 3292 1311 3374 quod
1370 3302 1503 3360 tam
1556 3293 1692 3358 alto
1736 3313 1963 3358 somno
2007 3291 2255 3358 suerint

289 3397 517 3446 omnes
577 3379 793 3445 abruti
856 3389 935 3444 ut
980 3375 1246 3445 Saulem
1307 3379 1394 3446 im
1447 3396 1578 3444 une
1637 3377 1930 3445 occidere
1972 3376 2252 3444 licuerit.

288 3463 370 3529 In
429 3464 617 3531 hunc
675 3465 885 3550 igitur
936 3465 1137 3529 finem
1200 3464 1375 3530 Davi
1482 3463 1741 3532 hastam
1802 3474 1869 3529 et
1932 3463 2253 3551 scyphum

289 3549 520 3617 Saulis
568 3562 1038 3634 assumpserat,
1082 3558 1160 3614 ut
1203 3549 1588 3617 certissimis
1632 3549 1765 3616 illis
1810 3551 2020 3636 signis
2063 3566 2253 3617 snam

289 3634 743 3703 innocentiam
805 3634 1109 3702 omnibus
1152 3636 1566 3718 patefaceret,
1627 3645 1693 3700 et
1736 3654 1879 3701 sese
1924 3656 2074 3704 cum
2119 3643 2255 3700 toto

293 3718 519 3787 Saulis
542 3722 839 3787 exercitu
876 3729 1327 3804 compararet:
1370 3722 1539 3807 quod
1586 3719 1852 3786 nullum
1896 3718 2254 3786 fideliorem

292 3824 363 3871 se
417 3806 699 3872 haberet
756 3807 826 3872 in
889 3815 1023 3871 toto
1071 3807 1395 3872 exercitu:
1453 3824 1646 3890 quem
1691 3808 2019 3873 reveritus
2060 3810 2147 3872 sit
2190 3815 2259 3871 et

292 3892 692 3960 incolumem
733 3891 1071 3972 dimiserit,
1115 3894 1224 3957 cui
1257 3903 1456 3978 caput
1491 3895 1632 3957 iure
1676 3899 1933 3976 poterat
1976 3892 2257 3969 auferre,

293 3996 331 4042 a
366 3979 507 4045 suis
542 3996 780 4045 somno
816 3977 951 4043 alto
996 3978 1227 4061 sopitis
1273 3978 1657 4044 derelictum
1703 3986 1771 4043 et
1813 3977 2098 4060 praedae
2142 3996 2255 4044 ex—

292 4066 605 4147 positum.
693 4057 895 4129 Hunc
953 4063 1157 4149 igitur
1210 4064 1281 4128 in
1339 4065 1538 4129 finem
1585 4063 1825 4148 David,
1885 4083 2127 4148 nempe
2184 4073 2256 4128 ut

292 4166 485 4215 suam
544 4148 746 4214 fldem
807 4150 1251 4215 innocentiam
1296 4165 1362 4214 et
1405 4150 1852 4235 integritatem
1898 4150 2116 4234 palam
2162 4151 2255 4215 fa·

292 4247 489 4313 seret,
554 4237 748 4321 signa
804 4235 922 4300 illa
966 4253 1187 4301 secum
1232 4234 1522 4314 abstulit,
1589 4252 1716 4300 non
1765 4245 1839 4300 ut
1883 4254 2037 4299 suas
2082 4234 2257 4300 vires

291 4328 672 4387 ostentaret
715 4330 783 4386 et
825 4320 1252 4404 praedicaret,
1297 4340 1497 4403 seque
1541 4319 1844 4386 omnibus
1866 4318 2092 4386 Saulis
2134 4321 2257 4385 mi·

294 4404 525 4472 litibus
548 4408 948 4473 anteferret:
993 4408 1128 4489 qui.
1172 4405 1229 4472 si
1265 4411 1463 4472 modo
1481 4406 1791 4483 licuisset,
1836 4406 2256 4488 tranquillam

293 4500 361 4556 et
405 4494 698 4575 quietam
746 4491 920 4556 domi
966 4492 1176 4558 vitam
1223 4511 1418 4576 agere
1461 4492 1821 4558 maluisset.
1873 4490 2099 4575 Quum
2138 4491 2260 4576 igi·

291 4586 402 4642 tur
451 4578 554 4642 ita
600 4578 918 4662 gloriatus
961 4587 1063 4643 est
1118 4596 1434 4662 suamque
1477 4579 1792 4645 virtutem
1837 4577 2258 4661 praedicavit,

292 4665 689 4729 necessitate
714 4663 1034 4729 adductus
1054 4663 1227 4742 fecit,
1266 4678 1340 4729 ut
1364 4661 1583 4729 Saulis
1620 4664 1915 4729 animum
1951 4662 2259 4748 placaret,

293 4760 360 4812 et
420 4748 506 4814 ad
571 4749 1090 4815 misericordiam
1136 4749 1447 4816 flecteret.
1541 4749 1672 4815 Nos
1717 4751 1936 4832 itaque
1978 4746 2260 4817 Davidis

293 4833 677 4919 exemplum
702 4835 798 4900 sic
820 4836 1176 4913 imitemur,
1221 4856 1308 4901 ne
1339 4855 1459 4900 nos
1493 4835 1720 4919 magni
1751 4835 1961 4899 facere
2005 4833 2262 4901 landes-

294 4938 421 5002 que
480 4929 751 4985 nostras
857 4919 1188 4986 raedicare
1247 4920 1418 4987 velle
1480 4919 1854 4996 videamur,
1930 4928 2005 4984 ut
2064 4919 2259 4986 multi

291 5005 515 5072 solent
548 5026 623 5072 se
658 5008 805 5072 inso
832 5014 1019 5070 enter
1057 5005 1183 5072 hac
1225 5007 1295 5070 in
1340 5016 1526 5089 parte
1570 5024 1800 5091 gerere
1846 5003 2103 5070 laudem
2131 5005 2258 5071 Dei

293 5110 415 5157 sua
486 5092 850 5157 iactatione
917 5101 984 5156 et
1057 5089 1339 5174 superba
1390 5091 1779 5175 gloriatione
1838 5092 2262 5174 profanantes

294 5186 923 5261 etcorrumpentes:
971 5176 1138 5241 nihil
1174 5179 1353 5242 enim
1399 5198 1517 5241 nos
1557 5176 1836 5241 Davidis
1880 5179 2259 5260 exemplum

292 5262 565 5331 iuverit.
615 5263 788 5328 Nam
811 5282 965 5328 suas
1002 5260 1230 5328 laudes
1264 5263 1616 5346 praedicat,
1664 5273 1732 5328 et
1774 5260 1949 5348 apud
1992 5264 2260 5331 univer·

2342 720 2430 785 im
2484 733 2805 790 eratorem
2852 724 3135 790 officium
3190 725 3451 791 doceat.
3498 724 3648 790 Non
3694 724 3883 791 aliter
3904 727 3989 792 D.
4027 662 4314 795 Paffiffi

2345 808 2411 871 vi
2456 828 2643 873 emus
2700 828 2855 875 suas
2908 810 3137 877 laudes
3198 808 3715 898 praedicantem,
3772 811 4202 879 vehementer
4243 838 4314 881 se

2343 910 2675 974 excusare,
2733 893 2902 980 quod
2963 917 3033 962 se
3075 898 3224 965 aliis
3282 898 3606 980 apostolis
3667 898 3978 977 conferat,
4038 910 4107 963 et
4165 898 4312 983 plus

2344 996 2542 1059 quam
2586 981 2764 1064 ipsos
2808 999 2879 1045 se
2922 980 3274 1062 laborasse,
3331 993 3403 1048 et
3448 983 3640 1067 plura
3681 1003 3946 1067 passum
4008 1004 4148 1050 esse
4191 1005 4312 1068 pro

2343 1066 2685 1149 evangelio
2741 1068 3046 1134 ostendat
3100 1091 3427 1137 excusare
3483 1067 3657 1155 quod
3717 1068 4129 1151 quorundam
4192 1071 4307 1135 im·

2346 1153 2753 1231 portunitate
2798 1172 2874 1217 eo
2917 1154 3272 1240 redigatur.
3361 1154 3505 1222 Nos
3552 1154 3778 1237 itaque
3824 1152 4161 1221 discamus
4204 1178 4313 1221 ne-

2348 1252 2478 1317 que
2559 1248 2977 1321 arroganter,
3066 1262 3281 1327 neque
3356 1252 3604 1307 temere
3687 1240 3969 1306 virtutes
4046 1248 4309 1308 nostras

2348 1320 2626 1389 iactare:
2670 1323 2783 1388 sed
2832 1325 3125 1392 modeste
3169 1336 3238 1392 et
3273 1325 3488 1394 sobrie
3532 1326 3590 1393 si
3634 1325 3987 1391 necessitas
4023 1328 4312 1412 coegerit

2348 1406 2762 1488 praedicare:
2801 1409 2894 1474 sic
2938 1423 3014 1476 ut
3058 1412 3143 1478 ab
3184 1413 3366 1478 omni
3412 1410 3771 1477 ambitione
3818 1411 4026 1476 simus
4070 1413 4305 1478 alieni:

2351 1491 2467 1557 sed
2511 1492 2592 1558 ad
2640 1492 2767 1559 Dei
2811 1495 3089 1579 gloriam
3133 1499 3354 1564 omnia
3401 1507 3626 1562 nostra
3669 1496 4049 1562 referamus.

2523 1574 2728 1644 Hanc
2765 1580 2974 1665 igitur
3016 1585 3097 1649 ob
3142 1603 3404 1651 causam
3452 1580 3674 1647 David
3720 1581 4037 1648 militibus
4082 1580 4308 1650 Saulis

2352 1665 2715 1730 socordiam
2775 1668 3129 1753 exprobrat
3182 1680 3249 1734 et
3306 1670 3432 1769 ipsi
3491 1668 3872 1751 imperatori
3933 1669 4309 1750 perfidiam:

2355 1768 2544 1814 suam
2595 1768 2748 1816 vero
2792 1761 3021 1820 contra
3060 1753 3514 1820 fortitudinem
3561 1760 3627 1817 et
3669 1753 4308 1837 magnanimitatem,

2353 1843 2419 1899 et
2462 1855 2789 1903 summam
2814 1837 3285 1925 integritatem.
3354 1838 3479 1904 Ille
3502 1835 3790 1922 quidem,
3828 1840 4056 1918 fateor,
4138 1839 4308 1905 rimo

2355 1918 2529 1998 dicit,
2584 1942 2783 1988 unum
2825 1924 2901 1990 de
2942 1925 3122 1993 turba
3166 1944 3507 2009 eqressum,
3565 1923 3737 2008 quod
3774 1924 4020 1989 ironice
4105 1925 4307 1989 ictum

2353 2016 2453 2071 est
2497 2008 2579 2073 ab
2622 2008 2781 2091 ipso,
2828 2010 3012 2092 quasi
3058 2013 3369 2076 innueret
3391 2011 3764 2095 gregarium
3810 2008 4091 2093 aliquem
4136 2009 4308 2076 mili·

2353 2100 2488 2157 tem
2535 2114 2871 2179 egressum
2918 2116 2954 2160 e
2999 2096 3235 2163 castris
3293 2098 3407 2180 qui
3465 2095 3547 2162 ad
3607 2116 3680 2161 re
3731 2096 3784 2161 ‘s
3834 2117 3878 2159 u
3958 2114 4043 2160 ue
4099 2095 4310 2162 cubile

2353 2181 2734 2261 pervenerit
2777 2180 2981 2246 vitam
3037 2192 3384 2266 erepturus
3440 2181 3694 2248 custodi
3741 2201 3820 2247 us
3945 2192 4085 2245 tum
4143 2188 4307 2246 ster-

2356 2264 2678 2331 tentibus:
2760 2276 2828 2331 et
2887 2266 3011 2334 hac
3074 2268 3331 2333 ratione
3396 2265 3759 2334 socordiam
3824 2274 3890 2331 et
3966 2265 4307 2357 perfidiam

2354 2351 2645 2435 ipsorum
2690 2352 3003 2418 maiorem
3030 2354 3290 2433 faceret,
3337 2361 3406 2417 et
3447 2352 3756 2439 indignos
3788 2350 3966 2437 regis
4011 2351 4310 2417 custodia

2354 2446 2420 2519 et
2463 2436 2773 2504 satellitio
2817 2439 3139 2521 probaret.
3228 2437 3369 2503 Vos
3422 2458 3649 2507 omnes
3704 2437 3802 2502 rei
3859 2438 4088 2503 mortis
4132 2439 4305 2503 estis.

2353 2522 2486 2590 Per
2528 2543 2721 2604 quem
2769 2524 2945 2588 enim
2989 2522 3176 2590 stetit
3233 2522 3394 2608 quin
3438 2520 3768 2589 Dominus
3827 2528 4048 2589 vester
4101 2522 4310 2587 inter-

2353 2606 2709 2675 ficeretur?
2765 2605 2988 2675 David
3034 2610 3240 2695 igitur
3296 2609 3457 2674 istos
3517 2607 3934 2674 subsannans
3994 2610 4105 2686 ait,
4162 2609 4307 2697 qui-

2352 2692 2503 2759 dam
2550 2717 2587 2760 e
2634 2693 2847 2771 turba,
2905 2693 3060 2761 vilis
3119 2705 3185 2760 et
3242 2693 3536 2761 abiectus
3598 2693 3945 2760 homuncio
4005 2714 4309 2779 egressus

2354 2789 2457 2848 est
2518 2779 2602 2846 ad
2667 2798 2889 2864 regem
2951 2787 3242 2846 vestrum
3305 2777 3701 2847 necandum:
3770 2800 3888 2845 vos
3953 2798 4113 2845 vero
4177 2779 4309 2846 viri

2356 2869 2558 2933 fortes
2602 2873 2669 2930 et
2711 2865 2986 2948 strenui,
3041 2864 3366 2949 quomodo
3424 2865 3641 2967 ipsum
3690 2865 3885 2930 tutati
3942 2862 4141 2930 estis?
4204 2865 4308 2931 'Pu

2355 2968 2511 3018 vero
2571 2950 2821 3029 Abner,
2874 2970 3099 3018 nonne
3156 2952 3260 3018 vir
3317 2950 3507 3016 sortis
3565 2972 3634 3015 es
3695 2958 3765 3014 et
3822 2952 4306 3035 magnanimus,

2354 3054 2573 3104 nonne
2635 3037 2772 3102 dux
2827 3057 2897 3104 es
2956 3036 3335 3103 exercitus?
3414 3054 3634 3102 nonne
3708 3033 3938 3100 multis
4011 3033 4306 3101 victoriis

2356 3121 2681 3209 insignis?
2728 3142 2947 3189 nonne
2997 3142 3332 3188 armorum
3384 3120 3841 3205 peritissimus,
3885 3120 3943 3186 si
3989 3119 4106 3185 tibi
4145 3119 4308 3186 fides

2354 3208 2793 3276 adhibeatur?
2841 3207 3187 3289 Quomodo
3230 3227 3389 3295 ergo
3431 3215 3497 3274 te
3541 3206 3652 3274 hic
3694 3204 3999 3290 gessisti?
4046 3206 4305 3292 qualem

2357 3304 2425 3360 te
2469 3294 2688 3361 virum
2731 3292 3162 3379 praestitisti?
3204 3294 3462 3383 Regem
3520 3301 3712 3357 tuum
3767 3291 3856 3356 ali
3898 3292 4003 3356 uis
4058 3288 4139 3357 ad
4200 3314 4309 3359 ne-

2356 3396 2494 3446 cem
2565 3378 2789 3465 petiit,
2869 3379 3022 3445 dum
3074 3400 3156 3445 ue
3220 3378 3490 3445 interim
3557 3378 3692 3444 alto
3758 3394 3876 3463 sop
3904 3388 4012 3443 tus
4076 3397 4308 3444 somno

2356 3467 2635 3535 iaceres:
2731 3481 2886 3531 uam
2928 3465 3018 3530 fid
3085 3482 3190 3529 em
3234 3483 3502 3550 operam
3547 3465 3674 3548 ipsi
3709 3463 4136 3547 praestitisti?
4186 3466 4307 3530 At-

2357 3572 2481 3635 que
2524 3552 2619 3616 ita
2721 3549 2877 3617 avid
2920 3569 3106 3618 suam
3152 3552 3289 3617 inte
3337 3552 3597 3616 ritatem
3642 3556 3712 3614 et
3754 3548 4193 3618 innocentiam
4231 3570 4308 3617 ac

2356 3653 2595 3704 causae
2657 3656 2815 3705 suae
2877 3636 3197 3702 iustitiam
3309 3633 3576 3707 stendit.
3676 3631 3815 3701 Nos
3879 3636 4012 3700 iam
4076 3632 4306 3702 utilem

2357 3722 2726 3790 doctrinam
2772 3744 2856 3788 ex
2899 3722 3047 3789 istis
3071 3740 3414 3789 eruamus:
3456 3736 3719 3803 nempe,
3762 3727 3839 3785 ut
3858 3719 4079 3787 hostes
4122 3720 4309 3788 nobis

2358 3809 2651 3874 infensos
2716 3806 2975 3893 placare
3040 3806 3248 3874 modis
3315 3805 3622 3873 omnibus
3686 3803 4102 3885 studeamus,
4181 3804 4306 3873 etsi

2360 3913 2593 3960 causae
2639 3900 2901 3959 nostrae
2945 3893 3095 3965 {reti
3138 3891 3461 3959 bonitate:
3510 3900 3579 3957 et
3609 3908 3965 3975 pravorum
4011 3894 4309 3959 omnium

2361 4000 2436 4045 ac
2480 3977 2929 4063 improborum
2974 3978 3318 4044 hominum
3364 3976 3789 4045 virulentiam
3835 3977 4307 4067 placidioribus

2360 4064 2580 4131 verbis
2638 4064 2941 4148 frangere
3003 4065 3332 4135 nitamur:
3392 4074 3733 4151 sperantes
3804 4062 3941 4128 fore
4003 4072 4083 4127 ut
4137 4062 4307 4127 hauc

2358 4151 2542 4217 viam
2589 4160 2901 4232 sequutos
2944 4148 3129 4215 Deus
3173 4160 3473 4234 acceptos
3518 4146 3776 4228 habeat,
3835 4158 3901 4212 et
3959 4148 4174 4231 magis
4230 4164 4306 4212 ac

2360 4237 2575 4320 magis
2632 4235 2975 4301 benedicat
3033 4244 3101 4299 et
3157 4236 3488 4301 fortunet:
3560 4232 3910 4299 Caeterum
3985 4240 4052 4296 et
4109 4231 4306 4297 licere

2360 4323 2550 4389 nobis
2593 4320 2749 4386 hinc
2773 4319 3363 4387 animadvertimus
3386 4320 3605 4385 hostes
3641 4318 3909 4383 liberius
3944 4320 4307 4403 increpare,

2360 4406 2555 4472 modo
2602 4416 2819 4495 tamen
2865 4405 3092 4471 eodem
3136 4424 3264 4491 quo
3310 4402 3534 4473 David
3580 4423 3853 4488 agamur
3895 4403 4164 4486 spiritu:
4223 4424 4307 4467 ne

2364 4493 2676 4557 nimirum
2724 4491 3140 4558 contumeliis
3183 4500 3299 4558 aut
3361 4491 3650 4559 dicteriis
3707 4487 4132 4573 excipiamus,
4189 4488 4306 4555 sed

2360 4579 2563 4646 libere
2607 4579 2898 4661 ipsorum
2943 4577 3110 4644 vitia
3145 4584 3584 4645 monstremus
3627 4584 3696 4639 et
3729 4573 4306 4659 reprehendamus.

2534 4660 2900 4749 Pergamus
2946 4662 3029 4728 ad
3051 4664 3322 4749 reliqua,
3358 4660 3591 4745 quibus
3616 4658 3856 4726 dicitur
3879 4657 4043 4725 Saul
4081 4660 4309 4725 audita

2361 4771 2521 4816 voce
2582 4746 2857 4827 Davidi‚
2918 4749 3125 4815 fllium
3186 4770 3335 4814 eum
3397 4763 3684 4811 vocasse.
3780 4744 3969 4829 Quae
4026 4767 4153 4811 vox
4211 4746 4307 4811 illi

2360 4854 2494 4900 non
2541 4844 2788 4900 temere
2833 4843 2950 4899 aut
2991 4834 3300 4899 simulate
3343 4830 3622 4898 excidit:
3680 4830 3795 4897 sed
3854 4851 3941 4896 ex
3997 4849 4199 4897 sensu
4239 4846 4306 4896 et

2361 4938 2584 4986 morsu
2627 4919 3087 5005 conscientiae,
3146 4917 3563 5003 agnoscentis
3623 4923 3870 5000 quanta
3923 4916 4196 5003 perfidia
4240 4931 4308 4984 et

2362 5005 2778 5088 improbitate
2836 5004 3048 5069 filium
3124 5008 3538 5069 innocentem
3594 5012 4100 5085 persequeretur
4200 5004 4308 5068 cui

2361 5091 2494 5155 iam
2538 5088 2822 5158 secundo
2858 5091 3060 5155 vitam
3100 5088 3393 5170 debebat,
3439 5104 3698 5172 praeter
3734 5088 4084 5153 innumera
4109 5054 4305 5157 bene·

2361 5176 2508 5242 ficia
2545 5176 2782 5259 quibus
2842 5175 2968 5262 ipsi
3028 5176 3310 5239 maxime
3367 5172 3711 5239 devinctus
3768 5182 3925 5238 erat.
4014 5173 4122 5238 Ex
4179 5195 4307 5258 quo

2362 5269 2634 5347 apparet
2678 5260 2784 5327 vel
2830 5259 3264 5343 nequissimos
3301 5259 3601 5326 homines
3645 5258 3835 5325 deiici
3880 5264 3947 5324 et
3981 5259 4303 5342 prosterni
