5059 6059
301 324 406 391 553

294 513 440 580 Nam
478 508 585 593 qui
623 515 818 574 antea
855 506 1021 576 liber
1064 506 1347 593 populus
1392 507 1639 593 regiam
1688 506 2200 574 dominationem

292 596 605 672 affectavit,
671 615 743 660 se
806 605 1039 677 sponte
1102 593 1474 673 subiiciens,
1546 613 1859 678 suamque
1918 593 2200 677 prodens

294 684 645 758 libertatem,
690 680 809 745 tali
850 680 1151 748 mercede
1193 678 1433 764 dignus
1474 687 1589 745 est.

440 766 793 832 Veniamus
854 768 987 832 iam
1053 765 1138 832 ad
1203 764 1551 850 specialem
1616 775 1974 832 tractatum
2038 767 2200 834 iuris

292 854 464 937 illius,
514 851 687 934 quod
744 853 1009 937 regibus
1050 853 1189 919 fore
1232 854 1302 918 in
1336 851 1661 936 populum
1707 849 1978 919 Samuel
2015 873 2199 935 prae-

291 941 461 1007 dicit·
523 936 735 1004 Filios
774 938 1059 1020 ipsorum
1100 941 1464 1021 aoeepwrus
1505 936 1758 1017 dicitur,
1816 942 1887 1001 ut
1926 937 2054 1004 sibi
2094 957 2201 1005 eos

288 1027 549 1108 disponat
586 1024 659 1090 in
699 1023 991 1091 sumbus
1031 1025 1173 1091 suis
1213 1030 1269 1090 et
1308 1024 1382 1089 tn
1423 1023 1730 1107 equitibus
1762 1025 1923 1104 saie,
1963 1028 2018 1090 et
2058 1043 2198 1090 eur·

285 1117 415 1178 rant
464 1114 604 1176 ante
664 1130 923 1177 currum
976 1129 1186 1178 suum.
1274 1108 1362 1176 Ec
1416 1111 1504 1178 ad
1566 1110 2016 1192 disponendum
2073 1110 2199 1177 sibi

284 1195 645 1280 chiliarchos,
679 1201 738 1262 et
761 1196 1112 1279 praefectos
1146 1195 1637 1280 quinquaqenis3
1669 1201 1729 1263 et
1761 1197 1847 1263 ad
1879 1196 2198 1263 mundum

284 1304 423 1351 arva
459 1303 575 1348 sua
616 1280 801 1369 (nam
845 1293 1005 1349 tunc
1048 1284 1363 1365 temporis
1403 1302 1592 1367 reges
1636 1291 1831 1348 erant
1872 1283 1966 1347 rei
2008 1282 2197 1348 fami-

283 1370 442 1436 liaris
494 1389 691 1451 quam
750 1367 944 1436 hodie
987 1366 1445 1434 studiosiores:
1507 1368 1632 1435 sibi
1677 1368 1851 1434 enim
1897 1367 2199 1435 dedecori

282 1476 403 1523 esse
434 1475 619 1540 reges
660 1453 1062 1520 arbitrantur
1098 1453 1291 1519 hodie
1324 1453 1566 1521 habere
1600 1474 1777 1529 rura,
1819 1464 1886 1521 et
1919 1453 2196 1539 agricul-

283 1551 445 1608 turae
498 1560 763 1606 vacare:
824 1538 940 1607 sed
999 1546 1157 1608 tunc
1211 1541 1421 1607 maior
1465 1548 1607 1607 erat
1663 1539 2067 1625 simplicitas,
2133 1549 2200 1605 et

279 1625 625 1712 integritas)
658 1632 714 1693 et
746 1627 833 1692 ad
864 1626 1216 1694 metendum
1236 1646 1495 1693 messem
1526 1646 1733 1707 suam,
1769 1632 1825 1692 et
1845 1625 1933 1694 ad
1960 1626 2199 1709 facien-

278 1714 409 1779 dum
447 1715 859 1779 instrumenta
899 1711 1114 1780 bellica
1153 1732 1307 1779 sua..
1365 1711 1582 1780 Filias
1623 1733 1768 1780 vero
1810 1713 1882 1778 in
1921 1733 2194 1799 unquen-

277 1799 472 1878 turias,
504 1799 579 1865 in
613 1818 866 1882 coquas,
902 1803 961 1865 et
992 1798 1064 1865 in
1089 1799 1411 1880 pisa-ices,
1446 1803 1503 1864 et
1521 1800 1611 1865 ad
1629 1800 1966 1866 domestica
1985 1819 2194 1882 wera.

282 1883 479 1952 Servos
534 1886 727 1952 etiam
779 1889 839 1951 et
880 1884 1148 1951 ancillas
1192 1904 1268 1951 ac
1306 1885 1559 1952 &menes
1588 1886 2194 1969 praestantissimos,

278 1972 581 2052 desines,
626 1969 2194 2055 quosadhibeatadopussuum.Deniqw9re-

272 2077 367 2141 9⁶8
413 2058 699 2140 ipsorum
753 2057 1195 2136 ᾱεοίηιαύαναε,
1254 2077 1464 2142 cyme,
1520 2057 1772 2124 vineas.-
1829 2062 1889 2123 οὐ
1926 2058 2197 2125 daturus

276 2142 477 2210 saluis
513 2142 916 2226 primoribus
970 2148 1028 2209 et
1079 2143 1280 2211 servis
1333 2143 1491 2221 suis,
1556 2147 1658 2209 etc.
1748 2141 1975 2225 Quum
2038 2165 2197 2211 vero

278 2228 650 2312 temporibus
706 2227 857 2308 illis,
923 2249 1091 2311 quae
1156 2250 1286 2295 non
1352 2228 1621 2296 fuerunt
1686 2238 1823 2295 tam
1886 2239 2196 2313 corrupta

275 2333 445 2397 quam
496 2335 575 2380 ea
630 2314 704 2379 in
761 2335 925 2398 quae
966 2314 1336 2394 incidimus,
1392 2322 1653 2382 tantum
1695 2315 1824 2381 sibi
1866 2316 2194 2400 principes

269 2399 684 2482 permiserint,
726 2409 792 2466 et
827 2399 1079 2483 rapinis
1111 2421 1188 2467 ac
1223 2399 1793 2483 compilationibus
1826 2399 2195 2469 istiusmodi

268 2506 381 2551 non
420 2486 883 2563 abstinuerint,
940 2505 1414 2571 cognoscamus
1457 2487 1588 2553 iam
1632 2487 1788 2553 olim
1831 2487 1900 2552 in
1946 2488 2193 2555 mundo

266 2571 575 2651 malitiam,
649 2572 1015 2652 avaritiam,
1071 2571 1547 2650 crudelitatem,
1606 2574 2067 2640 scortationem
2126 2583 2195 2640 et

267 2657 672 2741 tyrannidem
712 2656 1089 2725 obtinuisse.
1178 2656 1402 2740 Quare
1460 2679 1667 2741 quum
1710 2657 1903 2724 hodie
1959 2660 2192 2744 impie-

266 2745 399 2810 tatis
451 2756 516 2810 et
568 2744 946 2827 iniquitatis
1002 2741 1248 2826 diluyio
1307 2744 1594 2810 mundus
1652 2744 2040 2826 inundetur,
2106 2766 2192 2812 ne

267 2830 553 2897 miremur
621 2831 684 2897 si
749 2839 1010 2895 tantum
1076 2832 1457 2915 rapinarum
1522 2839 1593 2897 et
1654 2831 2190 2914 compilationum

271 2912 483 3016 ubique
513 2915 819 3017 gentium
853 2915 1174 3016 ridemus,
1212 2926 1280 2983 et
1310 2916 1434 2983 sibi
1470 2914 1734 3016 quidvis
1768 2917 1966 3016 licere
2000 2938 2191 3003 reges

270 3020 705 3155 ἓθιὲἲὲῗῗέ
716 3003 1345 3172 ηῗέἓᾚῖἐεὲὶῗὲᾆ
1358 3021 1680 3175 ‘zm-1⁰.
1708 3002 2191 3169 2¹:535?ss

270 3192 367 3252 pro
418 3176 679 3241 ratione
734 3173 1075 3241 voluntas:
1128 3197 1205 3244 ao
1248 3173 1517 3261 proinde
1557 3174 1761 3242 nullis
1804 3196 1876 3243 se
1931 3174 2190 3262 legibus

271 3261 452 3324 teneri
495 3261 897 3327 existimant.
942 3259 1421 3328 Verumtamen
1456 3262 1567 3345 qui
1610 3261 1807 3345 paulo
1851 3262 2192 3330 honestius

270 3342 490 3428 loquuti
546 3354 729 3423 sunt.
790 3367 862 3413 se
919 3346 1280 3414 secundum
1336 3347 1516 3433 leges
1574 3347 1803 3414 vivere
1860 3348 2189 3416 dixerunt.

270 3429 343 3495 Et
378 3452 528 3498 sane
571 3432 858 3498 nimium
902 3452 1217 3517 arrogans
1258 3433 1375 3500 illa
1419 3453 1549 3501 vox
1593 3443 1728 3501 est:
1772 3434 1993 3502 Nullis
2033 3434 2184 3503 sub·

266 3515 480 3584 iectum
516 3539 666 3586 esse
701 3518 988 3603 legibus:
1042 3519 1474 3587 nihilominus
1508 3530 1731 3587 tamen
1768 3542 1892 3587 usu
1929 3535 2192 3606 recepta

266 3601 322 3667 in
360 3604 844 3690 Imperatorum
888 3626 1309 3674 romanorum
1353 3606 1696 3674 institutis.
1764 3605 2005 3689 Quand
2093 3610 2189 3675 ui-

265 3686 393 3755 dem
430 3691 635 3776 igitur
689 3691 992 3759 videmus
1036 3691 1118 3758 ab
1160 3692 1342 3759 omni
1382 3713 1542 3760 aevo
1588 3712 1698 3760 eos
1741 3693 1853 3777 qui
1895 3714 2015 3761 nec
2128 3694 2191 3759 ei

264 3774 486 3858 timore,
544 3798 672 3845 nec
728 3778 896 3843 iuris
952 3798 1175 3845 amore
1229 3778 1703 3856 retinebantur,
1762 3778 1887 3845 sibi
1931 3778 2190 3862 quidvis

264 3858 434 3928 licere
490 3863 931 3940 existimasse,
991 3871 1060 3929 et
1115 3863 1198 3929 ad
1260 3864 1507 3931 malum
1552 3864 1845 3932 habenas
1912 3864 2188 3946 laxasse,

262 3947 446 4014 multo
487 3949 811 4016 maiorem
856 3948 1049 4016 hodie
1090 3970 1311 4018 coram
1348 3951 1492 4016 Deo
1527 3971 1650 4019 nos
1685 3949 2080 4017 humiliandi
2122 3961 2189 4018 et

262 4032 406 4097 colla
469 4037 627 4120 iugo
697 4035 1128 4103 submittendi
1192 4037 1596 4104 occasionem
1659 4036 1805 4106 dari
1871 4037 2190 4121 sciamus,-

258 4115 449 4185 Deum
495 4143 578 4188 ue
638 4121 955 4204 precandi
1012 4130 1090 4188 ut
1132 4122 1556 4206 tyrannidem
1612 4123 1795 4190 illam
1855 4123 2187 4208 reprimat,

258 4222 403 4284 quae
496 4208 683 4274 urior
735 4207 926 4274 nobis
983 4207 1071 4276 ab.
1124 4207 1456 4276 hodiernis
1518 4209 1947 4294 principibus,
1992 4230 2188 4294 quam

258 4291 687 4386 superioribus
752 4313 1045 4377 unquam
1111 4295 1235 4360 fuit
1298 4294 1595 4376 swculis,
1668 4295 1992 4379 imminet,
2056 4296 2189 4363 nisi

258 4394 383 4457 lpse
421 4397 539 4460 pro
582 4399 712 4445 sua
750 4378 1197 4447 misericordia
1238 4388 1514 4448 conatus
1571 4383 1917 4449 hominum
1959 4382 2193 4449 infrin-

258 4469 375 4543 gat.
459 4463 824 4532 Caeterum
866 4464 950 4531 ad
993 4487 1284 4534 summos
1326 4466 1476 4533 illos
1513 4465 1908 4553 dignitatum
1944 4467 2189 4553 gradus

260 4549 453 4615 evecti
515 4559 953 4636 agnoscunto‚
1026 4554 1153 4620 sibi
1223 4553 1519 4619 divinum
1594 4553 1865 4620 verbum
1929 4555 2190 4622 assidue

257 4634 696 4704 meditandum
724 4657 888 4718 esse,
932 4645 1132 4721 atque
1175 4639 1389 4706 sancti
1423 4639 1694 4723 spiritus
1736 4659 1860 4723 ope
1902 4660 1975 4706 se
2016 4640 2190 4708 indi-

258 4738 417 4804 gere,
460 4742 593 4805 quo
639 4724 889 4790 maiore
944 4724 1267 4792 modestia
1309 4726 1568 4809 populis
1608 4726 1953 4810 imperent,
2009 4725 2189 4794 Deo-

257 4823 369 4887 que
408 4829 605 4876 suum
651 4809 967 4876 honorem
1011 4810 1312 4889 reddant,
1356 4821 1424 4876 et
1464 4811 1670 4895 ipsius
1711 4810 1966 4897 legibus
2010 4813 2191 4881 obse-

259 4903 544 4975 quantur,
614 4915 691 4962 ac
757 4895 1056 4966 subditos
1115 4895 1451 4963 moderate
1514 4904 1780 4982 regant:
1845 4906 2041 4982 atque
2104 4899 2189 4966 ad

260 4975 415 5044 hanc
451 5001 593 5047 rem
631 4980 1043 5050 efficiendam
1079 4981 1399 5050 auxilium
1436 4981 1733 5049 divinum
1768 4990 2016 5067 petant,
2061 5006 2190 5069 quo

259 5058 407 5129 duee
445 5075 696 5133 rectam
739 5068 914 5136 viam
957 5067 1289 5147 insistant,
1347 5089 1561 5152 neque
1601 5090 1890 5153 unquam
1932 5091 1971 5135 a
2015 5080 2191 5138 recto

258 5145 576 5234 aberrent;
621 5152 739 5220 sed
781 5154 959 5222 intra
1001 5175 1154 5220 suos
1198 5155 1362 5222 fines
1404 5175 1550 5222 sese
1590 5156 1988 5222 contineant.
2072 5154 2191 5224 Se·

255 5245 535 5316 quuntur
573 5238 1004 5324 expendenda
1058 5240 1262 5308 verba
1304 5240 1437 5322 illa,
1495 5239 1732 5325 quibus
1790 5263 1908 5309 rex
1952 5242 2191 5311 dicitur

1570 317 1669 383 IN
1714 317 1771 384 I.
1818 316 1997 383 LIB.
2046 317 2449 388 SAMUEL.
2495 321 2694 389 OAP.
2739 321 2933 388 VIII.

4139 326 4269 393 554

2310 518 2447 574 tam
2500 529 2812 593 personas
2868 530 3064 594 quam
3124 511 3294 577 bona
3353 521 3418 577 et
3459 511 3807 580 facultates
3851 510 4260 581 subditorum

2308 607 2714 678 accepturus.
2762 595 2942 664 Sane
2976 617 3178 680 quum
3214 617 3405 680 reges
3440 598 3728 665 officium
3763 599 4031 681 faciunt,
4064 622 4260 668 nemo

2305 679 2603 749 subditos
2661 683 3000 767 negaverit
3054 683 3186 749 illis
3229 682 3474 748 tributa
3517 682 3772 760 debere.
3830 692 4025 768 atque
4067 708 4259 771 posse

2302 766 2450 834 illos
2492 767 2639 833 iure
2683 776 2820 834 tam
2862 770 3159 851 personis
3204 789 3400 852 quam
3447 766 3632 835 bonis
3673 769 4092 837 subditorum
4136 771 4256 839 uti.

2300 851 2475 918 Nam
2511 853 2761 921 Paulus
2803 853 2982 921 istud
3018 877 3058 920 a
3091 854 3236 921 Deo
3279 852 3541 939 probari
3577 853 3785 934 docet,
3829 863 3910 922 ut
3944 858 4256 925 nimirum

2300 959 2490 1023 reges
2532 960 2574 1006 a
2616 940 2895 1007 subditis
2938 941 3188 1010 tributa
3230 950 3298 1007 et
3338 941 3692 1026 vectigalia
3735 942 4030 1027 exigant:
4082 943 4254 1027 quod

2300 1045 2501 1108 quum
2563 1026 2632 1092 in
2691 1047 2849 1093 usus
2893 1027 3189 1110 publicos
3234 1027 3505 1106 faciunt,
3566 1035 3921 1112 usurpatae
3963 1032 4255 1114 tyranni-

2300 1110 2401 1177 dis
2456 1113 2750 1180 accusari
2798 1132 2933 1178 non
2989 1120 3281 1196 possunt.
3371 1112 3566 1179 Hanc
3626 1116 3803 1180 enim
3859 1115 4045 1182 Deus
4100 1116 4254 1184 fecit

2298 1217 2372 1262 re
2422 1196 2563 1263 'bus
2607 1205 2997 1282 potestatem
3040 1197 3267 1264 utendi
3313 1204 3449 1264 tam
3492 1200 3794 1284 personis
3827 1220 4024 1284 quam
4060 1200 4253 1267 bonis

2298 1304 2378 1350 su
2424 1283 2743 1350 ditorum:
2787 1283 2906 1352 sed
2939 1304 3073 1350 non
3109 1291 3329 1350 tamen
3366 1291 3635 1368 temere,
3678 1306 3802 1351 nec
3835 1285 3977 1352 sine
4016 1307 4253 1354 causae

2300 1370 2691 1454 cognitione,
2747 1377 2815 1435 et
2871 1390 2949 1436 ea
2992 1368 3363 1437 conditione
3413 1381 3488 1437 ut
3529 1371 3598 1438 in
3645 1393 3806 1439 usus
3848 1372 4142 1457 publicos
4184 1384 4251 1440 et

2301 1455 2716 1523 commodum
2758 1454 3154 1541 reipublicae
3209 1455 3349 1523 fiat.
3439 1455 3664 1538 Quum
3706 1459 3912 1544 igitur
3953 1458 4247 1526 subdito-

2300 1562 2451 1609 rum
2495 1542 2784 1609 officium
2824 1562 2965 1608 esse
3013 1539 3311 1620 dicimus,
3367 1548 3443 1607 ut
3483 1543 3754 1629 regibus
3795 1542 4250 1625 subiiciantur,

2298 1637 2368 1696 et
2400 1628 2532 1695 illis
2568 1627 2893 1706 obediant,
2929 1626 3219 1695 vicissim
3256 1627 3434 1711 exigi
3472 1629 3554 1696 ab
3587 1630 3751 1713 ipsis
3788 1629 4054 1715 regibus
4088 1631 4250 1716 legi-

2301 1716 2529 1781 timam
2553 1713 3184 1780 administrationem
3221 1713 3672 1800 intelligimus,
3709 1723 3787 1782 ut
3806 1715 3974 1782 nihil
3998 1736 4242 1798 severe,

2299 1799 2467 1867 nihil
2490 1800 2835 1885 tyrannice
2859 1798 3349 1884 aggrediantur,
3378 1800 3493 1867 sed
3517 1822 3599 1868 ex
3623 1801 3752 1868 Dei
3773 1801 4083 1868 mandato
4102 1803 4250 1871 sub·

2299 1886 2470 1954 ditos
2504 1893 2773 1971 regant:
2818 1907 2903 1952 ne
2947 1884 3118 1968 quod
3164 1885 3405 1952 bellum
3452 1894 3702 1954 temere
3743 1888 4122 1971 suscipiant,
4166 1910 4250 1955 ne

2296 1994 2416 2058 per
2450 1972 2874 2040 ambitionem
2918 1991 3108 2038 suam
3153 1971 3470 2038 ditionem
3506 1993 3872 2058 propagare
3906 1974 4245 2040 studeant:

2296 2081 2383 2127 ne
2426 2057 2708 2142 denique
2743 2057 3026 2125 subditis
3070 2075 3154 2123 ex
3198 2059 3404 2123 animi
3445 2060 3778 2126 sententia
3820 2066 3936 2126 aut
3976 2059 4247 2126 libidine

2296 2144 2615 2230 quidquid
2656 2143 2976 2230 placuerit
3016 2143 3364 2228 imperent.
3453 2142 3706 2211 Verum
3749 2145 4246 2246 insurgentibus

2297 2231 2618 2315 hostibus,
2683 2236 2750 2296 et
2806 2230 3144 2314 regionem
3203 2236 3318 2295 aut
3381 2230 3718 2298 civitatem
3782 2230 4245 2313 adorientibus,

2295 2323 2576 2402 possunt
2608 2336 2799 2401 reges
2831 2315 3111 2381 militem
3148 2315 3577 2396 conscribere,
3611 2317 3973 2384 exercitum
3997 2338 4247 2403 cogere,

2297 2405 2369 2469 in
2402 2403 2721 2488 praelium
2758 2400 3024 2468 duceret
3062 2409 3261 2484 atque
3294 2402 3390 2467 ita
3424 2401 3721 2469 subditos
3754 2410 4014 2486 oportet
4043 2405 4247 2470 vitam

2296 2509 2416 2574 pro
2481 2488 2700 2574 patria
2763 2495 2829 2554 et
2893 2508 3049 2571 rege
3113 2488 3543 2569 profundere:
3615 2487 3809 2554 modo
3871 2498 4092 2555 tamen
4161 2511 4245 2555 ne

2299 2587 2544 2643 temere
2608 2594 2802 2659 reges
2865 2572 2946 2639 ad
3013 2592 3198 2638 arma
3260 2581 3674 2653 concurrant,
3738 2581 3855 2640 aut
3916 2575 4243 2657 privatam

2295 2682 2564 2729 causam
2622 2666 2843 2745 agant,
2897 2657 3011 2725 sed
3070 2658 3143 2723 in
3187 2679 3382 2725 usum
3438 2667 3505 2726 et
3556 2658 3966 2726 commodum
4024 2660 4244 2745 reipu-

2297 2748 2502 2815 blicae
2545 2766 2666 2814 sua
2707 2744 2981 2814 consilia
3021 2751 3431 2813 convertant.
3518 2744 3753 2827 Itaque
3817 2744 4060 2811 subditi
4103 2746 4245 2830 qui-

2298 2834 2447 2901 dem
2503 2840 2660 2900 sunt
2713 2832 2783 2897 in
2840 2851 3073 2915 regum
3131 2838 3487 2914 potestate:
3546 2829 3663 2897 sed
3718 2830 4010 2897 vicissim
4051 2852 4243 2916 reges

2295 2925 2555 3004 oportet
2595 2917 2874 3002 publicis
2915 2916 3270 2984 commodis
3305 2915 3588 2996 studere,
3624 2937 3751 3000 quo
3787 2917 4040 3000 possint
4079 2915 4243 3000 ipsis

2294 3025 2335 3071 a
2390 3004 2540 3072 Deo
2600 3004 3007 3090 praescripto
3064 3023 3338 3069 munere
3391 3002 3596 3088 fungi,
3649 3011 3720 3068 et
3771 3000 4033 3086 quidem
4090 3023 4241 3068 cum

2293 3091 2564 3160 oonsilio
2607 3098 2675 3157 et
2733 3098 2995 3156 matura
3037 3086 3525 3156 deliberatione.
3611 3087 3785 3155 Nam
3828 3087 3887 3154 si
3927 3107 4118 3172 reges
4159 3109 4243 3154 ex

2294 3177 2498 3244 animi
2544 3176 2650 3243 sui
2691 3175 3019 3243 sententia
3062 3182 3128 3241 et
3173 3195 3289 3259 pro
3334 3174 3679 3241 voluntate
3723 3194 3848 3240 sua
3886 3172 4242 3257 rempubli-

2292 3283 2440 3330 cam
2481 3272 2735 3348 gerant,
2781 3269 2848 3328 et
2890 3283 2930 3328 a
2973 3281 3043 3326 se
3085 3260 3248 3345 ipsis
3290 3260 3634 3327 consilium
3678 3267 3925 3344 petant,
3986 3267 4243 3325 certum

2293 3359 2396 3417 est
2430 3347 2727 3417 subditos
2763 3347 3009 3432 rapinis
3052 3359 3122 3413 et
3156 3339 3728 3432 compilationibus
3762 3343 4242 3430 opprimendos,

2292 3437 2437 3505 sine
2480 3455 2599 3520 spe
2644 3435 2780 3501 ulla
2821 3435 3085 3500 futurae
3118 3433 3409 3499 melioris
3444 3430 3795 3515 aliquando
3830 3429 4241 3514 conditionis,

2292 3522 2408 3590 sed
2443 3522 2661 3607 potius
2697 3542 2957 3589 summo
2993 3527 3178 3586 metu
3201 3517 3659 3603 oppressionis.
3705 3515 4018 3600 Quisquis
4040 3516 4246 3602 igitur

2294 3608 2546 3694 regiam
2605 3607 2883 3691 adeptus
2939 3613 3327 3691 potestatem
3372 3602 3666 3671 subditos
3709 3624 3939 3688 regere
3981 3609 4048 3668 et
4093 3623 4246 3670 auc-

2292 3694 2630 3762 toritatem
2696 3691 2869 3776 apud
2927 3712 3039 3759 eos
3082 3691 3365 3757 retinere
3421 3688 3726 3769 voluerit,
3782 3710 3868 3756 ne
3928 3689 4052 3756 sibi
4111 3689 4244 3774 ipsi

2289 3780 2573 3848 nimium
2609 3778 2799 3846 fidat:
2844 3778 2958 3846 sed
2995 3778 3248 3843 ratione
3290 3788 3357 3843 et
3391 3776 3665 3843 consilio
3698 3795 3807 3841 res
3842 3795 3998 3840 suas
4030 3783 4239 3860 gerat,
4287 3845 4292 3850 ,

2290 3886 2367 3935 ae
2427 3865 2818 3933 nominatim
2873 3873 3100 3931 caveat-
3158 3885 3245 3929 ne
3301 3864 3373 3929 in
3417 3860 3760 3946 exigendis
3804 3860 4238 3945 vectigalibus

2292 3960 2411 4020 aut
2455 3952 2736 4031 tributis,
2777 3959 2896 4015 aut
2927 3950 3000 4015 in
3036 3948 3432 4033 accipiendis
3466 3949 3534 4013 in
3558 3968 3754 4014 usum
3788 3966 3980 4014 suum
4016 3947 4235 4013 subdi-

2291 4051 2509 4105 torum
2554 4036 2848 4123 personis
2906 4044 2972 4102 et
3025 4036 3232 4119 bonis,
3276 4031 3630 4119 quidquam
3675 4040 3830 4116 agat
3873 4034 4233 4118 tyrannice,

2290 4126 2445 4192 licet
2485 4124 2613 4209 ipsi
2670 4121 2964 4189 subditos
3007 4119 3387 4188 obedientes
3426 4140 3569 4187 esse
3611 4127 3930 4203 oporteat.
4000 4118 4229 4200 Neque

2292 4211 2466 4278 enim
2491 4209 2643 4276 talis
2681 4218 2785 4275 est
2820 4228 3050 4274 eorum
3087 4206 3421 4285 subiectio,
3460 4214 3536 4271 ut
3573 4207 3730 4290 ipsis
3751 4204 3938 4272 abuti
3959 4201 4040 4269 ad
4084 4202 4230 4269 libi-

2290 4307 2435 4363 tum
2470 4295 2874 4379 principibus
2923 4291 3149 4359 liceat:
3211 4292 3328 4360 sed
3383 4292 3737 4376 tranquille
3780 4298 3849 4358 et
3891 4288 4113 4374 quiete
4155 4309 4233 4355 ae

2290 4383 2557 4467 pacifice
2579 4380 2861 4464 acceptis
2887 4399 2928 4445 a
2955 4379 3099 4445 Deo
3120 4399 3441 4462 quemque
3469 4378 3660 4445 bonis
3703 4384 3771 4442 et
3811 4373 4232 4442 facultatibus

2289 4468 2391 4536 uti
2419 4478 2484 4535 et
2518 4467 2952 4550 frui‘oportet,
3005 4486 3172 4548 quae
3200 4463 3475 4547 proinde
3517 4484 3648 4530 non
3697 4472 3854 4528 sunt
3885 4460 3957 4524 in
4001 4480 4232 4558 regum

2290 4561 2633 4640 potestate,
2656 4553 2801 4621 sine
2823 4551 3221 4628 discrimine,
3252 4557 3321 4617 et
3348 4568 3584 4617 causae
3605 4547 3974 4632 cognitione
3994 4555 4227 4628 posita.

2291 4642 2463 4708 Nam
2499 4660 2670 4724 quae
2714 4658 2936 4704 rerum
2978 4636 3050 4703 in
3093 4635 3411 4703 mundum
3453 4633 3745 4701 confusio
3786 4633 4229 4704 inveheretur,

2291 4728 2421 4793 nisi
2464 4725 2907 4793 dominiorum
2963 4731 3033 4790 et
3089 4723 3409 4790 bonorum
3453 4719 3780 4786 distinctio
3823 4715 4229 4783 retineatur?

2290 4813 2513 4897 Quare
2567 4813 2972 4895 privatorum
3016 4808 3187 4877 bona
3229 4828 3366 4874 non
3424 4814 3584 4872 sunt
3625 4804 3696 4871 in
3739 4823 3970 4887 regum
4013 4810 4230 4886 potes·

2292 4907 2430 4966 tate
2485 4906 2554 4965 et
2602 4896 2872 4964 arbitrio
2927 4897 3170 4980 posita:
3227 4913 3464 4960 verum
3507 4888 3772 4968 tributa,
3832 4896 3902 4955 et
3942 4888 4231 4972 vectiga-

2291 4987 2380 5053 lia
2436 4985 2718 5069 exigere,
2772 4992 2840 5049 et
2883 5003 3085 5066 quum
3130 4978 3484 5047 necessitas
3527 4976 3789 5062 urgebit
3831 4975 3976 5041 aliis
4018 4974 4230 5075 subsi-

2291 5071 2418 5138 diis
2461 5068 3024 5149 extraordinariis,
3067 5089 3154 5135 ex
3195 5064 3606 5132 subditorum
3650 5062 4074 5130 facultatibus
4105 5080 4232 5126 rei-

2291 5158 2589 5243 publicae
2645 5155 2983 5224 consulere
3038 5174 3157 5220 suo
3211 5153 3354 5217 iure
3411 5156 3700 5235 possunt.
3782 5147 4092 5248 'Denique
4142 5155 4231 5248 ‚ut

2291 5243 2567 5330 populos
2622 5242 2888 5327 regibus
2944 5240 3240 5307 subditos
3296 5257 3441 5304 esse
3484 5243 3758 5320 oportet,
3802 5244 3898 5299 ita
3940 5253 4230 5302 vicissim
