5059 6059
841 302 972 369 303
2481 299 2891 367 HOMILIA
2950 297 3174 367 LXX.

4653 303 4738 373 304

840 493 1155 559 adversus
1221 511 1292 555 se
1359 493 1531 573 ipsos
1591 499 1964 571 provocent.
2067 491 2283 571 Atque
2343 489 2451 554 hic
2505 488 2778 555 Domini
2883 488 3070 557 cendi
3110 490 3393 557 rationes
3429 506 3681 559 certum
3720 502 3839 555 est.
3882 490 4056 561 Nam
4092 491 4161 559 in
4201 501 4456 563 tautum
4493 501 4742 576 stuporem

839 587 1250 660 contemptus
1296 575 1619 657 improbos
1664 586 1954 658 occupat,
2000 577 2110 656 qui
2156 574 2236 639 ad
2284 574 2558 657 quodvis
2600 575 2783 658 flagi-
2882 574 3200 656 coniiciet,
3245 588 3321 641 ut
3340 578 3581 641 famam
3618 573 3791 659 apud
3830 576 4128 647 homines
4170 578 4338 643 tueri
4378 577 4743 663 negligamus:

842 665 1007 729 tium
1067 661 1346 726 frontem
1416 660 1913 743 perfricuerunt.
2017 659 2189 724 Nam
2255 681 2444 725 nemo
2511 674 2781 745 repente
2883 659 3052 742 quod
3113 674 3387 729 naturae
3445 663 3843 731 contrarium
3888 672 4008 729 est.
4097 663 4339 747 Ecquis
4397 665 4560 737 euim
4596 668 4746 733 nescit

839 746 1203 832 improbus:
1252 767 1454 830 quare
1498 768 1651 812 eum
1697 748 1805 828 qui
1847 745 2023 811 male
2068 746 2283 811 faeere
2324 746 2581 829 incipit,
2628 767 2778 829 spes
2878 744 3181 811 homiues
3240 748 3660 831 ignominiam
3724 767 3909 819 suam
3970 760 4191 833 tegere
4243 770 4366 832 pro
4428 748 4661 828 viribus,
4701 764 4747 815 et

842 847 943 900 est
999 854 1184 916 posse
1229 833 1444 899 adhuc
1488 833 1809 898 contineri
1855 832 1923 895 in
1983 832 2226 895 officio:
2286 831 2404 896 sed
2451 833 2563 915 qui
2607 831 2780 899 malo
2882 852 3064 896 suam
3113 833 3662 901 existimationem
3707 831 3879 916 apud
3922 855 4150 903 omnes
4183 844 4474 901 sanctam
4510 846 4567 900 et
4596 836 4748 901 invio-

844 919 1153 997 assuevit,
1200 917 1561 984 mercedem
1610 919 1797 982 factis
1840 916 1977 981 suis
2012 920 2514 984 convenientem
2560 938 2603 982 a
2640 919 2780 983 Deo
2882 915 3142 983 labilem
3200 939 3342 985 esse
3401 918 3613 985 velle?
3682 917 3816 985 Sed
3877 920 3919 983 ii
3976 941 4139 1002 quos
4180 919 4366 985 Deus
4426 921 4493 986 in
4548 943 4747 986 sensum

841 1006 1094 1087 recipit,
1176 1026 1410 1087 nempe
1476 1026 1512 1068 a
1580 1003 1725 1068 Deo
1796 1016 1968 1068 totus
2037 1002 2290 1069 diabolo
2359 1004 2778 1086 permittitur,
2827 1040 2834 1085 Ι
2887 1006 3226 1085 reprobum
3289 1005 3584 1088 coniecit,
3646 1005 3827 1071 nullo
3879 1006 4143 1088 pudore,
4205 1005 4389 1071 nulla
4448 1006 4545 1072 sui
4584 1008 4751 1072 existi·

845 1090 1018 1157 unde
1063 1111 1361 1155 summus
1427 1089 1629 1155 divini
1677 1088 1961 1154 nominis
2005 1099 2420 1172 contemptus
2467 1090 2779 1156 nascitur.

843 1179 935 1244 Et
978 1175 1521 1258 quemadmodum
1569 1176 1693 1240 Dei
1738 1178 2107 1242 reverentia
2151 1176 2427 1258 improbi
2472 1197 2601 1238 non
2640 1185 2778 1242 tan-

845 1275 1110 1348 guntur,
1175 1282 1385 1343 neque
1443 1262 1648 1342 ipsius
1711 1261 1967 1326 iudiciis
2033 1269 2547 1335 commoventur,
2616 1282 2780 1344 quae

846 1371 963 1433 pro
1030 1347 1202 1412 virili
1258 1358 1579 1412 conantur
1639 1347 1825 1411 irrita
1883 1348 2123 1411 facere:
2192 1347 2285 1411 sic
2349 1347 2544 1410 etiam
2606 1348 2777 1430 apud

847 1435 1144 1499 homines
1191 1444 1499 1516 tanquam
1546 1433 1890 1517 perfrictae
1935 1434 2162 1497 frontis
2207 1446 2422 1496 scorta
2458 1431 2781 1515 depudue-

846 1531 1020 1597 runt,
1082 1540 1292 1601 neque
1350 1518 1629 1601 amplius
1675 1518 1821 1582 boni
1871 1518 1968 1583 vel
2017 1518 2171 1584 mali
2219 1518 2591 1583 discrimine
2635 1518 2778 1582 affi-

845 1608 1131 1682 ciuntur,
1177 1605 1288 1669 sed
1339 1606 1588 1670 coelum
1629 1613 1843 1669 terrae
1879 1604 2150 1669 miscere
2190 1602 2440 1679 volunt,
2487 1614 2561 1668 ut
2597 1625 2782 1669 mun-

848 1692 970 1757 dus
1048 1710 1304 1755 summa
1369 1712 1584 1754 rerum
1650 1690 1939 1753 omnium
2016 1689 2394 1754 confusione
2461 1690 2780 1754 turbetur.

847 1778 1036 1857 Quae
1073 1798 1271 1859 quum
1299 1774 1595 1840 videmus
1631 1778 1698 1840 in
1728 1774 1973 1840 mundo
2011 1785 2140 1839 tam
2180 1775 2562 1856 frequentia,
2598 1774 2781 1840 Deus

846 1876 946 1929 est
999 1883 1410 1943 summopere
1469 1862 1885 1935 invocandus,
1950 1882 2030 1924 ne
2089 1881 2206 1924 nos
2267 1858 2675 1942 derelinquat
2718 1872 2780 1924 et

847 1948 1036 2013 nobis
1081 1950 1238 2030 ipsis
1301 1947 1666 2028 permittat:
1726 1945 1837 2010 sed
1897 1947 2115 2027 potius
2161 1965 2360 2027 quum
2409 1946 2488 2009 ad
2531 1946 2779 2013 malum

847 2033 1358 2109 sollicitabimur,
1422 2034 1617 2097 etiam
1662 2033 1717 2097 si
1768 2032 1997 2096 vitium
2043 2029 2257 2096 adhuc
2301 2032 2368 2095 in
2416 2032 2628 2097 cordis
2674 2054 2780 2115 pe-

847 2119 1209 2184 netralibus
1275 2118 1595 2183 occultum
1658 2119 1766 2193 sit,
1835 2117 2153 2183 vomicam
2223 2118 2471 2198 aperiat
2538 2130 2603 2182 et
2661 2139 2780 2200 pus

849 2209 1082 2280 eiiciat,
1129 2226 1211 2269 ue
1256 2205 1434 2268 intus
1470 2217 1790 2268 resectum
1828 2205 2037 2284 ipsum
2076 2224 2187 2268 cor
2222 2203 2511 2271 suffocet.
2559 2203 2780 2284 Quare

847 2312 1051 2375 quum
1121 2288 1278 2355 talia
1341 2289 1641 2372 exempla
1710 2289 1894 2354 nobis
1960 2301 2432 2371 proponuntur,
2516 2310 2634 2354 nos
2699 2290 2781 2355 ad

852 2381 1079 2441 vivum
1141 2376 1311 2441 affici
1365 2387 1619 2458 oportet
1677 2385 1741 2438 et
1799 2374 1879 2439 ad
1925 2373 2142 2439 Deum
2192 2372 2569 2441 ardentibus
2615 2376 2782 2441 votis

850 2463 1162 2539 converti,
1210 2482 1289 2525 ne
1335 2482 1454 2525 nos
1497 2462 1567 2525 in
1606 2472 1738 2525 tam
1776 2459 2083 2525 lethalem
2119 2480 2344 2525 casum
2381 2459 2779 2543 praecipitet.

853 2548 1205 2613 Caeterum
1265 2567 1464 2628 quum
1538 2546 1834 2611 homines
1907 2546 2000 2610 ita
2080 2545 2472 2628 pedetentim
2543 2567 2582 2611 a
2638 2547 2781 2611 Deo

852 2632 1171 2709 recedere,
1209 2647 1273 2695 et
1309 2631 1568 2696 tandem
1606 2646 1734 2695 tam
1772 2631 1996 2714 procul
2035 2632 2356 2710 aberrare,
2393 2644 2464 2694 ut
2499 2632 2567 2695 in
2608 2634 2779 2696 viam

854 2728 1183 2801 nequeant
1206 2717 1516 2800 revocari,
1560 2715 1838 2798 indeque
1859 2718 1941 2782 ab
1983 2717 2281 2783 omuibus
2324 2716 2601 2782 saeculis
2644 2740 2778 2782 ma·

843 2806 991 2870 ,lum
1058 2804 1229 2870 istud
1298 2803 1635 2868 hominum
1693 2812 1945 2867 mentes
2011 2823 2357 2885 occupasse
2423 2802 2779 2876 videamus.

852 2890 1011 2956 facit
1068 2911 1150 2954 ne
1204 2888 1327 2954 hoc
1386 2899 1674 2970 tempore
1735 2888 1954 2952 mirari
2023 2909 2139 2955 nos
2199 2900 2511 2971 oporteat,
2581 2910 2779 2971 quum

855 2975 1231 3060 hypocritas
1297 2972 1662 3039 videbimus
1719 2974 1799 3037 ad
1856 2986 2111 3056 tempus
2167 2976 2450 3057 speciem
2495 2974 2778 3056 aliquam

855 3061 1008 3128 boni
1053 3081 1224 3144 prae
1279 3083 1349 3125 se
1408 3058 1596 3139 ferre,
1657 3057 2047 3141 tandemque
2105 3081 2144 3123 a
2185 3059 2330 3125 Deo
2391 3059 2659 3143 produci
2719 3073 2780 3124 et

839 3160 1166 3231 tauquam
1236 3146 1305 3210 in
1367 3145 1621 3210 theatro
1677 3144 1996 3218 collocari.
2069 3154 2144 3209 ut
2181 3166 2417 3211 coram
2481 3147 2781 3211 omuibus

852 3237 1139 3318 ipsorum
1198 3231 1537 3314 turpitudo
1593 3242 1921 3314 appareat,
1978 3232 2178 3295 immo
2234 3244 2299 3295 et
2357 3231 2514 3313 ipsis
2560 3232 2782 3314 pueris

851 3322 1256 3386 innoteseat:
1325 3318 1435 3383 sed
1500 3329 1717 3383 tamen
1773 3316 2078 3383 admonet
2135 3328 2208 3381 ut
2266 3337 2522 3383 summo
2569 3316 2781 3383 studio

856 3407 1054 3471 talem
1133 3403 1336 3468 divini
1404 3403 1684 3468 nominis
1759 3413 2203 3485 contemptum
2271 3403 2619 3486 fugiamus,
2700 3425 2782 3473 ne

856 3492 1001 3556 istis
1047 3489 1417 3555 hominibus
1461 3489 1870 3553 nocentiores
1915 3487 2177 3554 tandem
2223 3488 2653 3555 inveniamur.

1030 3579 1247 3658 Atque
1321 3573 1498 3639 istud
1559 3586 1827 3656 apparet
1892 3595 1976 3639 ex
2033 3575 2406 3639 narratione
2464 3573 2785 3641 sermonis

857 3660 1036 3726 illius
1093 3681 1282 3742 quem
1330 3658 1491 3725 Saul
1547 3658 1629 3724 ad
1686 3660 2129 3725 Ionathanum
2185 3660 2388 3725 filium
2450 3672 2516 3724 et
2558 3681 2784 3727 omnes

858 3767 1080 3811 servos
1135 3745 1381 3820 habuit,
1449 3765 1575 3827 quo
1631 3745 1753 3810 sibi
1812 3746 1934 3826 ipsi
1996 3745 2166 3810 ultro
2222 3744 2497 3811 dedecus
2557 3765 2781 3828 perpe·

860 3848 1168 3913 tuamque
1213 3831 1544 3895 infamiam
1590 3831 1984 3913 quaesivisse
2020 3830 2300 3896 videtur.
2348 3830 2516 3896 Nam
2564 3844 2786 3915 aperte

759 3984 767 3995 ,
858 3938 1043 3983 suam
1105 3914 1462 3998 perfidiam,
1522 3915 1742 3981 odium
1803 3918 1871 3981 in
1930 3916 2270 3992 Davidem,
2335 3937 2788 4000 summamque

857 4002 1304 4067 crudelitatem
1383 4000 1613 4084 prodit.
1712 4001 1890 4067 Hinc
1949 4002 2168 4085 itaque
2234 4002 2558 4068 discamus
2616 4003 2785 4085 quod

855 4088 1100 4155 Paulus
1160 4087 1489 4166 admonet,
1543 4108 1652 4159 eos
1709 4090 1818 4169 qui
1882 4089 2093 4153 Deum
2154 4109 2284 4155 non
2348 4090 2670 4154 honorant
2715 4098 2788 4153 ut

860 4175 1062 4253 decet,
1120 4174 1187 4238 in
1248 4184 1495 4237 tantam
1556 4173 1637 4238 ab
1682 4172 1822 4256 ipso
1867 4175 2311 4240 confusionem
2358 4173 2496 4239 dari
2544 4176 2787 4256 praeci·

859 4263 1044 4343 pites,
1104 4268 1175 4324 ut
1217 4279 1301 4322 ne
1344 4279 1460 4322 suo
1519 4259 1774 4341 quidem
1835 4260 2068 4326 honori
2125 4271 2417 4343 parcant,
2476 4260 2586 4324 sed
2647 4280 2787 4325 sese

861 4347 1036 4411 ultro
1075 4344 1463 4410 deridendos
1505 4345 1808 4409 omnibus
1852 4359 2204 4426 exponant.
2267 4344 2378 4411 Sic
2419 4345 2789 4411 Deus-suae

859 4431 1218 4496 maiestatis
1260 4441 1736 4511 contemptores
1781 4431 2003 4497 ulcisci
2047 4432 2231 4497 solet.
2324 4431 2489 4497 Nam
2536 4452 2612 4495 eo
2658 4432 2787 4499 flue

860 4538 1001 4581 sese
1046 4517 1232 4581 nobis
1275 4515 1599 4598 patefacit,
1650 4528 1718 4578 ut
1757 4518 1873 4599 ipsi
1913 4516 2343 4601 obsequamur
2381 4515 2789 4599 debitamque

859 4603 1294 4666 reverentiam
1355 4601 1811 4667 exhibeamus:
1874 4623 2115 4685 nosque
2173 4604 2252 4667 ab
2312 4604 2452 4683 ipso
2506 4604 2574 4666 in
2638 4623 2786 4667 eum

861 4690 1057 4752 finem
1101 4698 1351 4752 creatos
1394 4689 1693 4760 sciamus.
1742 4701 1811 4752 ut
1850 4690 1916 4752 in
1956 4688 2138 4752 nobis
2172 4689 2591 4772 glorificetur.
2640 4689 2789 4753 Dis-

860 4795 1086 4839 camus
1132 4775 1348 4854 itaque
1375 4794 1490 4838 uos
1536 4772 1629 4837 illi
1678 4786 1863 4851 totos,
1909 4795 2145 4856 eorpus
2191 4775 2504 4839 nimirum
2548 4784 2616 4839 et
2646 4775 2789 4839 ani·-

864 4881 1060 4939 mam,
1118 4858 1332 4922 dicare
1377 4862 1443 4922 in
1505 4861 1681 4923 omni
1741 4861 2040 4942 puritate.
2131 4860 2271 4925 Nae
2335 4861 2390 4925 si
2453 4882 2572 4925 uos
2630 4858 2791 4924 adeo

860 4966 1000 5010 esse
1072 4945 1344 5009 miseros
1417 4967 1533 5010 con
1545 4945 1782 5028 tigerit,
1856 4958 1927 5010 ut
1983 4946 2062 5011 ad
2136 4945 2409 5028 quodvis
2465 4946 2787 5029 flagitium

864 5031 1243 5112 praecipites
1308 5050 1593 5106 ruamus,
1661 5053 1868 5114 eoque
1934 5032 2363 5096 deveniamus
2419 5032 2790 5114 impietatis,

864 5128 937 5179 ut
982 5116 1109 5181 Dei
1170 5137 1406 5180 nomen
1461 5127 1874 5182 contemnere
1934 5119 2200 5199 eiusque
2259 5116 2529 5200 gloriam
2583 5117 2792 5201 profa-

859 5222 1019 5266 nare
1075 5201 1469 5279 studeamus,
1530 5203 1768 5269 multas
1829 5203 2068 5270 habere
2123 5203 2339 5286 ipsum
2398 5225 2539 5269 sese
2596 5202 2788 5269 ulcis·

2837 4576 2846 4933 Ι

2885 1090 3168 1155 matione
3211 1091 3597 1169 retinentur,
3653 1090 3786 1155 imo
3831 1089 4141 1157 videntur
4183 1091 4401 1159 studio
4445 1114 4614 1159 suam
4654 1105 4753 1157 tur·

2886 1175 3248 1257 pitudinem
3295 1174 3467 1258 apud
3512 1197 3739 1241 omnes
3783 1176 3994 1259 palam
4042 1178 4274 1257 facere,
4336 1189 4403 1241 et
4445 1200 4615 1243 suam
4650 1201 4756 1244 cru·

2888 1259 3241 1340 delitatem,
3288 1259 3625 1343 perfidiam
3674 1274 3740 1326 et
3784 1262 3994 1329 scelus
4036 1263 4292 1345 publice
4336 1263 4612 1346 prodere.
4661 1264 4757 1329 Nos

2883 1348 3103 1427 itaque
3147 1348 3201 1411 si
3248 1348 3552 1430 sapimus,
3598 1360 3664 1412 et
3709 1349 3836 1413 nisi
3884 1348 4185 1417 volumus
4219 1349 4289 1413 in
4333 1349 4512 1413 mille
4545 1350 4757 1415 difficul-

2885 1442 3050 1495 tates
3093 1432 3397 1515 incidere,
3441 1431 3659 1499 Deum
3705 1434 3915 1499 colere
3958 1447 4025 1498 et
4068 1436 4371 1513 revereri,
4437 1457 4657 1519 nosque
4688 1436 4756 1499 illi

2886 1529 3056 1582 totos
3122 1539 3265 1583 cum
3335 1517 3616 1583 candore
3673 1531 3739 1582 et
3798 1520 4217 1602 simplicitate
4283 1519 4517 1587 dedere
4578 1522 4757 1585 moniti

2886 1601 3228 1669 discamus.
3321 1602 3566 1668 Verum
3628 1605 3803 1669 enim
3864 1604 4030 1669 illud
4074 1618 4174 1672 est
4215 1606 4383 1688 apud
4434 1606 4760 1690 prophetam

2885 1686 3170 1768 Domini,
3214 1689 3384 1772 quod
3416 1691 3712 1772 superius
3749 1690 4118 1757 audivimus
4156 1690 4441 1757 dictum:
4488 1692 4761 1758 Honorabo

2883 1792 2987 1838 eos
3028 1775 3140 1855 qui
3181 1796 3277 1841 me
3316 1774 3637 1851 honorant,
3685 1781 3743 1841 et
3785 1797 3885 1843 eos
3918 1777 4267 1860 iynominia
4308 1783 4367 1842 et
4409 1779 4673 1843 dedecore
4697 1780 4767 1843 ἐκ·-

2883 1859 3143 1940 volvam,
3198 1861 3306 1942 qui
3350 1881 3444 1927 me
3485 1865 3874 1933 contemnunt
3915 1868 3970 1926 et
3998 1863 4469 1945 parvifaciunt.-
4508 1863 4663 1946 quod
4690 1885 4768 1928 rs-

2887 1958 3023 2009 tum
3071 1947 3210 2010 fieri
3257 1947 3399 2028 ipsa
3440 1947 3842 2030 experientia
3886 1947 4209 2017 docemur.
4289 1949 4631 2015 Caeterum
4671 1971 4767 2015 nou

2886 2030 3125 2096 debent
3182 2032 3298 2096 filii
3354 2031 3487 2097 Dei
3552 2054 3872 2097 summam
3932 2054 4155 2115 pacem
4213 2046 4282 2100 et
4335 2037 4539 2100 otium
4581 2036 4639 2101 iu
4679 2034 4769 2099 hoc

2885 2117 3127 2182 mundo
3171 2118 3296 2184 sibi
3341 2117 3661 2205 polliceri:
3708 2117 3820 2183 sed
3868 2129 4094 2185 contra
4136 2131 4526 2202 perpetuum
4568 2120 4768 2186 bellum

2879 2213 2944 2266 et
2988 2222 3280 2285 pugnam
3325 2202 3633 2286 quamdiu
3694 2206 4078 2287 superstites
4125 2204 4371 2271 fuerint
4415 2220 4768 2289 exspectare,

2886 2287 3045 2351 adeo
3081 2288 3339 2370 quidem
3379 2302 3452 2354 ut
3487 2288 3731 2353 malum
3772 2311 3975 2355 unum
4012 2290 4224 2357 multa
4258 2291 4432 2356 mala
4469 2293 4770 2375 excipiant,

2885 2385 2950 2437 et
3010 2374 3208 2438 veluti
3262 2376 3498 2441 fluctus
3556 2373 3858 2441 fluctibus
3915 2376 4283 2455 succedant,
4350 2378 4513 2442 adeo
4570 2392 4637 2443 ut
4687 2398 4774 2459 per

2886 2459 3061 2523 mille
3107 2463 3334 2525 mortis
3378 2460 3751 2526 discrimina
3797 2482 3989 2545 aegre
4037 2464 4240 2527 vitam
4284 2464 4356 2526 in
4406 2465 4532 2528 hoc
4575 2460 4770 2527 mundo

2887 2544 3167 2613 trahant.
3242 2546 3470 2628 Neque
3517 2565 3671 2612 vero
3717 2559 3931 2611 tamen
3977 2548 4266 2613 omnium
4322 2550 4648 2614 hominum
4686 2569 4776 2630 par

2886 2644 2986 2694 est
3029 2631 3344 2697 conditio:
3393 2652 3602 2714 neque
3648 2653 3873 2701 omnes
3917 2643 4051 2699 tam
4097 2634 4277 2699 duris
4322 2636 4612 2701 exerceri
4650 2633 4773 2699 cesi·

2888 2714 3005 2780 bus
3064 2737 3258 2799 quam
3323 2716 3650 2786 Davidem
3722 2717 4040 2785 videmus.
4145 2717 4299 2785 Suis
4365 2721 4546 2786 enim
4608 2718 4777 2804 parcit

2886 2801 3086 2880 Deus,
3132 2822 3405 2884 quorum
3450 2803 3898 2873 infirmitatem
3939 2805 4138 2869 novit.
4186 2804 4406 2871 David
4448 2826 4620 2879 vero.
4660 2824 4779 2889 quo·

2887 2888 3061 2951 niam
3105 2887 3373 2952 Domini
3436 2889 3639 2952 nostri
3685 2887 3838 2953 Iesu
3884 2889 4135 2963 Christi
4194 2892 4320 2958 fuit
4378 2893 4613 2974 figura,
4664 2909 4775 2973 pro-

2884 2973 3136 3055 positus
3180 2986 3280 3038 est
3323 2974 3506 3038 nobis
3550 2974 3923 3058 exemplum
3985 2974 4064 3040 ad
4111 2977 4284 3057 quod
4327 2996 4777 3059 componamur.

2885 3058 3053 3122 Nam
3099 3069 3167 3122 et
3212 3060 3331 3124 hoo
3388 3071 3613 3124 notum
3661 3070 3790 3124 est:
3850 3058 4205 3126 Dominum
4250 3072 4554 3128 nostrum
4593 3063 4773 3126 Iesum

2888 3143 3225 3209 Christum
3270 3144 3561 3210 fidelium
3603 3145 3890 3209 omnium
3929 3167 4069 3210 esse
4105 3148 4465 3227 exemplar,
4511 3146 4778 3231 quemad·

2885 3229 3150 3294 modum
3175 3230 3419 3295 Paulus
3457 3230 3515 3295 8.
3552 3228 3633 3297 ad
3658 3231 3991 3295 Romanos
4025 3233 4235 3314 capite
4271 3232 4584 3313 declarat,
4618 3252 4776 3315 quum

2884 3315 3110 3380 fideles
3146 3315 3450 3381 admonet
3484 3329 3551 3380 et
3594 3316 3893 3380 hortatur
3926 3315 4005 3381 ad
4045 3318 4449 3400 patientiam,
4493 3318 4780 3403 proposito

2885 3403 3116 3484 capitis
3174 3403 3379 3466 nostri
3425 3400 3577 3466 Iesu
3622 3400 3873 3469 Christi
3916 3404 4232 3486 exemplo,
4291 3406 4402 3487 qui
4453 3426 4596 3470 sese
4638 3403 4780 3467 uobis

2887 3489 3221 3570 proposuit
3263 3489 3629 3570 exemplum
3678 3487 3849 3569 quod
3893 3509 4118 3553 omnes
4164 3489 4348 3555 decet
4394 3490 4659 3567 imitari,
4697 3510 4781 3551 ue-

2886 3594 3011 3722 Ὲιο
3049 3573 3385 3639 meliorem
3423 3578 3726 3657 expetere
3761 3573 4192 3643 conditionem
4218 3597 4413 3658 quam
4441 3578 4568 3643 fnit
4600 3576 4780 3657 ipsius.

2957 3670 3101 3725 ocet
3142 3659 3361 3741 itaque
3407 3680 3520 3727 uos
3566 3672 3860 3742 oportere
3893 3660 4107 3741 ipsum
4154 3661 4355 3744 sequi,
4404 3674 4476 3726 et
4510 3661 4782 3744 idipsum

2891 3746 2956 3808 in
2982 3742 3242 3808 Davide
3274 3756 3585 3827 tauquam
3616 3745 3971 3827 exemplari
3996 3749 4386 3829 proponitur
4411 3745 4782 3815 imitandum·

2892 3829 3061 3897 Nam
3099 3851 3294 3912 quum
3341 3830 3659 3899 Davidem
3700 3831 3879 3896 Deus
3924 3839 4057 3895 tam
4095 3833 4292 3899 variis
4326 3833 4551 3899 modis
4584 3842 4650 3896 et
4686 3842 4783 3893 tam

2892 3915 3114 3983 multis
3159 3916 3620 3983 tentationibus
3664 3917 4026 3982 exercitum
4071 3918 4316 3983 auxilio
4362 3941 4488 3985 suo
4534 3920 4707 3995 invit,
4740 3926 4786 3977 et

2889 4024 2973 4068 ex
3017 4001 3322 4084 periculis
3367 4002 3684 4081 liberavit,
3742 4002 4165 4069 admonemur
4209 4003 4400 4071 nobis
4450 4026 4568 4088 per
4609 4005 4782 4088 ignem

2889 4098 2954 4151 et
2997 4107 3229 4169 aquam
3274 4088 3760 4166 transeundum,
3820 4098 3891 4152 ut
3934 4087 4220 4171 loquitur
4264 4089 4611 4173 Propheta
4648 4084 4783 4153 Psal.

2890 4174 2996 4240 66.
3064 4172 3128 4236 id
3194 4185 3293 4239 est
3359 4175 3578 4237 omnia
3644 4174 3945 4257 quamvis
4010 4174 4362 4239 durissima
4434 4176 4622 4241 nobis
4676 4191 4782 4237 esse

2889 4258 3239 4338 subeunda,
3298 4271 3365 4323 et
3407 4280 3555 4324 cum
3601 4259 3825 4324 multis
3869 4258 4355 4333 difficultatibus
4402 4273 4474 4327 et
4534 4257 4783 4326 afflictio·

2890 4346 3078 4410 nibus
3120 4343 3520 4422 luctandum,
3579 4366 3784 4427 neque
3826 4346 4030 4411 otium
4077 4346 4262 4411 nobis
4305 4343 4783 4429 promittendum

2891 4430 3201 4513 quamdiu
3269 4432 3336 4497 in
3403 4431 3600 4497 terris
3667 4430 4041 4511 vixerimus,
4122 4433 4303 4513 quasi
4373 4446 4530 4516 post
4591 4432 4782 4497 luctam

2893 4537 3087 4581 unam
3134 4527 3249 4580 aut
3283 4516 3555 4580 alteram
3592 4515 3926 4599 tranquilli
3960 4516 4162 4581 futuri
4200 4517 4432 4596 simus,
4472 4518 4586 4583 sed
4624 4532 4782 4581 novus

2890 4623 3148 4686 semper
3238 4600 3648 4669 difficultates
3728 4615 3793 4669 et
3860 4603 4247 4669 tentationes
4325 4601 4783 4688 exspectandas,

2891 4689 3125 4771 quibus
3171 4688 3361 4755 fldem
3409 4702 3476 4752 et
3564 4689 3901 4753 atieutiam
3947 4709 4213 4757 suorum
4249 4689 4441 4756 Deus
4489 4689 4783 4773 explorare

2890 4775 3070 4839 solet.
3165 4772 3272 4841 Sic
3316 4773 3488 4838 Davi
3537 4795 3637 4838 em
3696 4773 3988 4841 videmus
4051 4774 4335 4856 primum
4400 4798 4538 4840 non
4606 4766 4779 4859 procul

2891 4860 3171 4925 abfuisse
3216 4880 3253 4923 a
3296 4858 3576 4942 sepulcri
3622 4859 3939 4939 faucibus,
3995 4881 4192 4942 quum
4242 4858 4410 4927 Saul
4462 4863 4700 4929 hastam
4734 4856 4781 4921 in

2891 4945 3079 5011 illum
3126 4946 3530 5021 iacularetur,
3577 4966 3738 5028 quae
3794 4947 4029 5028 parieti
4087 4944 4293 5011 infixa
4349 4959 4474 5013 est.
4580 4939 4781 5013 Deinde

2893 5031 3186 5112 elapsum
3243 5054 3324 5095 ex
3368 5039 3551 5095 tanto
3595 5030 3904 5113 periculo,
3944 5052 4218 5099 ¹rursum
4283 5034 4565 5101 missum
4604 5040 4783 5098 coum

2896 5117 3304 5195 Philistaeos,
3342 5130 3412 5180 ut
3448 5117 3735 5199 ipsorum
3761 5117 3962 5183 armis
3984 5118 4545 5203 exstingueretur.
4590 5115 4777 5182 verum

2895 5204 3016 5269 etsi
3054 5203 3283 5288 gravia
3316 5212 3383 5267 et
3415 5202 3856 5286 periculorum
3892 5203 4085 5286 plena
4118 5203 4247 5269 ista
4281 5216 4497 5289 erant,
4542 5215 4614 5275 ut
4644 5202 4781 5267 Deus
