5059 6059
302 349 418 417 253

1549 351 1648 417 IN
1693 352 1749 416 Ι.
1794 349 1973 417 LIB.
2020 347 2422 415 SAMUEL.
2469 347 2670 415 CAP.
2713 349 2979 418 XVIII.

4124 352 4255 418 254

293 536 593 605 mercedis
651 537 971 603 rationem
1031 538 1384 623 habuisset,
1438 540 1685 607 occasio
1727 538 2073 605 videbatur
2116 536 2214 601 illi
2318 538 2567 620 ayebat:
2591 540 2925 621 posuitque
2958 559 3097 603 eum
3133 537 3294 604 Saul
3326 559 3518 621 super
3549 541 3719 608 viros
3751 541 3913 624 belli,
3949 546 4013 641 et·
4038 560 4248 623 aecep—

293 624 496 691 oblata
559 623 970 688 offensionis:
1052 623 1369 707 siquidem
1438 626 1549 691 alii
1617 624 1837 692 Saulis
1902 624 2214 691 satellites

299 710 641 777 maioribus
716 710 1026 794 praemiis
1103 709 1526 792 ornabantur,
1606 724 1672 777 et
1735 713 1804 776 in
1871 712 2215 776 autoritate

293 797 528 864 maiore
571 808 777 860 erant.
866 798 1083 879 Atque
1129 796 1236 861 ille
1280 797 1560 879 quidem,
1629 808 1971 880 antequam
2019 817 2088 860 se
2131 794 2210 858 ad

295 880 618 966 singulare
661 891 986 946 certamen
1033 902 1179 946 eum
1226 883 1493 967 gigante
1537 885 1817 959 offerret,
1874 882 2211 947 audiverat

290 988 503 1052 regem
562 967 1079 1043 nobilitaturum,
1141 980 1207 1032 et
1264 968 1511 1034 divitiis
1570 970 1792 1034 multis
1852 967 2213 1032 ditaturum

291 1073 433 1118 eum
476 1053 589 1135 qui
633 1054 965 1137 gigantem
1010 1054 1196 1118 illum
1246 1064 1664 1136 prostrasset:
1707 1055 1865 1137 quin
1910 1064 1976 1118 et
2014 1053 2209 1119 filiam

287 1138 354 1203 in
419 1138 909 1203 matrimonium
968 1139 1094 1222 ipsi
1154 1138 1497 1206 daturum:
1569 1151 1636 1205 et
1690 1139 1956 1205 domum
2009 1139 2213 1222 ipsius

285 1223 583 1290 omnibus
644 1222 905 1289 tributis
964 1237 1031 1289 et
1077 1225 1502 1308 vectigalibus
1545 1225 1814 1291 liberam
1858 1226 2212 1292 facturum:

285 1331 506 1377 verum
581 1322 800 1374 tamen
862 1323 1135 1394 apparet
1195 1310 1515 1377 Davidem
1571 1333 1703 1377 non
1764 1312 1962 1377 fuisse
2017 1311 2213 1375 rebus

279 1395 420 1461 istis
490 1394 871 1476 adductum,
943 1416 1149 1479 neque
1205 1417 1591 1478 persuasum
1652 1407 1725 1462 ut
1780 1409 1913 1461 tam
1978 1396 2211 1478 impari

277 1481 635 1548 certamine
677 1502 824 1546 cum
871 1481 1184 1547 Goliatho
1221 1483 1744 1564 congrederetur,
1789 1483 1902 1548 sed
1926 1483 2062 1547 sola
2083 1481 2212 1546 Dei

275 1568 481 1649 gloria
525 1581 591 1631 et
635 1567 853 1632 studio
892 1568 1119 1633 salutis
1155 1570 1375 1652 populi
1413 1570 1611 1636 fuisse
1645 1570 2019 1653 impulsum.
2082 1566 2212 1632 Hic

274 1653 779 1730 observandum,
815 1652 1032 1718 Deum
1068 1654 1328 1737 quidem
1365 1656 1737 1737 permittere
1778 1668 1851 1719 ut
1887 1655 1987 1720 sui
2013 1654 2208 1717 etiam

268 1739 338 1803 in
398 1738 651 1803 mundo
709 1759 827 1821 pro
883 1740 1018 1804 suis
1078 1740 1428 1806 benefactis
1473 1741 1779 1823 praemiis
1823 1741 2210 1817 afficiantur,

269 1822 618 1889 hominum
681 1825 1048 1889 infirmitati
1106 1825 1353 1908 aliquid
1410 1826 1920 1892 condonantem:
1984 1845 2209 1890 verum

268 1917 493 1974 tamen
541 1929 673 1973 non
719 1929 860 1974 esse
904 1912 972 1974 in
997 1910 1140 1976 istis
1184 1911 1607 1986 haerendum,
1654 1933 1862 1995 neque
1906 1919 2210 1994 appeten·

263 1993 417 2060 dam
457 1994 544 2059 ab
583 1994 957 2061 hominibus
992 1995 1355 2063 mercedem
1392 1998 1600 2064 instar
1634 1998 2206 2063 mercenariorum:

261 2079 379 2146 sed
439 2080 593 2146 Deo
638 2081 1129 2147 inserviendum
1171 2082 1476 2164 fideliter,
1531 2096 1720 2167 prout
1765 2103 2083 2167 quemque
2127 2081 2208 2147 ad

254 2164 381 2233 hoc
427 2166 544 2231 vel
578 2166 743 2232 illud
783 2187 948 2249 opus
982 2179 1190 2233 vocat.
1280 2168 1502 2250 Quare
1538 2169 1859 2236 Davidem
1901 2177 2207 2250 tanquam

255 2251 608 2335 exemplar
665 2252 1057 2319 imitandum
1111 2253 1296 2320 nobis
1350 2276 1812 2339 proponamus,
1885 2256 1940 2319 si
1998 2252 2208 2318 officio

251 2347 490 2403 nostro
540 2339 727 2421 fungi
773 2339 1091 2421 cupimus.
1182 2340 1535 2407 Praeterea
1577 2338 2054 2407 observandum
2099 2359 2209 2404 eos

256 2424 372 2506 qui
417 2444 759 2488 summam
804 2444 991 2488 suam
1036 2424 1412 2489 felicitatem
1457 2427 1522 2491 in
1561 2426 1664 2492 his
1698 2428 1894 2491 rebus
1931 2423 2209 2490 terrenis

246 2510 698 2585 constituunt,
736 2520 800 2573 et
839 2510 1201 2576 mercedem
1227 2511 1708 2576 benefactorum
1732 2511 1813 2575 ab
1836 2510 2210 2575 hominibus

244 2616 279 2660 s
325 2605 533 2660 erant
600 2616 791 2677 saepe
857 2597 1159 2678 opinione
1225 2595 1359 2661 falli
1427 2607 1493 2661 et
1555 2618 1670 2680 spe
1723 2617 1845 2663 sua
1887 2596 2205 2661 excidere.

246 2616 450 2761 &uod
489 2680 711 2763 ipsius
740 2679 1012 2745 Davidis
1032 2683 1332 2765 exemplo
1356 2682 1772 2748 manifestum
1798 2696 1917 2748 est.
1961 2682 2207 2764 Magno

240 2767 426 2831 enim
509 2765 612 2830 illi
687 2766 1016 2831 constabit
1083 2766 1306 2836 Saulis
1361 2789 1625 2834 servum
1687 2779 1754 2834 et
1810 2768 2205 2851 armigerum

241 2850 482 2917 fnisse.
587 2850 718 2918 Sed
786 2853 1087 2934 quoniam
1149 2851 1233 2918 ad
1289 2874 1368 2919 ea
1423 2874 1556 2919 non
1602 2853 1853 2937 appulit
1896 2855 2205 2928 animum,

237 2938 499 3004 idcirco
550 2958 719 3020 quae
761 2958 801 3001 a
836 2935 1038 3004 Saule
1070 2959 1302 3023 passus
1337 2948 1437 3004 est
1472 2939 1636 3006 bene
1671 2940 1802 3024 ipsi
1835 2948 2204 3006 cesserunt:

235 3021 392 3089 Deo
439 3024 662 3107 ipsius
706 3024 1140 3090 constantiam
1187 3035 1253 3091 et
1296 3026 1680 3110 patientiam
1723 3036 2087 3105 exercente,
2142 3035 2210 3090 et

231 3107 306 3174 in
369 3109 692 3178 adversis
750 3109 936 3173 illum
996 3111 1366 3176 consolante
1423 3131 1508 3176 ne
1551 3111 1872 3177 deficeret.
1958 3109 2206 3192 Quam-

236 3194 484 3260 obrem
535 3194 826 3259 fideliter
869 3193 950 3259 ad
994 3196 1194 3261 finem
1239 3217 1445 3279 usque
1489 3196 1951 3279 perseveravit,
1993 3197 2204 3262 nobis·

229 3301 366 3363 que
412 3302 495 3346 se
547 3281 769 3363 ipsum
816 3281 1187 3364 exemplum
1232 3281 1392 3349 utile
1435 3284 1789 3366 proposuit,
1848 3290 1925 3348 nt
1964 3282 2037 3346 in
2080 3282 2209 3347 Dei

227 3367 490 3433 timore
542 3366 802 3432 sincere
845 3377 912 3432 et
954 3367 1099 3432 sine
1143 3368 1291 3433 fuco
1332 3369 1762 3448 ambulemus,
1806 3379 1874 3433 et
1907 3370 1973 3433 in
2004 3368 2209 3451 ipsius

227 3452 693 3536 obsequentia
726 3472 1246 3535 perseveremus,
1290 3463 1367 3518 ut
1399 3452 1710 3538 quidquid
1748 3453 2093 3519 fecerimus
2127 3451 2209 3518 ad

225 3536 368 3604 Dei
443 3538 744 3624 gloriam
812 3549 877 3604 et
942 3540 1391 3621 proximorum
1461 3540 1809 3605 utilitatem
1869 3540 2210 3617 referatur,

225 3622 396 3693 licet
442 3626 773 3709 ingratus
813 3622 1099 3691 mundus
1144 3646 1263 3709 pro
1301 3624 1658 3691 benefactis
1691 3626 2104 3709 iniquitatem
2141 3639 2210 3691 et

218 3711 588 3777 malitiam
634 3707 969 3793 rependat.

400 3797 572 3862 Iam
613 3816 768 3861 vero
812 3795 1004 3879 agite,
1049 3800 1157 3862 etc.

819 4112 1320 4195 HOMILIA
1365 4112 1656 4194 LXVI.

983 4223 1182 4290 oAP.
1228 4222 1493 4290 xvm.

401 4398 444 4463 1
461 4445 478 4459 .
536 4392 640 4461 Et
672 4394 910 4475 factum
943 4398 1048 4472 est,
1086 4413 1278 4476 quum
1311 4395 1666 4477 complesset
1699 4394 1869 4477 loqui
1900 4396 1988 4461 ad
2024 4395 2206 4478 Saul,

205 4486 465 4551 anima
549 4479 867 4547 Ionathas
929 4480 1347 4563 conylutinata
1412 4486 1502 4546 est
1563 4481 1813 4546 animae
1854 4480 2094 4564 David,
2152 4488 2207 4547 et

204 4570 470 4637 dilexit
521 4587 677 4635 eum
712 4562 1019 4631 Ionathas
1051 4567 1241 4648 quasi
1295 4567 1579 4631 animam
1607 4587 1806 4632 suam
1896 4567 1956 4633 2.
2009 4568 2208 4633 Tulit-

199 4679 336 4740 que
384 4675 561 4723 eum
615 4650 776 4717 Saul
817 4651 886 4715 in
928 4651 1032 4717 die
1065 4651 1200 4736 illa,
1245 4655 1300 4716 et
1332 4673 1455 4717 non
1490 4654 1780 4717 concessit
1813 4653 1873 4718 ei
1905 4658 1976 4719 ut
2007 4674 2204 4718 rever·

198 4748 475 4809 teretur
555 4739 637 4803 in
702 4737 950 4802 domum
1000 4739 1221 4818 patris
1284 4738 1406 4802 sui.
1517 4737 1576 4805 3.
1646 4738 1937 4803 Inierunt
1997 4745 2206 4805 autem

193 4827 460 4898 David
529 4828 604 4888 et
647 4821 947 4888 Ionathas
984 4824 1236 4904 foedus.-
1297 4822 1593 4906 diliyebat
1634 4824 1797 4889 enim
1840 4845 1982 4889 eum
2022 4826 2208 4908 quasi

195 4917 541 4983 animam
585 4928 796 4973 suam.
842 4908 903 4974 4.
945 4907 1118 4973 Nam
1150 4910 1526 4990 exspoliavit
1556 4930 1624 4975 se
1661 4909 1962 4976 Ionathas
1994 4912 2206 4977 tunica

190 5022 344 5086 qua
395 5001 566 5065 erat
617 4995 895 5075 indutus,
939 5000 996 5060 et
1035 4994 1205 5059 dedit
1238 5015 1374 5060 eam
1409 4993 1664 5060 David:
1708 5000 1764 5060 et
1795 4997 2042 5078 reliqua
2074 5017 2205 5062 ves-

2316 628 2419 688 tus
2459 629 2597 687 erat
2629 625 2698 688 in
2732 625 2926 689 oculis
2961 626 3239 691 universi
3263 627 3504 708 populi,
3549 628 3940 710 maximeque
3988 649 4056 692 m
4108 646 4251 693 cort·

2316 713 2524 791 spectu
2577 708 2970 789 famulorum
3019 710 3194 777 Saul.
3256 712 3318 777 6.
3364 711 3571 777 Porro
3612 733 3805 794 quum
3844 718 4253 778 reverteretur

2304 815 2606 876 percusso
2649 794 2998 863 Philistaeo
3039 797 3278 878 David,
3333 817 3608 881 eyressae
3650 803 3797 863 sunt
3836 799 4130 864 mulieres
4170 799 4251 863 de

2313 882 2632 947 universis
2665 882 2925 947 urbibus
2962 884 3185 963 Israel,
3229 889 3560 962 cantantes,
3595 883 3928 965 chorosque
3960 885 4250 950 ducentes

2316 968 2384 1030 in
2439 987 2761 1033 occursum
2807 967 2971 1035 Saul
3010 969 3196 1053 reqvie,
3260 971 3327 1034 in
3368 970 3685 1052 tympanis
3725 970 4017 1053 laetitiae,
4081 976 4137 1035 et
4178 971 4250 1035 in

2313 1054 2545 1118 sistris.
2634 1054 2693 1118 7.
2762 1053 2851 1118 Et
2902 1054 3347 1137 praecinebant
3402 1053 3695 1121 mulieres
3752 1055 4028 1121 ludentes
4068 1061 4248 1137 atque

2314 1140 2622 1204 dicentes:
2670 1139 2992 1205 Percussit
3017 1138 3177 1206 Saul
3218 1141 3408 1220 mille,
3449 1146 3507 1206 et
3526 1140 3744 1207 David
3786 1141 3985 1206 decem
4020 1141 4245 1207 millia.

2316 1224 2374 1289 8.
2424 1226 2647 1290 Iratus
2689 1231 2781 1290 est
2814 1231 3020 1291 autem
3054 1224 3217 1291 Saul
3250 1227 3462 1306 nimis,
3507 1230 3562 1291 et
3594 1226 3917 1309 displicuit
3949 1227 4020 1291 in
4052 1226 4249 1293 oculis

2315 1311 2454 1375 eius
2515 1330 2717 1375 sermo
2780 1312 2929 1377 iste.-
2993 1312 3307 1393 dixitque:
3380 1311 3705 1377 Dederunt
3766 1312 3988 1377 David
4042 1313 4248 1378 decem

2314 1395 2542 1474 millia,
2587 1402 2642 1460 et
2682 1396 2841 1461 mihi
2879 1397 3052 1463 molle
3089 1398 3421 1463 dederunt.-
3470 1398 3626 1479 quid
3667 1399 3727 1462 ei
3766 1403 4062 1479 superest,
4114 1398 4249 1463 nisi

2313 1482 2515 1548 solum
2555 1481 2861 1565 reynum?
2948 1482 3009 1547 9.
3058 1483 3205 1548 Non
3245 1485 3429 1549 rectis
3481 1503 3623 1566 erqo
3674 1483 3868 1549 oculis
3926 1482 4091 1550 Saul
4131 1484 4245 1548 ad-

2312 1566 2611 1648 spiciebat
2650 1567 2867 1634 David
2907 1589 2951 1633 a
2993 1569 3097 1633 die
3136 1568 3253 1634 illa
3294 1575 3349 1633 et
3390 1570 3692 1649 deinceps.

2482 1738 2790 1804 Narratio
2824 1740 3119 1822 seqnitur
3152 1739 3613 1805 familiaritatis
3649 1749 3715 1805 et
3749 1739 4246 1807 necessitudinis

2313 1844 2478 1907 quae
2521 1824 2894 1892 intercessit
2937 1825 3299 1890 Ionathano
3334 1824 3558 1891 Saulis
3593 1826 3727 1891 filio
3764 1847 3912 1891 cum
3949 1825 4244 1893 Davide:

2313 1923 2380 1975 et
2421 1910 2710 1975 vicissim
2757 1910 2887 1976 odii
2931 1931 3059 1993 quo
3106 1910 3264 1977 Saul
3308 1911 3376 1975 in
3422 1909 3745 1976 Davidem
3792 1914 4054 1978 exarsit.
4116 1911 4246 1977 Dei

2313 2016 2472 2060 sane
2547 1996 2962 2079 providentia
3028 1997 3271 2062 factum
3336 2009 3412 2060 ut
3472 1997 3687 2061 David
3755 1997 3877 2064 hoc
3942 1999 4246 2063 solatium

2313 2081 2584 2146 haberet
2649 2093 3077 2166 persequente
3135 2082 3345 2164 ipsum
3393 2102 3546 2165 rege
3593 2081 3818 2150 Saule:
3887 2104 4123 2166 nempe
4168 2092 4247 2149 ut

2313 2187 2458 2232 eum
2526 2166 2845 2233 Ionathas
2908 2169 2974 2231 in
3034 2169 3338 2232 omnibus
3383 2169 3657 2246 iuvaret,
3725 2177 3794 2234 et
3834 2168 4010 2235 sslius
4054 2171 4240 2235 inno-

2311 2251 2596 2318 centiam
2655 2261 2981 2318 tueretur:
3040 2252 3163 2318 etsi
3205 2252 3637 2319 nihilominus
3683 2252 3902 2320 Saulis
3947 2255 4131 2321 furor
4173 2267 4242 2320 et

2311 2336 2658 2403 crudelitas
2693 2338 2886 2423 longe
2921 2338 3214 2421 superior
3247 2338 3391 2404 fuit.
3474 2339 3772 2405 Primum
3808 2361 3964 2425 ergo
4000 2340 4243 2406 dicitur

2311 2424 2534 2489 anima
2564 2421 2916 2489 Ionathani
2957 2424 3157 2488 veluti
3192 2423 3640 2508 conglutinata
3661 2427 3919 2491 animae
3942 2425 4241 2505 Davidis,

2311 2507 2547 2591 quibus
2611 2508 2829 2575 verbis
2889 2520 3067 2574 arcta
3130 2518 3197 2574 et
3250 2511 3698 2593 inseparabilis
3740 2512 4025 2578 amicitia
4066 2513 4242 2577 inter

2310 2607 2658 2676 utrumque
2729 2594 3130 2661 describitur.
3221 2595 3308 2660 Et
3371 2616 3498 2679 quo
3562 2598 3770 2679 magis
3834 2598 4241 2681 exprimatur

2311 2700 2494 2747 amor
2528 2678 2899 2759 Ionatbani,
2946 2701 3016 2745 se
3051 2682 3311 2746 exuisse
3347 2679 3603 2758 dicitur,
3644 2680 4097 2766 Davidemque
4119 2703 4239 2749 sua

2313 2765 2535 2831 tunica
2599 2765 2908 2851 induisse,
2972 2775 3038 2831 et
3102 2786 3343 2845 arcum,
3411 2767 3699 2852 gladium
3765 2778 3833 2834 et
3897 2768 4232 2834 baltheum

2310 2871 2503 2918 suum
2541 2850 2636 2916 illi
2673 2852 2943 2918 dedisse.
2985 2851 3117 2917 Hic
3148 2864 3366 2917 autem
3388 2853 3456 2917 in
3481 2853 3712 2935 primis
3734 2853 4239 2935 observandum,

2309 2957 2444 3002 non
2475 2937 2754 3004 inscium
2785 2936 3225 3004 Ionathanum
3253 2939 3453 3004 fuisse
3475 2938 3799 3004 Davidem
3825 2937 4236 3021 designatum

2308 3024 2482 3107 regis
2546 3023 2699 3088 olim
2767 3044 3219 3101 successorem,
3336 3023 3457 3088 uod
3524 3025 3799 3107 ipsemet
3841 3025 4087 3090 Davidi
4128 3025 4237 3091 de·

2308 3110 2544 3175 clarat:
2624 3129 2836 3192 neque
2900 3119 3120 3175 tamen
3185 3043 3349 3174 ssluqi
3414 3109 3829 3193 impedivisse
3892 3110 4243 3194 quominus

2309 3193 2637 3259 Davidem
2680 3207 2949 3260 amaret.
3038 3193 3232 3262 Unde
3274 3193 3641 3280 colligimus
3677 3195 3849 3261 hanc
3885 3196 4238 3262 amicitiam

2309 3301 2441 3345 non
2498 3279 2699 3345 fuisse
2756 3281 3111 3363 quaesitam
3170 3301 3287 3364 spe
3344 3282 3561 3364 aliqua
3613 3280 3911 3347 utilitatis
3955 3301 4154 3364 quam
4198 3300 4239 3346 a

2308 3364 2567 3431 Davide
2611 3376 3035 3449 exspectaret,
3081 3365 3603 3450 quandoquidem
3642 3366 3812 3433 ultro
3847 3365 4237 3452 dignitatem

2308 3452 2556 3535 regiam
2598 3450 2698 3516 illi
2733 3451 2922 3517 cedit.
3010 3450 3216 3536 Atqui
3254 3463 3475 3517 notum
3499 3462 3601 3518 est
3622 3461 3866 3535 quanta
3885 3455 3973 3518 sit
3995 3460 4236 3518 natura

2309 3535 2691 3602 dominandi
2755 3536 3108 3620 cupiditas:
3176 3546 3244 3601 et
3307 3547 3467 3603 nota
3528 3539 3702 3603 inter
3745 3537 4041 3604 ethnicos
4128 3558 4235 3603 ro·

2306 3622 2565 3687 verbia:
2626 3620 2741 3688 Ius
2798 3633 2866 3687 et
2907 3623 3301 3706 aequitatem
3345 3632 3606 3706 propter
3649 3645 3926 3709 regnum
3971 3559 4233 3689 viollri:

2305 3707 2611 3772 Fratrem
2654 3707 2840 3773 fratri
2885 3729 3013 3774 non
3057 3728 3341 3792 parcere.
3428 3708 3747 3776 Videmus
3793 3710 3811 3774 i
3864 3711 3995 3775 'tur
4036 3710 4234 3776 Iona·

2304 3793 2492 3858 thani
2535 3792 2888 3859 amicitiam
2930 3815 3058 3859 non
3103 3795 3303 3860 fuisse
3346 3793 3692 3871 carnalem,
3738 3818 3807 3861 se
3887 3796 4134 3862 virtute
4166 3804 4235 3861 et

2305 3878 2432 3944 Dei
2477 3879 2712 3944 timore
2756 3880 3197 3946 conciliatam:
3242 3898 3319 3944 ac
3361 3879 3634 3963 proinde
3677 3881 3869 3963 longe
3911 3881 4104 3947 aliam
4150 3881 4232 3947 ab

2305 3964 2644 4029 hominum
2691 3965 3018 4044 amicitiis,
3058 3985 3223 4048 quae
3265 3984 3422 4031 sane
3464 3966 3591 4031 nisi
3638 3966 3818 4031 Deus
3853 3967 3933 4032 iis
3969 3969 4233 4050 praesit,

2305 4050 2470 4115 nihil
2517 4049 2691 4115 aliud
2738 4059 2890 4116 sunt
2934 4071 3126 4134 quam
3164 4051 3262 4116 sui
3300 4051 3504 4133 ipsius
3539 4049 3816 4118 dilectio.
3903 4052 4074 4117 Nam
4112 4052 4233 4117 etsi

2304 4136 2551 4202 amicus
2593 4135 2664 4199 in
2708 4137 2988 4221 gratiam
3025 4136 3214 4201 amici
3250 4136 3456 4201 multa
3494 4136 3656 4203 velit
3690 4138 3965 4214 efficere,
4010 4146 4231 4202 tamen

2305 4223 2360 4286 si
2417 4219 2498 4285 ad
2544 4221 2720 4304 ipsas
2764 4222 3013 4288 radices
3054 4236 3121 4287 et
3162 4222 3479 4306 originem
3523 4223 3810 4288 amicitia
3852 4222 3967 4287 illa
4010 4222 4231 4304 explo-

2304 4315 2502 4386 retur,
2547 4326 2729 4372 mera
2770 4305 3098 4373 simulatio
3140 4308 3533 4385 invenietur,
3593 4307 3762 4391 quod
3805 4329 3876 4374 se
3920 4327 4232 4389 suamque

2306 4393 2652 4458 utilitatem
2710 4401 2998 4475 quaerat,
3043 4393 3584 4476 quemadmodum
3629 4395 3721 4459 ait
3762 4392 3908 4457 ille:
3972 4392 4233 4477 Vulgus

2304 4479 2623 4544 amicitias
2668 4478 2948 4543 utilitate
2991 4479 3237 4562 probat.
3327 4477 3580 4545 Omitto
3625 4499 3877 4543 amores
3912 4499 4133 4545 caecos
4166 4485 4234 4543 et

2304 4563 2749 4629 detestandos:
2788 4563 2901 4628 sed
2938 4565 3021 4628 de
3053 4564 3135 4630 iis
3168 4573 3422 4630 tantum
3459 4564 3760 4630 amicitiis
3801 4563 4030 4647 loquor
4067 4583 4233 4646 quae

2303 4650 2479 4715 inter
2544 4650 2842 4714 homines
2906 4648 3179 4715 honeste
3241 4651 3415 4716 inter
3477 4671 3547 4715 se
3612 4650 3911 4714 viventes
3968 4651 4228 4734 vigent:

2304 4756 2581 4819 quarum
2626 4735 3021 4818 principium
3069 4736 3282 4801 Deum
3328 4738 3591 4817 inquam
3628 4756 3769 4800 esse
3802 4745 4120 4817 oportere,
4166 4742 4233 4799 et

2304 4821 2387 4887 ad
2421 4821 2638 4905 ipsum
2675 4831 2986 4904 tanquam
3022 4842 3251 4887 verum
3288 4824 3485 4887 finem
3519 4820 3765 4885 referri.
3822 4819 3958 4886 Sed
3994 4830 4234 4886 natura

2301 4915 2403 4974 est
2467 4907 2628 4971 adeo
2692 4915 2997 4988 corrupta
3062 4915 3137 4972 ut
3200 4928 3271 4971 se
3335 4909 3548 4990 ipsum
3613 4907 3887 4990 quisque
3946 4916 4121 4972 amet
4163 4914 4232 4973 et

2303 5001 2592 5076 quaerat.
2680 4992 2889 5058 Nemo
2931 5014 3066 5057 non
3108 4992 3356 5074 expetit
3389 4991 3578 5056 alteri
3608 4993 3956 5076 praeferri:
4000 5005 4066 5059 et
4101 4993 4230 5058 iam

187 5089 504 5152 timentes
557 5101 691 5147 sua
731 5099 926 5164 usque
969 5080 1055 5146 ad
1134 5079 1376 5145 laelium
1416 5086 1474 5145 et
1514 5100 1732 5147 arcum
1764 5101 1967 5161 suum,
2013 5086 2068 5147 et
2104 5103 2208 5147 us-
2303 5077 2453 5145 inde
2498 5098 2539 5142 a
2581 5077 2810 5144 matris
2852 5087 3037 5144 utero
3080 5077 3358 5143 infantes
3403 5097 3474 5142 se
3514 5078 3690 5160 ipsos
3732 5098 3950 5145 amare
3986 5088 4051 5145 et
4085 5079 4233 5145 aliis

182 5194 321 5258 que
372 5171 482 5239 ad
536 5166 874 5233 baltheum.
964 5167 1023 5231 5.
1132 5165 1526 5249 yrediebatur
1583 5187 1819 5250 quoque
1855 5166 2079 5233 David
2119 5169 2206 5234 ad

177 5261 443 5327 omnia
495 5272 911 5338 quaecunque
952 5252 1226 5317 misisset
1267 5271 1406 5317 eum
1450 5251 1630 5332 Saul,
1676 5258 1733 5319 et
1764 5255 2105 5337 prudenter
2137 5274 2205 5319 se

2303 5164 2615 5250 praeferri
2671 5163 2839 5229 velle
2891 5162 3210 5229 videmus.
3301 5163 3392 5228 Et
3447 5163 3557 5228 ubi
3615 5164 3897 5246 primum
3956 5176 4232 5248 possunt

2304 5251 2675 5318 discernere
2732 5250 3129 5333 quantitates
3183 5270 3422 5329 rerum,
3476 5249 3547 5314 in
3590 5270 3779 5314 suum
3824 5249 4235 5316 commodum
