5059 6059
394 323 525 389 361

392 513 731 581 tendicula
811 515 1051 582 nostris
1134 513 1620 582 adulationibus
1705 517 2003 582 fovemus
2019 517 2052 597 ,⁸
2126 536 2345 582 nonne

393 598 530 665 Dei
584 609 997 683 contemptus
1057 609 1174 680 est,
1234 613 1302 666 et
1358 601 1625 668 divinae
1683 601 1970 668 iustitiae
2028 604 2343 686 quaedam

396 685 856 771 oppugnatio?
903 686 1205 771 Denique
1239 688 1307 752 in
1347 688 1516 754 hauc
1552 707 1775 755 curam
1813 689 2343 767 incumbendum,

394 783 482 837 nt
535 772 771 856 quibus
814 773 884 837 in
928 773 1125 839 rebus
1171 773 1297 838 Dei
1341 774 1546 858 gloria
1589 776 1715 840 sita
1758 774 1848 839 sit
1892 775 2342 840 attendamus:

396 879 659 942 nempe,
716 869 795 923 nt
835 858 916 923 ad
958 860 1098 924 eius
1145 859 1415 924 verbum
1460 870 1841 940 tremamus,
1886 861 1968 924 de
2004 861 2343 925 maiestate

394 945 613 1027 ipsius
656 943 876 1010 divina
921 965 1256 1028 nunquam
1304 947 1433 1010 nisi
1479 946 1831 1011 honorifice
1875 949 2233 1011 sentiamus
2269 966 2342 1011 ac

394 1029 767 1114 loquamur,
824 1031 965 1095 eius
1021 1051 1216 1114 opera
1262 1031 1524 1116 singula
1567 1032 1790 1115 magni
1833 1031 2182 1097 faciamus:
2244 1053 2343 1095 re·

394 1114 526 1182 bns
592 1115 851 1182 afflictis
930 1115 1011 1181 ad
1077 1119 1219 1183 eius
1284 1138 1474 1201 opem
1541 1117 2032 1202 confugiamus,
2101 1118 2181 1181 de
2249 1129 2345 1181 tot

401 1201 736 1284 tantisque
817 1202 960 1267 eius
1021 1203 1091 1266 in
1157 1224 1277 1268 nos
1344 1203 1676 1270 beneficiis
1739 1204 1983 1288 gratias
2048 1223 2340 1287 agamus,

395 1309 481 1354 ac
516 1287 779 1353 tandem
814 1308 979 1373 pura
1023 1298 1090 1354 et
1130 1290 1386 1355 sincera
1430 1301 1652 1354 mente
1696 1311 1937 1355 numen
1984 1291 2126 1355 eius
2170 1289 2346 1355 cola-

394 1395 573 1439 mus.
665 1374 773 1438 En
850 1395 1015 1457 quae
1076 1374 1217 1440 Deo
1291 1374 1602 1440 debeatur
1665 1375 1910 1459 gloria:
1975 1375 2055 1440 de
2113 1395 2242 1457 qua
2285 1375 2341 1439 si

393 1461 551 1543 quis
606 1463 817 1529 sciens
853 1480 929 1526 ac
970 1460 1199 1525 volens
1243 1461 1346 1527 vel
1392 1461 1726 1527 tantillum
1771 1463 2145 1537 detraxerit,
2202 1482 2340 1527 cer·

392 1556 545 1610 tum
629 1557 728 1614 est
793 1544 1074 1611 ludibrio
1133 1555 1200 1610 st
1253 1548 1655 1630 contemptui
1715 1551 2007 1613 omnium
2065 1546 2341 1612 eandem

392 1630 593 1696 illum
641 1653 988 1715 exponere,
1031 1630 1289 1715 Deique
1332 1633 1795 1717 promissiones
1839 1633 2203 1716 profanare,
2268 1653 2345 1697 ac

391 1717 640 1784 melius
708 1719 954 1783 homini
1018 1718 1117 1782 illi
1183 1720 1240 1784 si
1307 1740 1640 1802 nunquam
1706 1729 1902 1785 natus
1968 1729 2142 1784 esset
2183 1718 2342 1796 fore,

390 1804 719 1886 quamdiu
791 1803 860 1868 in
938 1805 1061 1869 hac
1127 1805 1486 1886 pertinacia
1541 1805 1921 1888 perstiterit.
2007 1802 2340 1885 Quamob-

390 1909 539 1955 rem
597 1911 674 1955 eo
718 1890 904 1955 nobis
961 1888 1343 1973 diligentius
1410 1890 1815 1969 cavendum,
1873 1911 1999 1973 quo
2069 1889 2336 1974 gravius

390 1974 509 2041 hic
553 1988 879 2058 peccatur,
924 1996 1009 2039 ne
1051 1975 1120 2040 in
1166 1976 1343 2041 istud
1388 1977 1640 2041 crimen
1684 1975 2192 2043 abominandum
2242 1975 2339 2039 vi·

391 2061 615 2127 olatae
673 2060 934 2126 divinae
991 2063 1369 2141 maiestatis,
1437 2073 1506 2127 et
1562 2062 1773 2127 laesae
1829 2063 2037 2144 ipsius
2094 2060 2341 2145 gloriae

389 2145 786 2213 incidamus.
876 2147 1093 2230 Atque
1164 2146 1326 2213 adso
1393 2148 1746 2231 primariae
1819 2147 2158 2232 dignitatis
2219 2146 2341 2213 viri

391 2232 627 2298 sedulo
673 2233 781 2299 hio
824 2232 1413 2307 animadvertunto‚
1479 2235 1747 2316 gravius
1788 2235 1963 2317 ipsos
2007 2233 2340 2310 iudicium,

391 2339 529 2401 quo
586 2321 796 2384 maior
855 2329 954 2383 est
996 2318 1288 2401 ipsorum
1334 2320 1635 2404 dignitas,
1681 2338 1983 2384 manere:
2051 2319 2176 2384 nisi
2221 2338 2340 2401 pro

387 2403 651 2470 viribus
707 2404 837 2471 Dei
895 2404 1169 2489 gloriam
1216 2426 1597 2487 promovere
1640 2405 2028 2470 studuerint.
2117 2404 2337 2486 Quare

387 2490 448 2555 si
512 2509 701 2573 reges
746 2509 821 2556 ac
865 2492 1195 2574 principes
1236 2511 1392 2557 suae
1436 2493 1728 2574 ipsorum
1773 2491 2019 2575 gloriae
2061 2489 2337 2554 studiosi

385 2587 572 2650 sunt,
617 2576 874 2660 sibique
916 2577 1134 2641 omnia
1176 2576 1372 2643 licere
1415 2577 1668 2656 volunt,
1713 2587 1908 2659 atque
1952 2596 2033 2640 ex
2070 2573 2339 2641 arbitrio

387 2683 471 2727 ac
530 2660 803 2727 libidine
861 2664 1081 2727 omnia
1124 2662 1353 2742 facere,
1411 2683 1487 2728 ac
1534 2663 1658 2727 Dei
1703 2661 1951 2746 gloriae
1996 2659 2341 2727 detrahere

389 2757 472 2814 nt
514 2747 640 2830 ipsi
682 2747 1030 2826 excellant,
1075 2747 1135 2812 si
1169 2769 1397 2813 veram
1433 2746 1817 2833 religionem
1852 2748 2037 2812 flocci
2074 2748 2338 2824 faciunt,

390 2832 477 2898 de
537 2834 683 2899 Deo
724 2835 1161 2918 perfunctorie
1204 2843 1460 2899 tantum
1507 2834 1881 2917 loquuntur,
1939 2832 2371 2915 superstitio-·

387 2919 592 2984 nibus
650 2918 1015 3003 indulgent,
1076 2932 1270 3003 atque
1312 2918 1473 2984 adeo
1521 2919 1917 3003 blasphemis
1960 2920 2227 2985 vocibus
2271 2919 2338 2983 in

388 3005 617 3071 Deum
663 3007 1045 3084 efferuntur,
1106 3016 1173 3069 et
1213 3006 1284 3069 in
1330 3006 1595 3088 quasvis
1638 3004 1857 3071 foedas
1904 3003 2206 3070 libidines
2245 3004 2339 3068 ef·

387 3090 787 3174 fervescunt,
831 3112 907 3158 ac
951 3091 1449 3157 scortationibus
1492 3090 1909 3175 polluuntur:
1956 3093 2010 3156 si
2057 3091 2340 3173 denique

391 3177 592 3259 aequi
652 3178 937 3260 rectique
992 3196 1215 3242 osores
1272 3187 1449 3254 sunt,
1508 3189 1758 3241 certum
1820 3186 1922 3242 est
1964 3178 2336 3260 proximum

388 3261 660 3328 illorum
696 3283 840 3328 esse
876 3282 1097 3328 casum
1134 3273 1201 3326 et
1231 3262 1593 3340 interitum,
1640 3284 1715 3329 ac
1753 3262 2023 3343 gloriam
2048 3262 2338 3344 ipsorum

388 3347 464 3412 in
524 3348 800 3413 exitium
846 3369 921 3414 ac
965 3348 1392 3432 ignominiam
1437 3348 1964 3428 convertendam,
2031 3357 2339 3430 tantoque

389 3433 610 3517 magis
666 3435 955 3516 ipsorum
998 3434 1340 3500 interitum
1384 3436 1777 3517 stupendum
1824 3434 1982 3514 fore,
2037 3454 2163 3516 quo
2209 3453 2341 3497 ma-

389 3520 497 3584 ior
540 3519 829 3603 dignitas
871 3521 1233 3585 exstiterat.
1321 3517 1414 3584 At
1459 3540 1614 3585 vero
1657 3521 1715 3586 si
1759 3533 1893 3584 tam
1930 3540 2154 3585 severe
2190 3539 2336 3584 cum

388 3604 541 3671 istis
580 3607 815 3687 agitur,
875 3625 1151 3690 quorum
1197 3614 1420 3670 tantus
1466 3604 1679 3670 honor
1720 3619 1880 3683 erat,
1926 3616 1999 3671 ut
2043 3626 2171 3670 non
2221 3605 2338 3668 ho-

389 3691 565 3771 nori,
632 3713 762 3756 non
866 3690 1092 3769 loriae,
1150 3713 1280 3756 non
1325 3688 1630 3772 dignitati
1674 3703 2001 3775 pareatur,
2057 3690 2215 3775 quid
2256 3692 2341 3755 iis

389 3778 552 3853 fiet,
632 3777 746 3860 qui
850 3777 977 3842 icet
1040 3777 1331 3842 abiectae
1394 3775 1784 3843 conditionis
1854 3779 2339 3850 homunciones,

394 3861 525 3927 Dei
564 3874 781 3927 tamen
818 3864 1142 3928 maiestati
1184 3862 1425 3928 bellum
1464 3862 1748 3929 indicere
1788 3863 1957 3928 velle
1995 3862 2337 3927 videntur?

394 3944 625 4028 Quare
690 3951 884 4032 agite,
952 3947 1202 4013 viribus
1266 3948 1569 4015 omnibus
1634 3950 1703 4013 in
1769 3950 1894 4013 Dei
1950 3949 2225 4032 gloriam
2273 3958 2341 4012 et

390 4033 714 4099 honorem
761 4034 1035 4113 collatis,
1093 4034 1220 4118 ipsi
1269 4034 1453 4101 nobis
1495 4055 1860 4111 caveamus,
1927 4049 2120 4117 atquo
2180 4034 2339 4098 adeo

392 4120 528 4185 Dei
575 4120 859 4184 nominis
902 4120 1166 4204 gloriae,
1233 4119 1521 4184 iustitiae
1565 4121 2015 4204 propagationi
2060 4122 2153 4185 sic
2202 4133 2339 4185 stu·

386 4204 688 4282 deamus,
748 4218 820 4271 ut
863 4206 1002 4289 ipse
1049 4226 1165 4289 pro
1209 4206 1347 4271 suis
1392 4226 1509 4271 nos
1550 4207 1827 4290 agnitos,
1886 4206 2135 4291 gloriae
2181 4225 2341 4270 suae

388 4294 575 4356 notis
633 4292 727 4357 sio
768 4290 1106 4375 insigniat,
1164 4303 1237 4356 ut
1282 4293 1489 4375 magis
1533 4311 1610 4358 ao
1655 4292 1865 4377 magis
1910 4294 2337 4376 glorificetur:

388 4398 646 4461 nosque
733 4379 1036 4443 omnibus
1115 4397 1280 4462 quae
1360 4378 1682 4442 voluntati
1750 4380 1950 4460 ipsius
2015 4378 2339 4443 contraria

390 4476 556 4530 sunt
600 4462 996 4541 resistentes,
1043 4462 1393 4548 diligenter
1436 4483 1783 4528 caveamus
1829 4484 1913 4527 ne
1959 4486 2192 4528 nomen
2237 4467 2336 4547 ip·

389 4551 533 4616 sius
607 4549 1004 4615 contumelia
1059 4549 1374 4614 laedatur.
1463 4549 1634 4613 Nam
1694 4570 1852 4615 sane
1911 4551 2334 4614 metuendum

388 4657 479 4701 ne
525 4635 579 4699 si
627 4635 1015 4717 corruptelis
1059 4647 1124 4699 et
1168 4634 1638 4717 pollutionibus
1683 4635 1908 4700 domos
1943 4656 2019 4701 ac
2057 4634 2336 4700 familias

387 4723 578 4788 infici
623 4731 844 4786 nostra
888 4721 1297 4804 indulgentia
1340 4721 1850 4804 permiserimus,
1898 4723 2145 4786 meritis
2191 4730 2335 4783 tan-

390 4808 546 4874 dem
606 4809 835 4890 poenis
878 4808 1256 4880 afficiamur.
1317 4820 1399 4881 et,
1458 4806 1627 4888 quod
1675 4808 1966 4871 minatur
2016 4808 2211 4884 Deus,
2256 4806 2336 4870 ab

386 4894 604 4979 ipsius
663 4891 853 4959 domo
911 4893 1130 4976 procul
1194 4892 1547 4957 eiiciamur.
1637 4891 1884 4958 Contra
1941 4892 2334 4971 sperandum

390 5001 536 5056 nos,
602 4979 729 5045 etsi
786 4979 1010 5044 mundi
1071 4977 1351 5043 dedecus
1407 4978 1635 5058 simus,
1693 4990 1761 5041 et
1807 4999 1926 5061 pro
1971 4977 2337 5060 quisquiliis

1771 326 1873 393 IN
1916 326 1970 394 1.
2016 326 2199 394 LIB.
2245 324 2649 394 SAMUBL.
2698 324 2897 392 OAP.
2943 326 3032 393 11.

4246 330 4376 398 362

2452 522 2876 600 tempestates
2934 517 3360 602 imperterriti
3425 516 3673 583 cultum
3730 516 3830 582 illi
3886 515 4154 586 debitum
4216 520 4374 585 offe-

2452 622 2694 668 ramus.
2786 602 3004 685 Atque
3050 603 3157 668 hio
3200 604 3493 669 omnium
3540 603 3855 669 bonorum
3900 602 4108 687 quibs
4154 628 4193 671 a
4229 605 4374 671 Deo

2449 689 2741 773 quotidie
2804 689 3220 755 cumulamur
3283 691 3435 754 finis
3501 700 3620 770 est,
3707 699 3782 754 ut
3848 689 4096 773 glorian
4168 693 4373 775 ipsius

2449 783 2841 858 quaerentes
2925 795 3169 840 novum
3232 789 3695 860 argumentum
3754 775 3895 839 eius
3955 775 4157 844 lauhs
4217 799 4368 843 cum

2449 860 2697 926 laetitia
2741 859 3159 944 praedicandi
3204 881 3280 925 ac
3325 862 3695 927 celebrandi
3737 859 4106 928 habeamus.

2618 946 2757 1013 Nos
2803 948 3020 1030 itaque
3065 947 3391 1032 supplices
3435 957 3555 1013 etc.

3046 1238 3179 1321 Η(
3182 1238 3549 1321 >MILIA
3593 1238 3786 1320 XII.

2619 1410 2723 1475 31.
2784 1408 2944 1475 Eece
2999 1408 3140 1476 dies
3196 1410 3466 1492 veniunt,
3541 1413 3596 1474 et
3645 1409 4012 1490 praecidam
4070 1407 4370 1480 bruchium

2446 1500 2642 1575 tuum,
2687 1500 2742 1560 et
2786 1493 3108 1560 brachium
3151 1496 3369 1561 domas
3399 1496 3619 1577 patris
3658 1496 3772 1572 tui,
3818 1499 3889 1559 ut
3931 1515 4060 1560 nou
4093 1496 4369 1565 sitsema:

2446 1582 2516 1646 in
2596 1582 2772 1646 domo
2848 1585 2978 1644 tua.
3065 1581 3171 1647 32.
3253 1580 3343 1645 Et
3402 1581 3639 1647 videbis
3702 1580 4017 1645 aemulum
4079 1585 4230 1650 tunm
4294 1587 4368 1649 in

2445 1667 2683 1749 templo,
2726 1668 2797 1732 in
2831 1668 3149 1732 universis
3179 1668 3509 1748 prosperis
3532 1664 3772 1731 Israel:
3815 1673 3869 1731 et
3902 1687 4025 1731 non
4058 1667 4165 1731 erit
4184 1689 4366 1738 senex

2447 1755 2518 1818 in
2569 1754 2749 1818 domo
2804 1757 2917 1817 tua
2974 1752 3261 1818 omnibus
3300 1751 3537 1817 diebus.
3624 1751 3729 1816 33.
3790 1751 4202 1820 Verumtamen
4235 1774 4359 1819 non

2447 1841 2741 1921 auferam
2770 1841 3036 1920 penitus
3091 1840 3305 1904 virum
3361 1857 3437 1902 ex
3492 1844 3549 1903 te
3593 1837 3670 1902 ab
3716 1836 3908 1903 altari
3952 1857 4116 1904 meo:
4166 1841 4256 1909 eod
4293 1844 4362 1904 ut

2447 1924 2745 2007 deficiant
2810 1924 2973 1990 oculi
3038 1925 3153 2004 tui,
3220 1928 3274 1989 et
3329 1922 3597 1989 tabescat
3653 1924 3874 1988 anima
3924 1930 4056 2004 tua,
4131 1929 4178 1988 et
4208 1944 4366 2011 pars

2447 2031 2677 2094 mayna
2720 2011 2940 2076 domus
2977 2014 3119 2075 tuae
3162 2010 3465 2076 morietur
3506 2030 3699 2092 quum
3734 2009 3820 2074 ad
3850 2008 4100 2074 virilem
4136 2018 4369 2079 acaum

2450 2097 2702 2160 venerit.
2791 2095 2896 2164 34.
2959 2095 3095 2161 Hoc
3150 2101 3355 2161 autem
3409 2095 3529 2161 erit
3584 2094 3698 2160 tibi
3738 2096 3994 2177 siynum
4037 2096 4198 2177 quod
4230 2118 4366 2164 veu-

2447 2188 2659 2248 turum
2704 2188 2796 2246 est
2836 2181 3080 2248 duobus
3116 2182 3278 2265 filiis
3318 2181 3449 2246 tuis
3497 2179 3705 2261 Opimi
3746 2188 3802 2246 ct
3836 2179 4127 2246 Phimes.
4174 2181 4243 2247 In
4268 2185 4369 2252 dte

2444 2289 2571 2333 uno
2628 2268 2968 2331 morientur
3030 2266 3228 2332 ambo.
3316 2266 3421 2332 35.
3479 2265 3568 2331 Et
3622 2266 3931 2332 suscitabo
3985 2267 4148 2333 mihi
4180 2286 4365 2336 saecr-

2443 2354 2642 2419 dotem
2679 2353 2938 2435 fidetem,
2994 2355 3105 2435 qui
3147 2354 3330 2418 iuxta
3372 2372 3475 2418 cor
3517 2371 3721 2417 meum
3764 2356 3820 2416 et
3860 2353 4144 2419 animam
4187 2373 4366 2422 meam

2439 2439 2657 2521 faciet.-
2717 2444 2773 2504 et
2824 2438 3161 2521 aedificabo
3220 2439 3279 2504 ci
3333 2439 3586 2505 domum
3635 2438 3901 2521 fidelem,
3955 2442 4012 2503 ct
4053 2437 4371 2508 ambulabit

2441 2546 2651 2591 coram
2716 2523 2961 2590 Christo
3006 2544 3137 2589 meo
3170 2525 3408 2589 cunetis
3439 2522 3671 2588 diebus.
3759 2523 3864 2589 36.
3926 2523 4240 2591 Futurum
4293 2532 4372 2595 est

2443 2616 2653 2675 autem
2709 2615 2780 2674 ut
2835 2611 3182 2693 quicunque
3239 2611 3613 2675 remanserit
3654 2609 3725 2673 in
3766 2610 3944 2675 donno
3997 2616 4127 2688 tua,
4183 2614 4374 2680 veniat

2444 2700 2515 2760 ut
2556 2698 2836 2761 incurvet
2874 2716 2943 2761 se
2984 2696 3046 2759 ei
3077 2700 3298 2776 petens
3336 2715 3677 2778 nummum,
3721 2700 3781 2761 ct
3811 2695 4141 2761 buccellam
4168 2700 4373 2778 panis,

2444 2781 2729 2863 dicatque
2743 2805 2763 2846 .·
2851 2781 3118 2847 Dimitte
3187 2800 3299 2857 me,
3394 2779 3657 2861 obsecra,
3744 2780 3832 2845 ad
3893 2802 4088 2846 unam
4140 2787 4375 2864 partem

2443 2866 2901 2947 sacerdotalem,
2956 2872 3027 2932 ut
3070 2867 3378 2933 comedam
3418 2864 3744 2932 buccellam
3781 2867 3997 2948 panis.

2617 3003 2950 3070 Hesterna
3024 3003 3333 3071 concione
3391 3002 3960 3069 comminationem
4017 3003 4199 3069 illam
4256 3004 4377 3072 Do·

2446 3089 2606 3154 mini
2667 3090 3061 3167 audivimus,
3121 3111 3248 3172 qua
3292 3088 3698 3173 spoliandum
3745 3087 4134 3155 sacerdotali
4179 3088 4378 3175 digni-

2446 3186 2582 3239 tate
2626 3185 2763 3239 tam
2807 3175 2983 3255 Heli,
3029 3196 3223 3259 quam
3268 3175 3476 3258 ipsius
3521 3186 3811 3258 posteros
3846 3174 4176 3240 Dominus
4210 3193 4378 3242 oom-

2446 3262 2734 3325 minatus
2820 3262 3034 3326 fuerit.
3124 3260 3377 3344 Nempe
3456 3260 3627 3344 quod
3697 3282 3895 3343 quum
3964 3260 4378 3330 sacerdotalis

2447 3346 2789 3430 dignitatis
2849 3347 2956 3411 hio
2998 3357 3173 3413 esset
3217 3349 3387 3426 finis,
3453 3357 3532 3410 ut
3574 3344 3720 3411 Deo
3765 3346 4021 3412 debitus
4066 3347 4278 3414 cultus
4320 3359 4385 3415 et

2443 3432 2651 3497 honos
2712 3430 3125 3497 redderetur:
3188 3432 3340 3496 Heli
3400 3453 3560 3498 vero
3605 3432 3809 3497 nimia
3849 3434 3917 3498 in
3964 3432 4131 3498 filios
4175 3432 4382 3500 indul-

2445 3520 2668 3603 gentia
2710 3518 3045 3598 effecisset,
3091 3530 3166 3583 ut
3210 3516 3340 3583 Dei
3386 3518 3601 3584 cultus
3637 3518 3809 3603 apud
3852 3518 4158 3603 populum
4199 3518 4384 3585 viles-

2445 3617 2641 3679 ceret,
2687 3616 2752 3670 et
2795 3605 2863 3667 in
2908 3616 3353 3686 contemptum
3401 3605 3677 3680 veniret,
3737 3617 3928 3687 atque
3974 3606 4196 3669 omnia
4237 3624 4383 3687 pro-

2449 3689 2781 3755 fanatione
2825 3699 2892 3753 et
2934 3689 3314 3755 confusione
3362 3689 3558 3772 plena
3601 3699 3841 3772 essent,
3899 3711 4175 3773 aequum
4220 3700 4385 3756 esset

2447 3796 2525 3841 ea
2584 3775 2907 3859 dignitate
2951 3777 3195 3858 privari
3241 3787 3307 3839 et
3349 3775 3637 3858 spoliari,
3683 3796 3898 3858 quam,
3957 3787 4270 3859 qnantum
4313 3776 4380 3841 in

2447 3883 2516 3927 se
2576 3874 2739 3941 erat,
2800 3861 3327 3933 dedecoraverat,
3372 3880 3448 3926 ac
3493 3882 3569 3925 ea
3615 3860 3887 3943 proinde
3931 3861 4269 3944 indignum
4311 3883 4382 3928 se

2447 3945 2814 4030 praebebat.
2905 3948 3046 4011 Iam
3116 3967 3269 4013 vero
3313 3946 3529 4031 pergit
3571 3966 3610 4009 a
3657 3948 3797 4012 Deo
3841 3948 4078 4013 missus
4120 3947 4201 4012 ad
4247 3946 4380 4014 He·

2445 4033 2561 4098 lim
2610 4033 2945 4116 propheta,
2990 4033 3325 4115 speciatim
3373 4032 3621 4108 docere,
3678 4033 3915 4115 quibus
3960 4031 4112 4098 Heli
4159 4034 4379 4117 poenis

2444 4138 2483 4182 a
2543 4119 2684 4184 Deo
2727 4139 2874 4183 cum
2922 4133 3056 4183 tota
3102 4120 3482 4201 posteritate
3526 4118 3614 4183 sit
3658 4118 3949 4185 affectus.
4038 4119 4220 4183 Dicit
4260 4119 4380 4184 ita-

2446 4225 2572 4287 que
2615 4204 2940 4269 brachium
2982 4204 3083 4269 iezi
3140 4203 3628 4285 amputandum.-
3691 4204 3759 4268 id
3798 4215 3897 4269 est
3956 4203 4152 4269 robur
4206 4204 4377 4271 illius

2443 4290 2991 4368 exscindendam,
3086 4290 3529 4371 metaphorica
3632 4289 4010 4373 loquutione
4086 4289 4378 4357 indicans

2444 4377 2856 4441 autoritatem
2920 4376 3104 4441 illam
3162 4394 3355 4457 quam
3418 4375 3711 4458 patribus
3768 4376 3976 4460 ipsius
4020 4374 4202 4441 Deus
4245 4377 4379 4459 ipse

2441 4461 2722 4546 largitus
2779 4475 2953 4526 erat:
3009 4468 3066 4527 et
3123 4460 3444 4525 brachium
3495 4461 3719 4527 domu-3
3762 4463 3983 4542 patris
4013 4462 4257 4544 ipsius:
4311 4462 4376 4527 id

2442 4561 2543 4612 est
2599 4547 3018 4612 auferendam
3075 4547 3541 4612 sacerdotalem
3592 4548 4000 4632 dignitatem,
4057 4566 4134 4612 ac
4179 4557 4379 4612 totam

2442 4635 2584 4698 eius
2629 4634 2939 4697 familiam
2985 4635 3053 4697 in
3099 4642 3543 4714 contemptum
3584 4649 3947 4714 venturam,
3993 4651 4067 4696 ac
4103 4632 4378 4697 ludibrio

2441 4720 2733 4784 omnium
2817 4719 3294 4801 exponendam.
3387 4717 3642 4782 Deinde
3708 4722 3966 4803 signum
4035 4717 4114 4781 ad
4182 4716 4377 4783 fidem

2441 4805 3056 4871 comminationibus
3100 4803 3461 4870 faciendam
3507 4805 3744 4880 adiicit,
3790 4804 3950 4868 duos
3985 4802 4150 4878 illos,
4196 4823 4376 4886 egre·

2442 4892 2585 4975 gios
2630 4891 2873 4957 scilieet
2911 4893 3281 4956 sacerdotes
3318 4900 3386 4954 et
3422 4892 3638 4971 populi
3682 4901 3962 4954 rectores
3999 4887 4150 4952 Heli
4194 4889 4378 4968 filios,

2443 4997 2719 5059 qnorum
2781 4978 3028 5059 rapinis
3072 4989 3136 5041 et
3179 4976 3682 5040 scortationibus
3728 4976 3939 5072 ipsum
3989 4974 4116 5040 Dei
4162 4975 4376 5040 taber-

387 5088 469 5132 ac
506 5065 957 5149 purgamentis
995 5064 1372 5141 habeamur,
1409 5062 1674 5128 tandem
1715 5079 1935 5128 tamen
1974 5085 2011 5128 a
2053 5065 2349 5128 Domino·
2446 5063 2751 5128 naculum
2804 5065 3015 5127 fuerat
3059 5063 3497 5147 profanatum,
3575 5081 3704 5124 una
3763 5058 3960 5124 simul
4023 5058 4126 5124 die
4186 5061 4380 5128 mori·

388 5153 458 5218 in
521 5152 890 5217 libertatem
949 5149 1356 5230 asserendos,
1416 5169 1491 5214 ac
1534 5150 1742 5233 gloria
1787 5151 2182 5231 sempiterna
2227 5147 2337 5212 do-
2443 5158 2644 5215 turos.
2733 5150 2958 5214 Tertio
3023 5147 3204 5214 addit
3273 5145 3479 5210 Deum
3541 5145 3669 5209 sibi
3716 5143 3964 5227 fidelem
4011 5147 4383 5212 sacerdotem

388 5237 665 5318 nandos‚
734 5256 939 5321 eaque
997 5237 1368 5304 constantia
1421 5248 1497 5298 ut
1551 5236 1866 5301 adversus
1920 5256 2338 5319 quascunque
2442 5235 2948 5301 suscitaturum:
2990 5254 3184 5318 porro
3228 5230 3486 5297 fidelem
3525 5230 3841 5316 intellige,
3887 5231 3989 5297 vel
4028 5233 4138 5315 qui
4173 5233 4382 5298 officio
