<?xml version="1.0" encoding="UTF-8"?>
<!DOCTYPE html PUBLIC "-//W3C//DTD XHTML 1.0 Transitional//EN"
    "http://www.w3.org/TR/xhtml1/DTD/xhtml1-transitional.dtd">
<html xmlns="http://www.w3.org/1999/xhtml" xml:lang="en" lang="en">
 <head>
  <title>
</title>
<meta http-equiv="Content-Type" content="text/html;charset=utf-8" />
  <meta name='ocr-system' content='tesseract 3.04.00' />
  <meta name='ocr-capabilities' content='ocr_page ocr_carea ocr_par ocr_line ocrx_word'/>
</head>
<body>
  <div class='ocr_page' id='page_1' title='image "./ioanniscalvinio07unkngoog_0726.png"; bbox 0 0 5059 6059; ppageno 0'>
   <div class='ocr_carea' id='block_1_1' title="bbox 841 319 4745 400">
    <p class='ocr_par' dir='ltr' id='par_1_1' title="bbox 841 319 4745 400">
     <span class='ocr_line' id='line_1_1' title="bbox 841 319 4745 400; baseline -0.001 -7"><span class='ocrx_word' id='word_1_1' title='bbox 841 328 960 394; x_wconf 83' lang='lat'><strong>511</strong></span> <span class='ocrx_word' id='word_1_2' title='bbox 2332 385 2344 400; x_wconf 80' lang='grc'><em>,</em></span> <span class='ocrx_word' id='word_1_3' title='bbox 2383 319 2796 388; x_wconf 79' lang='lat' dir='ltr'><strong>HOMILIA</strong></span> <span class='ocrx_word' id='word_1_4' title='bbox 2841 319 3279 386; x_wconf 83' lang='lat' dir='ltr'>LXXXVII.</span> <span class='ocrx_word' id='word_1_5' title='bbox 4655 324 4745 389; x_wconf 82' lang='lat'><strong>512</strong></span> 
     </span>
    </p>
   </div>
   <div class='ocr_carea' id='block_1_2' title="bbox 846 507 4801 4286">
    <p class='ocr_par' dir='ltr' id='par_1_2' title="bbox 846 507 4801 4286">
     <span class='ocr_line' id='line_1_2' title="bbox 850 507 4750 594; baseline -0.002 -9"><span class='ocrx_word' id='word_1_6' title='bbox 850 515 1128 594; x_wconf 87' lang='lat' dir='ltr'><strong>dicendi,</strong></span> <span class='ocrx_word' id='word_1_7' title='bbox 1188 515 1310 581; x_wconf 88' lang='lat' dir='ltr'><strong>hoc</strong></span> <span class='ocrx_word' id='word_1_8' title='bbox 1371 514 1473 579; x_wconf 89' lang='lat' dir='ltr'><strong>vel</strong></span> <span class='ocrx_word' id='word_1_9' title='bbox 1531 512 1713 589; x_wconf 92' lang='lat' dir='ltr'><strong>illud,</strong></span> <span class='ocrx_word' id='word_1_10' title='bbox 1786 521 1853 577; x_wconf 91' lang='lat' dir='ltr'><strong>et</strong></span> <span class='ocrx_word' id='word_1_11' title='bbox 1896 533 2042 577; x_wconf 88' lang='lat' dir='ltr'><strong>mea</strong></span> <span class='ocrx_word' id='word_1_12' title='bbox 2091 511 2445 576; x_wconf 80' lang='lat' dir='ltr'><strong>autoritate</strong></span> <span class='ocrx_word' id='word_1_13' title='bbox 2491 509 2572 574; x_wconf 88' lang='lat' dir='ltr'><strong>ad</strong></span> <span class='ocrx_word' id='word_1_14' title='bbox 2618 508 2789 574; x_wconf 89' lang='lat' dir='ltr'><strong>hanc</strong></span> <span class='ocrx_word' id='word_1_15' title='bbox 2838 551 2846 562; x_wconf 82' lang='lat'>-</span> <span class='ocrx_word' id='word_1_16' title='bbox 2897 511 3086 589; x_wconf 90' lang='lat' dir='ltr'><strong>seria,</strong></span> <span class='ocrx_word' id='word_1_17' title='bbox 3134 510 3247 592; x_wconf 87' lang='lat' dir='ltr'><strong>qui</strong></span> <span class='ocrx_word' id='word_1_18' title='bbox 3293 508 3595 588; x_wconf 73' lang='lat' dir='ltr'><strong>lacrymis</strong></span> <span class='ocrx_word' id='word_1_19' title='bbox 3632 519 3855 573; x_wconf 85' lang='lat' dir='ltr'><strong>tamen</strong></span> <span class='ocrx_word' id='word_1_20' title='bbox 3897 518 3963 572; x_wconf 89' lang='lat' dir='ltr'><strong>et</strong></span> <span class='ocrx_word' id='word_1_21' title='bbox 4008 507 4358 589; x_wconf 78' lang='lat' dir='ltr'>gemitibus</span> <span class='ocrx_word' id='word_1_22' title='bbox 4400 527 4533 573; x_wconf 87' lang='lat' dir='ltr'><strong>eam</strong></span> <span class='ocrx_word' id='word_1_23' title='bbox 4571 515 4750 578; x_wconf 65' lang='lat' dir='ltr'><strong>tetan-</strong></span> 
     </span>
     <span class='ocr_line' id='line_1_3' title="bbox 851 569 4747 720; baseline -0.002 -49"><span class='ocrx_word' id='word_1_24' title='bbox 851 604 956 674; x_wconf 91' lang='lat' dir='ltr'><strong>vel</strong></span> <span class='ocrx_word' id='word_1_25' title='bbox 1015 602 1192 666; x_wconf 92' lang='lat' dir='ltr'><strong>illam</strong></span> <span class='ocrx_word' id='word_1_26' title='bbox 1253 621 1390 665; x_wconf 90' lang='lat' dir='ltr'><strong>rem</strong></span> <span class='ocrx_word' id='word_1_27' title='bbox 1455 598 1727 663; x_wconf 83' lang='lat' dir='ltr'><strong>utendi?</strong></span> <span class='ocrx_word' id='word_1_28' title='bbox 1818 599 1909 663; x_wconf 88' lang='lat' dir='ltr'><strong>Et</strong></span> <span class='ocrx_word' id='word_1_29' title='bbox 1968 599 2058 662; x_wconf 92' lang='lat' dir='ltr'><strong>ita</strong></span> <span class='ocrx_word' id='word_1_30' title='bbox 2122 598 2313 662; x_wconf 90' lang='lat' dir='ltr'><strong>licere</strong></span> <span class='ocrx_word' id='word_1_31' title='bbox 2358 595 2484 662; x_wconf 90' lang='lat' dir='ltr'><strong>sibi</strong></span> <span class='ocrx_word' id='word_1_32' title='bbox 2528 595 2790 678; x_wconf 88' lang='lat' dir='ltr'><strong>quidvis</strong></span> <span class='ocrx_word' id='word_1_33' title='bbox 2838 569 2847 720; x_wconf 56' lang='grc' dir='ltr'>ι</span> <span class='ocrx_word' id='word_1_34' title='bbox 2898 609 3033 662; x_wconf 90' lang='lat' dir='ltr'><strong>tur:</strong></span> <span class='ocrx_word' id='word_1_35' title='bbox 3079 595 3239 679; x_wconf 91' lang='lat' dir='ltr'><strong>quid</strong></span> <span class='ocrx_word' id='word_1_36' title='bbox 3278 595 3357 659; x_wconf 90' lang='lat' dir='ltr'><strong>de</strong></span> <span class='ocrx_word' id='word_1_37' title='bbox 3403 594 3713 678; x_wconf 79' lang='lat' dir='ltr'>improbis</span> <span class='ocrx_word' id='word_1_38' title='bbox 3758 603 3827 657; x_wconf 88' lang='lat' dir='ltr'><strong>et</strong></span> <span class='ocrx_word' id='word_1_39' title='bbox 3869 592 4244 659; x_wconf 77' lang='lat' dir='ltr'><strong>crudelibus</strong></span> <span class='ocrx_word' id='word_1_40' title='bbox 4284 592 4627 662; x_wconf 78' lang='lat' dir='ltr'><strong>hominibus</strong></span> <span class='ocrx_word' id='word_1_41' title='bbox 4654 607 4747 663; x_wconf 79' lang='lat' dir='ltr'><strong>sta-</strong></span> 
     </span>
     <span class='ocr_line' id='line_1_4' title="bbox 850 678 4752 790; baseline -0.002 -34"><span class='ocrx_word' id='word_1_42' title='bbox 850 689 1254 757; x_wconf 88' lang='lat' dir='ltr'><strong>deblaterare</strong></span> <span class='ocrx_word' id='word_1_43' title='bbox 1330 686 1751 751; x_wconf 79' lang='lat' dir='ltr'><strong>arbitrantur.</strong></span> <span class='ocrx_word' id='word_1_44' title='bbox 1853 684 1986 749; x_wconf 87' lang='lat' dir='ltr'><strong>Sed</strong></span> <span class='ocrx_word' id='word_1_45' title='bbox 2049 704 2179 748; x_wconf 91' lang='lat' dir='ltr'><strong>non</strong></span> <span class='ocrx_word' id='word_1_46' title='bbox 2234 682 2611 748; x_wconf 91' lang='lat' dir='ltr'><strong>hominibus</strong></span> <span class='ocrx_word' id='word_1_47' title='bbox 2671 680 2794 745; x_wconf 91' lang='lat' dir='ltr'><strong>niti</strong></span> <span class='ocrx_word' id='word_1_48' title='bbox 2842 727 2848 790; x_wconf 57' lang='grc' dir='ltr'>ι</span> <span class='ocrx_word' id='word_1_49' title='bbox 2899 683 3216 748; x_wconf 90' lang='lat' dir='ltr'><strong>tuendum</strong></span> <span class='ocrx_word' id='word_1_50' title='bbox 3278 681 3695 754; x_wconf 82' lang='lat' dir='ltr'><strong>arbitramur,</strong></span> <span class='ocrx_word' id='word_1_51' title='bbox 3765 680 3876 762; x_wconf 93' lang='lat' dir='ltr'><strong>qui</strong></span> <span class='ocrx_word' id='word_1_52' title='bbox 3916 678 4058 743; x_wconf 89' lang='lat' dir='ltr'><strong>Deo</strong></span> <span class='ocrx_word' id='word_1_53' title='bbox 4105 691 4171 743; x_wconf 91' lang='lat' dir='ltr'><strong>et</strong></span> <span class='ocrx_word' id='word_1_54' title='bbox 4215 679 4575 748; x_wconf 90' lang='lat' dir='ltr'><strong>hominibus</strong></span> <span class='ocrx_word' id='word_1_55' title='bbox 4609 684 4752 763; x_wconf 74' lang='lat' dir='ltr'><strong>exosi,</strong></span> 
     </span>
     <span class='ocr_line' id='line_1_5' title="bbox 846 765 4753 856; baseline -0.003 -13"><span class='ocrx_word' id='word_1_56' title='bbox 846 797 967 843; x_wconf 91' lang='lat' dir='ltr'><strong>nos</strong></span> <span class='ocrx_word' id='word_1_57' title='bbox 1002 786 1297 856; x_wconf 81' lang='lat' dir='ltr'><strong>oportere</strong></span> <span class='ocrx_word' id='word_1_58' title='bbox 1335 771 1668 836; x_wconf 89' lang='lat' dir='ltr'><strong>sciendum</strong></span> <span class='ocrx_word' id='word_1_59' title='bbox 1718 783 1839 850; x_wconf 90' lang='lat' dir='ltr'><strong>est,</strong></span> <span class='ocrx_word' id='word_1_60' title='bbox 1884 767 1996 834; x_wconf 91' lang='lat' dir='ltr'><strong>sed</strong></span> <span class='ocrx_word' id='word_1_61' title='bbox 2044 770 2371 850; x_wconf 89' lang='lat' dir='ltr'><strong>aequitate</strong></span> <span class='ocrx_word' id='word_1_62' title='bbox 2413 779 2478 832; x_wconf 93' lang='lat' dir='ltr'><strong>et</strong></span> <span class='ocrx_word' id='word_1_63' title='bbox 2524 766 2793 845; x_wconf 91' lang='lat' dir='ltr'><strong>iustitia,</strong></span> <span class='ocrx_word' id='word_1_64' title='bbox 2841 807 2847 834; x_wconf 73' lang='lat'>‚</span> <span class='ocrx_word' id='word_1_65' title='bbox 2898 780 3121 834; x_wconf 88' lang='lat' dir='ltr'><strong>tamen</strong></span> <span class='ocrx_word' id='word_1_66' title='bbox 3178 769 3273 834; x_wconf 87' lang='lat' dir='ltr'><strong>ita</strong></span> <span class='ocrx_word' id='word_1_67' title='bbox 3330 765 3781 832; x_wconf 90' lang='lat' dir='ltr'><strong>obduruerunt</strong></span> <span class='ocrx_word' id='word_1_68' title='bbox 3842 776 3916 829; x_wconf 91' lang='lat' dir='ltr'><strong>ut</strong></span> <span class='ocrx_word' id='word_1_69' title='bbox 3971 766 4169 830; x_wconf 89' lang='lat' dir='ltr'><strong>citius</strong></span> <span class='ocrx_word' id='word_1_70' title='bbox 4225 784 4458 848; x_wconf 89' lang='lat' dir='ltr'><strong>aquam</strong></span> <span class='ocrx_word' id='word_1_71' title='bbox 4497 788 4529 831; x_wconf 91' lang='lat' dir='ltr'><strong>e</strong></span> <span class='ocrx_word' id='word_1_72' title='bbox 4565 770 4753 851; x_wconf 80' lang='lat' dir='ltr'><strong>pumice</strong></span> 
     </span>
     <span class='ocr_line' id='line_1_6' title="bbox 848 848 4755 942; baseline -0.003 -14"><span class='ocrx_word' id='word_1_73' title='bbox 848 873 916 929; x_wconf 92' lang='lat' dir='ltr'><strong>et</strong></span> <span class='ocrx_word' id='word_1_74' title='bbox 974 860 1374 942; x_wconf 88' lang='lat' dir='ltr'><strong>integritate,</strong></span> <span class='ocrx_word' id='word_1_75' title='bbox 1435 857 1618 922; x_wconf 91' lang='lat' dir='ltr'><strong>cuius</strong></span> <span class='ocrx_word' id='word_1_76' title='bbox 1676 877 1903 922; x_wconf 92' lang='lat' dir='ltr'><strong>omnes</strong></span> <span class='ocrx_word' id='word_1_77' title='bbox 1962 866 2158 919; x_wconf 89' lang='lat' dir='ltr'><strong>testes</strong></span> <span class='ocrx_word' id='word_1_78' title='bbox 2218 855 2370 919; x_wconf 89' lang='lat' dir='ltr'><strong>sint.</strong></span> <span class='ocrx_word' id='word_1_79' title='bbox 2459 852 2683 934; x_wconf 76' lang='lat' dir='ltr'><strong>Quare</strong></span> <span class='ocrx_word' id='word_1_80' title='bbox 2738 852 2792 918; x_wconf 92' lang='lat' dir='ltr'><strong>si</strong></span> <span class='ocrx_word' id='word_1_81' title='bbox 2840 848 2848 922; x_wconf 86' lang='grc' dir='ltr'>Ι</span> <span class='ocrx_word' id='word_1_82' title='bbox 2897 875 3089 937; x_wconf 90' lang='lat' dir='ltr'><strong>quam</strong></span> <span class='ocrx_word' id='word_1_83' title='bbox 3118 854 3198 919; x_wconf 90' lang='lat' dir='ltr'><strong>ab</strong></span> <span class='ocrx_word' id='word_1_84' title='bbox 3234 852 3395 937; x_wconf 91' lang='lat' dir='ltr'><strong>ipsis</strong></span> <span class='ocrx_word' id='word_1_85' title='bbox 3431 851 3788 935; x_wconf 90' lang='lat' dir='ltr'><strong>lacrymam</strong></span> <span class='ocrx_word' id='word_1_86' title='bbox 3836 850 4104 916; x_wconf 78' lang='lat' dir='ltr'><strong>elicias?</strong></span> <span class='ocrx_word' id='word_1_87' title='bbox 4151 850 4290 916; x_wconf 86' lang='lat' dir='ltr'><strong>Nae</strong></span> <span class='ocrx_word' id='word_1_88' title='bbox 4333 851 4602 917; x_wconf 87' lang='lat' dir='ltr'><strong>frontem</strong></span> <span class='ocrx_word' id='word_1_89' title='bbox 4634 855 4755 936; x_wconf 75' lang='lat' dir='ltr'><strong>ipsus</strong></span> 
     </span>
     <span class='ocr_line' id='line_1_7' title="bbox 849 934 4757 1027; baseline -0.003 -13"><span class='ocrx_word' id='word_1_90' title='bbox 849 945 1196 1027; x_wconf 87' lang='lat' dir='ltr'><strong>contigerit</strong></span> <span class='ocrx_word' id='word_1_91' title='bbox 1265 955 1342 1008; x_wconf 90' lang='lat' dir='ltr'><strong>ut</strong></span> <span class='ocrx_word' id='word_1_92' title='bbox 1412 941 1689 1027; x_wconf 86' lang='lat' dir='ltr'><strong>improbi</strong></span> <span class='ocrx_word' id='word_1_93' title='bbox 1746 942 2043 1007; x_wconf 90' lang='lat' dir='ltr'><strong>homines</strong></span> <span class='ocrx_word' id='word_1_94' title='bbox 2103 940 2509 1024; x_wconf 74' lang='lat' dir='ltr'><strong>simplicibus</strong></span> <span class='ocrx_word' id='word_1_95' title='bbox 2579 938 2796 1004; x_wconf 88' lang='lat' dir='ltr'><strong>oculos</strong></span> <span class='ocrx_word' id='word_1_96' title='bbox 2842 934 2847 990; x_wconf 74' lang='grc' dir='ltr'><strong>Ῑ</strong></span> <span class='ocrx_word' id='word_1_97' title='bbox 2897 939 3312 1023; x_wconf 87' lang='lat' dir='ltr'><strong>perfricuisse</strong></span> <span class='ocrx_word' id='word_1_98' title='bbox 3335 949 3613 1021; x_wconf 79' lang='lat' dir='ltr'><strong>oportet,</strong></span> <span class='ocrx_word' id='word_1_99' title='bbox 3660 948 3724 1001; x_wconf 89' lang='lat' dir='ltr'><strong>et</strong></span> <span class='ocrx_word' id='word_1_100' title='bbox 3760 936 4157 1020; x_wconf 88' lang='lat' dir='ltr'><strong>depuduisse</strong></span> <span class='ocrx_word' id='word_1_101' title='bbox 4195 947 4501 1020; x_wconf 87' lang='lat' dir='ltr'><strong>tanquam</strong></span> <span class='ocrx_word' id='word_1_102' title='bbox 4540 951 4757 1004; x_wconf 84' lang='lat' dir='ltr'><strong>scrotum</strong></span> 
     </span>
     <span class='ocr_line' id='line_1_8' title="bbox 850 1022 4756 1118; baseline -0.002 -20"><span class='ocrx_word' id='word_1_103' title='bbox 850 1032 1307 1118; x_wconf 79' lang='lat' dir='ltr'><strong>perstringant</strong></span> <span class='ocrx_word' id='word_1_104' title='bbox 1379 1029 1593 1111; x_wconf 90' lang='lat' dir='ltr'><strong>aliquo</strong></span> <span class='ocrx_word' id='word_1_105' title='bbox 1654 1040 2031 1109; x_wconf 87' lang='lat' dir='ltr'><strong>praetextu,</strong></span> <span class='ocrx_word' id='word_1_106' title='bbox 2088 1026 2240 1092; x_wconf 91' lang='lat' dir='ltr'><strong>licet</strong></span> <span class='ocrx_word' id='word_1_107' title='bbox 2298 1037 2518 1090; x_wconf 88' lang='lat' dir='ltr'><strong>tamen</strong></span> <span class='ocrx_word' id='word_1_108' title='bbox 2578 1026 2795 1106; x_wconf 88' lang='lat' dir='ltr'><strong>ipsum</strong></span> <span class='ocrx_word' id='word_1_109' title='bbox 2898 1027 2969 1090; x_wconf 91' lang='lat' dir='ltr'><strong>in</strong></span> <span class='ocrx_word' id='word_1_110' title='bbox 3029 1024 3349 1108; x_wconf 75' lang='lat' dir='ltr'><strong>lupanari,</strong></span> <span class='ocrx_word' id='word_1_111' title='bbox 3410 1033 3478 1087; x_wconf 91' lang='lat' dir='ltr'><strong>et</strong></span> <span class='ocrx_word' id='word_1_112' title='bbox 3535 1044 3572 1086; x_wconf 89' lang='lat' dir='ltr'><strong>a</strong></span> <span class='ocrx_word' id='word_1_113' title='bbox 3634 1022 3887 1086; x_wconf 90' lang='lat' dir='ltr'><strong>diabolo</strong></span> <span class='ocrx_word' id='word_1_114' title='bbox 3944 1022 4208 1105; x_wconf 88' lang='lat' dir='ltr'><strong>speciali</strong></span> <span class='ocrx_word' id='word_1_115' title='bbox 4263 1035 4425 1088; x_wconf 90' lang='lat' dir='ltr'><strong>nota</strong></span> <span class='ocrx_word' id='word_1_116' title='bbox 4468 1024 4756 1108; x_wconf 76' lang='lat' dir='ltr'><strong>insignitos.</strong></span> 
     </span>
     <span class='ocr_line' id='line_1_9' title="bbox 852 1108 4759 1197; baseline -0.003 -12"><span class='ocrx_word' id='word_1_117' title='bbox 852 1133 1067 1185; x_wconf 80' lang='lat' dir='ltr'><strong>aerem</strong></span> <span class='ocrx_word' id='word_1_118' title='bbox 1109 1137 1226 1182; x_wconf 92' lang='lat' dir='ltr'><strong>suo</strong></span> <span class='ocrx_word' id='word_1_119' title='bbox 1272 1114 1516 1181; x_wconf 90' lang='lat' dir='ltr'><strong>scelere</strong></span> <span class='ocrx_word' id='word_1_120' title='bbox 1561 1113 1931 1197; x_wconf 91' lang='lat' dir='ltr'><strong>polluerint,</strong></span> <span class='ocrx_word' id='word_1_121' title='bbox 1978 1124 2044 1178; x_wconf 93' lang='lat' dir='ltr'><strong>et</strong></span> <span class='ocrx_word' id='word_1_122' title='bbox 2088 1112 2209 1177; x_wconf 94' lang='lat' dir='ltr'><strong>soli</strong></span> <span class='ocrx_word' id='word_1_123' title='bbox 2255 1134 2448 1176; x_wconf 91' lang='lat' dir='ltr'><strong>suum</strong></span> <span class='ocrx_word' id='word_1_124' title='bbox 2494 1108 2794 1192; x_wconf 87' lang='lat' dir='ltr'><strong>splendo-</strong></span> <span class='ocrx_word' id='word_1_125' title='bbox 2898 1111 3343 1193; x_wconf 76' lang='lat' dir='ltr'><strong>Quamobrem</strong></span> <span class='ocrx_word' id='word_1_126' title='bbox 3369 1109 3531 1173; x_wconf 88' lang='lat' dir='ltr'><strong>haec</strong></span> <span class='ocrx_word' id='word_1_127' title='bbox 3567 1108 3865 1173; x_wconf 87' lang='lat' dir='ltr'><strong>doctrina</strong></span> <span class='ocrx_word' id='word_1_128' title='bbox 3899 1108 4250 1188; x_wconf 84' lang='lat' dir='ltr'><strong>diligenter</strong></span> <span class='ocrx_word' id='word_1_129' title='bbox 4295 1121 4396 1173; x_wconf 88' lang='lat' dir='ltr'><strong>est</strong></span> <span class='ocrx_word' id='word_1_130' title='bbox 4440 1110 4759 1190; x_wconf 76' lang='lat' dir='ltr'><strong>meditanda,</strong></span> 
     </span>
     <span class='ocr_line' id='line_1_10' title="bbox 852 1194 4762 1290; baseline -0.003 -20"><span class='ocrx_word' id='word_1_131' title='bbox 852 1227 991 1270; x_wconf 90' lang='lat' dir='ltr'><strong>rem</strong></span> <span class='ocrx_word' id='word_1_132' title='bbox 1037 1201 1446 1268; x_wconf 83' lang='lat' dir='ltr'><strong>sustulerint.</strong></span> <span class='ocrx_word' id='word_1_133' title='bbox 1493 1199 1818 1283; x_wconf 87' lang='lat' dir='ltr'><strong>patienter</strong></span> <span class='ocrx_word' id='word_1_134' title='bbox 1861 1199 2109 1263; x_wconf 89' lang='lat' dir='ltr'><strong>exitum</strong></span> <span class='ocrx_word' id='word_1_135' title='bbox 2157 1211 2634 1280; x_wconf 87' lang='lat' dir='ltr'><strong>exspectemus,</strong></span> <span class='ocrx_word' id='word_1_136' title='bbox 2685 1196 2847 1290; x_wconf 46' lang='lat' dir='ltr'><strong>quii</strong></span> <span class='ocrx_word' id='word_1_137' title='bbox 2899 1215 2964 1262; x_wconf 91' lang='lat' dir='ltr'><strong>et</strong></span> <span class='ocrx_word' id='word_1_138' title='bbox 3006 1198 3072 1262; x_wconf 91' lang='lat' dir='ltr'><strong>in</strong></span> <span class='ocrx_word' id='word_1_139' title='bbox 3119 1217 3308 1261; x_wconf 90' lang='lat' dir='ltr'><strong>usum</strong></span> <span class='ocrx_word' id='word_1_140' title='bbox 3356 1207 3650 1260; x_wconf 91' lang='lat' dir='ltr'><strong>nostrum</strong></span> <span class='ocrx_word' id='word_1_141' title='bbox 3697 1194 4079 1270; x_wconf 84' lang='lat' dir='ltr'><strong>revocanda,</strong></span> <span class='ocrx_word' id='word_1_142' title='bbox 4146 1216 4229 1259; x_wconf 88' lang='lat' dir='ltr'><strong>ne</strong></span> <span class='ocrx_word' id='word_1_143' title='bbox 4274 1195 4574 1261; x_wconf 92' lang='lat' dir='ltr'><strong>nimirum</strong></span> <span class='ocrx_word' id='word_1_144' title='bbox 4612 1195 4762 1279; x_wconf 83' lang='lat' dir='ltr'><strong>impo-</strong></span> 
     </span>
     <span class='ocr_line' id='line_1_11' title="bbox 851 1281 4765 1372; baseline -0.003 -15"><span class='ocrx_word' id='word_1_145' title='bbox 851 1311 1008 1357; x_wconf 90' lang='lat' dir='ltr'><strong>sane</strong></span> <span class='ocrx_word' id='word_1_146' title='bbox 1067 1288 1226 1372; x_wconf 90' lang='lat' dir='ltr'><strong>ipsis</strong></span> <span class='ocrx_word' id='word_1_147' title='bbox 1272 1287 1605 1352; x_wconf 88' lang='lat' dir='ltr'><strong>luctuosus</strong></span> <span class='ocrx_word' id='word_1_148' title='bbox 1651 1287 1914 1350; x_wconf 88' lang='lat' dir='ltr'><strong>futurus</strong></span> <span class='ocrx_word' id='word_1_149' title='bbox 1959 1297 2077 1364; x_wconf 88' lang='lat' dir='ltr'><strong>est,</strong></span> <span class='ocrx_word' id='word_1_150' title='bbox 2129 1283 2274 1349; x_wconf 92' lang='lat' dir='ltr'><strong>Deo</strong></span> <span class='ocrx_word' id='word_1_151' title='bbox 2319 1284 2609 1366; x_wconf 90' lang='lat' dir='ltr'><strong>ipsorum</strong></span> <span class='ocrx_word' id='word_1_152' title='bbox 2657 1292 2794 1345; x_wconf 89' lang='lat' dir='ltr'><strong>tur·</strong></span> <span class='ocrx_word' id='word_1_153' title='bbox 2900 1305 3059 1348; x_wconf 89' lang='lat' dir='ltr'><strong>nere</strong></span> <span class='ocrx_word' id='word_1_154' title='bbox 3082 1283 3225 1348; x_wconf 91' lang='lat' dir='ltr'><strong>Deo</strong></span> <span class='ocrx_word' id='word_1_155' title='bbox 3251 1303 3371 1346; x_wconf 92' lang='lat' dir='ltr'><strong>nos</strong></span> <span class='ocrx_word' id='word_1_156' title='bbox 3406 1301 3594 1363; x_wconf 89' lang='lat' dir='ltr'><strong>posse</strong></span> <span class='ocrx_word' id='word_1_157' title='bbox 3628 1281 4099 1359; x_wconf 84' lang='lat' dir='ltr'><strong>existimemus,</strong></span> <span class='ocrx_word' id='word_1_158' title='bbox 4144 1300 4341 1363; x_wconf 89' lang='lat' dir='ltr'><strong>quum</strong></span> <span class='ocrx_word' id='word_1_159' title='bbox 4389 1281 4596 1363; x_wconf 90' lang='lat' dir='ltr'><strong>aliquo</strong></span> <span class='ocrx_word' id='word_1_160' title='bbox 4625 1303 4765 1347; x_wconf 73' lang='lat' dir='ltr'><strong>sensu</strong></span> 
     </span>
     <span class='ocr_line' id='line_1_12' title="bbox 853 1367 4766 1461; baseline -0.003 -20"><span class='ocrx_word' id='word_1_161' title='bbox 853 1374 1212 1461; x_wconf 90' lang='lat' dir='ltr'><strong>pitudinem</strong></span> <span class='ocrx_word' id='word_1_162' title='bbox 1281 1370 1644 1455; x_wconf 65' lang='lat' dir='ltr'><strong>detegente,</strong></span> <span class='ocrx_word' id='word_1_163' title='bbox 1710 1383 1776 1435; x_wconf 89' lang='lat' dir='ltr'><strong>et</strong></span> <span class='ocrx_word' id='word_1_164' title='bbox 1834 1372 1914 1434; x_wconf 93' lang='lat' dir='ltr'><strong>ab</strong></span> <span class='ocrx_word' id='word_1_165' title='bbox 1976 1371 2272 1453; x_wconf 90' lang='lat' dir='ltr'><strong>ipsorum</strong></span> <span class='ocrx_word' id='word_1_166' title='bbox 2330 1389 2443 1434; x_wconf 86' lang='lat' dir='ltr'><strong>ore</strong></span> <span class='ocrx_word' id='word_1_167' title='bbox 2488 1369 2794 1433; x_wconf 83' lang='lat' dir='ltr'><strong>eliciente</strong></span> <span class='ocrx_word' id='word_1_168' title='bbox 2900 1370 3146 1455; x_wconf 89' lang='lat' dir='ltr'><strong>peccati</strong></span> <span class='ocrx_word' id='word_1_169' title='bbox 3212 1369 3365 1432; x_wconf 86' lang='lat' dir='ltr'><strong>tacti</strong></span> <span class='ocrx_word' id='word_1_170' title='bbox 3433 1367 3770 1441; x_wconf 89' lang='lat' dir='ltr'><strong>fuerimes‚</strong></span> <span class='ocrx_word' id='word_1_171' title='bbox 3837 1374 3905 1430; x_wconf 90' lang='lat' dir='ltr'><strong>et</strong></span> <span class='ocrx_word' id='word_1_172' title='bbox 3970 1367 4239 1430; x_wconf 81' lang='lat' dir='ltr'><strong>tristitia</strong></span> <span class='ocrx_word' id='word_1_173' title='bbox 4304 1367 4547 1432; x_wconf 84' lang='lat' dir='ltr'><strong>affecti:</strong></span> <span class='ocrx_word' id='word_1_174' title='bbox 4614 1388 4766 1450; x_wconf 78' lang='lat' dir='ltr'><strong>neque</strong></span> 
     </span>
     <span class='ocr_line' id='line_1_13' title="bbox 853 1450 4769 1539; baseline -0.003 -10"><span class='ocrx_word' id='word_1_175' title='bbox 853 1462 1344 1534; x_wconf 87' lang='lat' dir='ltr'><strong>confessionem,</strong></span> <span class='ocrx_word' id='word_1_176' title='bbox 1390 1459 1599 1522; x_wconf 89' lang='lat' dir='ltr'><strong>iustos</strong></span> <span class='ocrx_word' id='word_1_177' title='bbox 1622 1457 1822 1522; x_wconf 89' lang='lat' dir='ltr'><strong>fuisse</strong></span> <span class='ocrx_word' id='word_1_178' title='bbox 1845 1478 2006 1537; x_wconf 90' lang='lat' dir='ltr'><strong>quos</strong></span> <span class='ocrx_word' id='word_1_179' title='bbox 2041 1456 2167 1539; x_wconf 91' lang='lat' dir='ltr'><strong>ipsi</strong></span> <span class='ocrx_word' id='word_1_180' title='bbox 2210 1456 2453 1520; x_wconf 87' lang='lat' dir='ltr'><strong>iniuste</strong></span> <span class='ocrx_word' id='word_1_181' title='bbox 2497 1467 2565 1518; x_wconf 89' lang='lat' dir='ltr'><strong>et</strong></span> <span class='ocrx_word' id='word_1_182' title='bbox 2608 1454 2798 1537; x_wconf 88' lang='lat' dir='ltr'><strong>perfi-</strong></span> <span class='ocrx_word' id='word_1_183' title='bbox 2900 1457 3072 1522; x_wconf 91' lang='lat' dir='ltr'><strong>enim</strong></span> <span class='ocrx_word' id='word_1_184' title='bbox 3134 1453 3316 1518; x_wconf 88' lang='lat' dir='ltr'><strong>Deus</strong></span> <span class='ocrx_word' id='word_1_185' title='bbox 3377 1464 3687 1533; x_wconf 86' lang='lat' dir='ltr'><strong>tanquam</strong></span> <span class='ocrx_word' id='word_1_186' title='bbox 3749 1450 4046 1517; x_wconf 90' lang='lat' dir='ltr'><strong>homines</strong></span> <span class='ocrx_word' id='word_1_187' title='bbox 4105 1466 4219 1516; x_wconf 90' lang='lat' dir='ltr'><strong>aut</strong></span> <span class='ocrx_word' id='word_1_188' title='bbox 4275 1455 4465 1534; x_wconf 90' lang='lat' dir='ltr'><strong>pueri</strong></span> <span class='ocrx_word' id='word_1_189' title='bbox 4522 1453 4769 1535; x_wconf 77' lang='lat' dir='ltr'><strong>placentis</strong></span> 
     </span>
     <span class='ocr_line' id='line_1_14' title="bbox 2898 1537 4770 1623; baseline -0.002 -16"><span class='ocrx_word' id='word_1_190' title='bbox 2898 1554 3013 1608; x_wconf 90' lang='lat' dir='ltr'><strong>aut</strong></span> <span class='ocrx_word' id='word_1_191' title='bbox 3069 1561 3257 1623; x_wconf 92' lang='lat' dir='ltr'><strong>pomo</strong></span> <span class='ocrx_word' id='word_1_192' title='bbox 3317 1538 3628 1621; x_wconf 86' lang='lat' dir='ltr'><strong>placatur.</strong></span> <span class='ocrx_word' id='word_1_193' title='bbox 3713 1538 3825 1620; x_wconf 91' lang='lat' dir='ltr'><strong>qui</strong></span> <span class='ocrx_word' id='word_1_194' title='bbox 3886 1537 4213 1603; x_wconf 84' lang='lat' dir='ltr'><strong>sincerum</strong></span> <span class='ocrx_word' id='word_1_195' title='bbox 4273 1539 4579 1616; x_wconf 89' lang='lat' dir='ltr'><strong>animum,</strong></span> <span class='ocrx_word' id='word_1_196' title='bbox 4636 1541 4770 1604; x_wconf 76' lang='lat' dir='ltr'><strong>ouius</strong></span> 
     </span>
     <span class='ocr_line' id='line_1_15' title="bbox 2898 1624 4773 1712; baseline -0.002 -20"><span class='ocrx_word' id='word_1_197' title='bbox 2898 1625 3264 1712; x_wconf 90' lang='lat' dir='ltr'><strong>penetralia</strong></span> <span class='ocrx_word' id='word_1_198' title='bbox 3286 1626 3580 1701; x_wconf 82' lang='lat' dir='ltr'><strong>rimatur,</strong></span> <span class='ocrx_word' id='word_1_199' title='bbox 3626 1636 3689 1686; x_wconf 91' lang='lat' dir='ltr'><strong>et</strong></span> <span class='ocrx_word' id='word_1_200' title='bbox 3728 1625 4278 1705; x_wconf 88' lang='lat' dir='ltr'><strong>perseverantiam</strong></span> <span class='ocrx_word' id='word_1_201' title='bbox 4316 1625 4601 1707; x_wconf 87' lang='lat' dir='ltr'><strong>requirit.</strong></span> <span class='ocrx_word' id='word_1_202' title='bbox 4640 1624 4773 1705; x_wconf 74' lang='lat' dir='ltr'><strong>Qua·</strong></span> 
     </span>
     <span class='ocr_line' id='line_1_16' title="bbox 2899 1708 4774 1794; baseline -0.003 -15"><span class='ocrx_word' id='word_1_203' title='bbox 2899 1714 3026 1779; x_wconf 92' lang='lat' dir='ltr'><strong>lem</strong></span> <span class='ocrx_word' id='word_1_204' title='bbox 3088 1731 3245 1794; x_wconf 89' lang='lat' dir='ltr'><strong>crgo</strong></span> <span class='ocrx_word' id='word_1_205' title='bbox 3293 1708 3517 1776; x_wconf 90' lang='lat' dir='ltr'><strong>Saulis</strong></span> <span class='ocrx_word' id='word_1_206' title='bbox 3575 1711 4037 1791; x_wconf 89' lang='lat' dir='ltr'><strong>poenitentiam</strong></span> <span class='ocrx_word' id='word_1_207' title='bbox 4091 1710 4290 1775; x_wconf 84' lang='lat' dir='ltr'><strong>fuisse</strong></span> <span class='ocrx_word' id='word_1_208' title='bbox 4344 1709 4652 1785; x_wconf 73' lang='lat' dir='ltr'><strong>dicemu3‚</strong></span> <span class='ocrx_word' id='word_1_209' title='bbox 4698 1711 4774 1792; x_wconf 84' lang='lat' dir='ltr'><strong>qui</strong></span> 
     </span>
     <span class='ocr_line' id='line_1_17' title="bbox 2899 1795 4774 1879; baseline -0.002 -16"><span class='ocrx_word' id='word_1_210' title='bbox 2899 1800 3106 1864; x_wconf 90' lang='lat' dir='ltr'><strong>filium</strong></span> <span class='ocrx_word' id='word_1_211' title='bbox 3168 1818 3359 1862; x_wconf 90' lang='lat' dir='ltr'><strong>suum</strong></span> <span class='ocrx_word' id='word_1_212' title='bbox 3404 1795 3730 1861; x_wconf 86' lang='lat' dir='ltr'><strong>Davidem</strong></span> <span class='ocrx_word' id='word_1_213' title='bbox 3792 1809 3996 1877; x_wconf 89' lang='lat' dir='ltr'><strong>vocat,</strong></span> <span class='ocrx_word' id='word_1_214' title='bbox 4056 1795 4166 1877; x_wconf 90' lang='lat' dir='ltr'><strong>qui</strong></span> <span class='ocrx_word' id='word_1_215' title='bbox 4228 1795 4566 1860; x_wconf 89' lang='lat' dir='ltr'><strong>iustiorem</strong></span> <span class='ocrx_word' id='word_1_216' title='bbox 4615 1799 4774 1879; x_wconf 78' lang='lat' dir='ltr'><strong>ipsum</strong></span> 
     </span>
     <span class='ocr_line' id='line_1_18' title="bbox 850 1881 4777 1976; baseline -0.003 -19"><span class='ocrx_word' id='word_1_217' title='bbox 850 1891 1086 1976; x_wconf 89' lang='lat' dir='ltr'><strong>quibus</strong></span> <span class='ocrx_word' id='word_1_218' title='bbox 1131 1889 1254 1953; x_wconf 87' lang='lat' dir='ltr'><strong>etsi</strong></span> <span class='ocrx_word' id='word_1_219' title='bbox 1318 1896 1594 1953; x_wconf 88' lang='lat' dir='ltr'><strong>testatus</strong></span> <span class='ocrx_word' id='word_1_220' title='bbox 1638 1898 1736 1952; x_wconf 91' lang='lat' dir='ltr'><strong>est</strong></span> <span class='ocrx_word' id='word_1_221' title='bbox 1782 1884 1943 1953; x_wconf 90' lang='lat' dir='ltr'><strong>Saul</strong></span> <span class='ocrx_word' id='word_1_222' title='bbox 1992 1906 2119 1950; x_wconf 91' lang='lat' dir='ltr'><strong>non</strong></span> <span class='ocrx_word' id='word_1_223' title='bbox 2167 1883 2471 1948; x_wconf 89' lang='lat' dir='ltr'><strong>simulate</strong></span> <span class='ocrx_word' id='word_1_224' title='bbox 2521 1904 2591 1947; x_wconf 90' lang='lat' dir='ltr'><strong>se</strong></span> <span class='ocrx_word' id='word_1_225' title='bbox 2662 1882 2797 1946; x_wconf 90' lang='lat' dir='ltr'><strong>Da·</strong></span> <span class='ocrx_word' id='word_1_226' title='bbox 2901 1907 2972 1951; x_wconf 87' lang='lat' dir='ltr'><strong>se</strong></span> <span class='ocrx_word' id='word_1_227' title='bbox 3017 1905 3156 1949; x_wconf 86' lang='lat' dir='ltr'><strong>esse</strong></span> <span class='ocrx_word' id='word_1_228' title='bbox 3200 1883 3605 1966; x_wconf 87' lang='lat' dir='ltr'><strong>pronuntiat,</strong></span> <span class='ocrx_word' id='word_1_229' title='bbox 3665 1883 3776 1963; x_wconf 92' lang='lat' dir='ltr'><strong>qui</strong></span> <span class='ocrx_word' id='word_1_230' title='bbox 3820 1895 4153 1965; x_wconf 88' lang='lat' dir='ltr'><strong>peceatum</strong></span> <span class='ocrx_word' id='word_1_231' title='bbox 4202 1882 4374 1946; x_wconf 90' lang='lat' dir='ltr'><strong>ultro</strong></span> <span class='ocrx_word' id='word_1_232' title='bbox 4426 1882 4666 1959; x_wconf 88' lang='lat' dir='ltr'><strong>fatetur,</strong></span> <span class='ocrx_word' id='word_1_233' title='bbox 4700 1881 4777 1964; x_wconf 87' lang='lat' dir='ltr'><strong>qui</strong></span> 
     </span>
     <span class='ocr_line' id='line_1_19' title="bbox 852 1966 4776 2055; baseline -0.003 -13"><span class='ocrx_word' id='word_1_234' title='bbox 852 1977 1068 2042; x_wconf 90' lang='lat' dir='ltr'><strong>videm</strong></span> <span class='ocrx_word' id='word_1_235' title='bbox 1136 1976 1386 2040; x_wconf 88' lang='lat' dir='ltr'><strong>iustum</strong></span> <span class='ocrx_word' id='word_1_236' title='bbox 1449 1972 1916 2055; x_wconf 86' lang='lat' dir='ltr'><strong>pronunciare,</strong></span> <span class='ocrx_word' id='word_1_237' title='bbox 1981 1991 2110 2035; x_wconf 91' lang='lat' dir='ltr'><strong>non</strong></span> <span class='ocrx_word' id='word_1_238' title='bbox 2175 1983 2394 2034; x_wconf 87' lang='lat' dir='ltr'><strong>tamen</strong></span> <span class='ocrx_word' id='word_1_239' title='bbox 2458 1968 2795 2032; x_wconf 89' lang='lat' dir='ltr'><strong>meliorem</strong></span> <span class='ocrx_word' id='word_1_240' title='bbox 2902 1972 3099 2035; x_wconf 90' lang='lat' dir='ltr'><strong>etiam</strong></span> <span class='ocrx_word' id='word_1_241' title='bbox 3158 1969 3484 2053; x_wconf 83' lang='lat' dir='ltr'><strong>lacrymas</strong></span> <span class='ocrx_word' id='word_1_242' title='bbox 3543 1966 3853 2044; x_wconf 85' lang='lat' dir='ltr'><strong>effundit,</strong></span> <span class='ocrx_word' id='word_1_243' title='bbox 3907 1977 4110 2032; x_wconf 83' lang='lat' dir='ltr'><strong>testes</strong></span> <span class='ocrx_word' id='word_1_244' title='bbox 4168 1966 4336 2030; x_wconf 86' lang='lat' dir='ltr'><strong>nihil</strong></span> <span class='ocrx_word' id='word_1_245' title='bbox 4383 1989 4428 2031; x_wconf 90' lang='lat' dir='ltr'><strong>a</strong></span> <span class='ocrx_word' id='word_1_246' title='bbox 4472 1989 4538 2033; x_wconf 88' lang='lat' dir='ltr'><strong>se</strong></span> <span class='ocrx_word' id='word_1_247' title='bbox 4580 1968 4687 2033; x_wconf 85' lang='lat' dir='ltr'><strong>dici</strong></span> <span class='ocrx_word' id='word_1_248' title='bbox 4718 1967 4776 2030; x_wconf 81' lang='lat' dir='ltr'><strong>si-</strong></span> 
     </span>
     <span class='ocr_line' id='line_1_20' title="bbox 852 2051 4781 2204; baseline -0.004 -75"><span class='ocrx_word' id='word_1_249' title='bbox 852 2083 1040 2130; x_wconf 89' lang='lat' dir='ltr'><strong>suam</strong></span> <span class='ocrx_word' id='word_1_250' title='bbox 1100 2058 1273 2144; x_wconf 90' lang='lat' dir='ltr'><strong>apud</strong></span> <span class='ocrx_word' id='word_1_251' title='bbox 1338 2059 1551 2123; x_wconf 90' lang='lat' dir='ltr'><strong>Deum</strong></span> <span class='ocrx_word' id='word_1_252' title='bbox 1614 2057 2052 2123; x_wconf 89' lang='lat' dir='ltr'><strong>conditionem</strong></span> <span class='ocrx_word' id='word_1_253' title='bbox 2115 2056 2299 2132; x_wconf 89' lang='lat' dir='ltr'><strong>fecit,</strong></span> <span class='ocrx_word' id='word_1_254' title='bbox 2360 2075 2572 2137; x_wconf 90' lang='lat' dir='ltr'><strong>neque</strong></span> <span class='ocrx_word' id='word_1_255' title='bbox 2630 2055 2800 2119; x_wconf 90' lang='lat' dir='ltr'><strong>seria</strong></span> <span class='ocrx_word' id='word_1_256' title='bbox 2845 2063 2851 2204; x_wconf 61' lang='grc' dir='ltr'>ι</span> <span class='ocrx_word' id='word_1_257' title='bbox 2902 2053 3195 2121; x_wconf 82' lang='lat' dir='ltr'><strong>mulate‘I</strong></span> <span class='ocrx_word' id='word_1_258' title='bbox 3241 2054 3387 2118; x_wconf 90' lang='lat' dir='ltr'><strong>Non</strong></span> <span class='ocrx_word' id='word_1_259' title='bbox 3432 2052 3639 2137; x_wconf 84' lang='lat' dir='ltr'><strong>igitur</strong></span> <span class='ocrx_word' id='word_1_260' title='bbox 3676 2052 4003 2118; x_wconf 85' lang='lat' dir='ltr'><strong>Davidem</strong></span> <span class='ocrx_word' id='word_1_261' title='bbox 4048 2051 4316 2118; x_wconf 89' lang='lat' dir='ltr'><strong>ludebat</strong></span> <span class='ocrx_word' id='word_1_262' title='bbox 4354 2053 4654 2119; x_wconf 87' lang='lat' dir='ltr'><strong>inanibus</strong></span> <span class='ocrx_word' id='word_1_263' title='bbox 4682 2074 4781 2116; x_wconf 84' lang='lat' dir='ltr'><strong>ver·</strong></span> 
     </span>
     <span class='ocr_line' id='line_1_21' title="bbox 854 2138 4784 2233; baseline -0.003 -19"><span class='ocrx_word' id='word_1_264' title='bbox 854 2148 1101 2233; x_wconf 89' lang='lat' dir='ltr'><strong>peccati</strong></span> <span class='ocrx_word' id='word_1_265' title='bbox 1128 2146 1532 2229; x_wconf 88' lang='lat' dir='ltr'><strong>poenitentia</strong></span> <span class='ocrx_word' id='word_1_266' title='bbox 1555 2144 1791 2208; x_wconf 91' lang='lat' dir='ltr'><strong>ductus</strong></span> <span class='ocrx_word' id='word_1_267' title='bbox 1815 2155 1930 2207; x_wconf 89' lang='lat' dir='ltr'><strong>est.</strong></span> <span class='ocrx_word' id='word_1_268' title='bbox 1980 2144 2069 2206; x_wconf 88' lang='lat' dir='ltr'><strong>Et</strong></span> <span class='ocrx_word' id='word_1_269' title='bbox 2112 2141 2237 2207; x_wconf 88' lang='lat' dir='ltr'><strong>hac</strong></span> <span class='ocrx_word' id='word_1_270' title='bbox 2277 2143 2343 2205; x_wconf 93' lang='lat' dir='ltr'><strong>in</strong></span> <span class='ocrx_word' id='word_1_271' title='bbox 2389 2152 2574 2223; x_wconf 89' lang='lat' dir='ltr'><strong>parte</strong></span> <span class='ocrx_word' id='word_1_272' title='bbox 2610 2139 2798 2204; x_wconf 88' lang='lat' dir='ltr'><strong>multi</strong></span> <span class='ocrx_word' id='word_1_273' title='bbox 2905 2142 3018 2217; x_wconf 89' lang='lat' dir='ltr'><strong>bis,</strong></span> <span class='ocrx_word' id='word_1_274' title='bbox 3062 2141 3177 2205; x_wconf 85' lang='lat' dir='ltr'><strong>sed</strong></span> <span class='ocrx_word' id='word_1_275' title='bbox 3218 2140 3386 2206; x_wconf 90' lang='lat' dir='ltr'><strong>serio</strong></span> <span class='ocrx_word' id='word_1_276' title='bbox 3422 2139 3828 2222; x_wconf 89' lang='lat' dir='ltr'><strong>loquebatur.</strong></span> <span class='ocrx_word' id='word_1_277' title='bbox 3884 2139 4478 2206; x_wconf 90' lang='lat' dir='ltr'><strong>Verumenimvero</strong></span> <span class='ocrx_word' id='word_1_278' title='bbox 4520 2138 4784 2222; x_wconf 81' lang='lat' dir='ltr'><strong>quandam</strong></span> 
     </span>
     <span class='ocr_line' id='line_1_22' title="bbox 853 2222 4787 2313; baseline -0.004 -13"><span class='ocrx_word' id='word_1_279' title='bbox 853 2235 1194 2309; x_wconf 91' lang='lat' dir='ltr'><strong>falluntur,</strong></span> <span class='ocrx_word' id='word_1_280' title='bbox 1243 2232 1352 2313; x_wconf 91' lang='lat' dir='ltr'><strong>qui</strong></span> <span class='ocrx_word' id='word_1_281' title='bbox 1396 2251 1466 2295; x_wconf 89' lang='lat' dir='ltr'><strong>se</strong></span> <span class='ocrx_word' id='word_1_282' title='bbox 1511 2229 1760 2312; x_wconf 90' lang='lat' dir='ltr'><strong>aliquot</strong></span> <span class='ocrx_word' id='word_1_283' title='bbox 1802 2227 2155 2312; x_wconf 85' lang='lat' dir='ltr'><strong>gemitibus</strong></span> <span class='ocrx_word' id='word_1_284' title='bbox 2198 2236 2263 2292; x_wconf 91' lang='lat' dir='ltr'><strong>et</strong></span> <span class='ocrx_word' id='word_1_285' title='bbox 2307 2227 2605 2308; x_wconf 88' lang='lat' dir='ltr'><strong>suspiriis</strong></span> <span class='ocrx_word' id='word_1_286' title='bbox 2647 2246 2799 2308; x_wconf 88' lang='lat' dir='ltr'><strong>pec·</strong></span> <span class='ocrx_word' id='word_1_287' title='bbox 2848 2283 2854 2312; x_wconf 31' lang='grc' dir='ltr'>Ἦ</span> <span class='ocrx_word' id='word_1_288' title='bbox 2903 2227 3270 2293; x_wconf 85' lang='lat' dir='ltr'><strong>occultabat</strong></span> <span class='ocrx_word' id='word_1_289' title='bbox 3314 2236 3571 2308; x_wconf 88' lang='lat' dir='ltr'><strong>pectore</strong></span> <span class='ocrx_word' id='word_1_290' title='bbox 3615 2224 4101 2289; x_wconf 86' lang='lat' dir='ltr'><strong>simulationem</strong></span> <span class='ocrx_word' id='word_1_291' title='bbox 4150 2235 4216 2288; x_wconf 90' lang='lat' dir='ltr'><strong>et</strong></span> <span class='ocrx_word' id='word_1_292' title='bbox 4256 2222 4650 2309; x_wconf 89' lang='lat' dir='ltr'><strong>hypocrisin,</strong></span> <span class='ocrx_word' id='word_1_293' title='bbox 4696 2244 4787 2306; x_wconf 79' lang='lat' dir='ltr'><strong>qua</strong></span> 
     </span>
     <span class='ocr_line' id='line_1_23' title="bbox 854 2309 4784 2444; baseline -0.004 -57"><span class='ocrx_word' id='word_1_294' title='bbox 854 2329 999 2388; x_wconf 88' lang='lat' dir='ltr'><strong>cata</strong></span> <span class='ocrx_word' id='word_1_295' title='bbox 1043 2329 1266 2402; x_wconf 89' lang='lat' dir='ltr'><strong>tegere</strong></span> <span class='ocrx_word' id='word_1_296' title='bbox 1311 2337 1499 2400; x_wconf 89' lang='lat' dir='ltr'><strong>posse</strong></span> <span class='ocrx_word' id='word_1_297' title='bbox 1543 2315 1964 2394; x_wconf 84' lang='lat' dir='ltr'><strong>arbitrantur,</strong></span> <span class='ocrx_word' id='word_1_298' title='bbox 2011 2327 2077 2378; x_wconf 90' lang='lat' dir='ltr'><strong>et</strong></span> <span class='ocrx_word' id='word_1_299' title='bbox 2120 2314 2342 2396; x_wconf 91' lang='lat' dir='ltr'><strong>inique</strong></span> <span class='ocrx_word' id='word_1_300' title='bbox 2390 2311 2605 2376; x_wconf 89' lang='lat' dir='ltr'><strong>Deum</strong></span> <span class='ocrx_word' id='word_1_301' title='bbox 2651 2330 2799 2375; x_wconf 88' lang='lat' dir='ltr'><strong>cum</strong></span> <span class='ocrx_word' id='word_1_302' title='bbox 2846 2315 2853 2444; x_wconf 48' lang='grc' dir='ltr'>ι</span> <span class='ocrx_word' id='word_1_303' title='bbox 2902 2313 3273 2379; x_wconf 88' lang='lat' dir='ltr'><strong>laborantes</strong></span> <span class='ocrx_word' id='word_1_304' title='bbox 3338 2313 3432 2376; x_wconf 92' lang='lat' dir='ltr'><strong>sic</strong></span> <span class='ocrx_word' id='word_1_305' title='bbox 3488 2321 3924 2375; x_wconf 83' lang='lat' dir='ltr'><strong>excaecantur</strong></span> <span class='ocrx_word' id='word_1_306' title='bbox 3981 2310 4248 2395; x_wconf 90' lang='lat' dir='ltr'><strong>proprio</strong></span> <span class='ocrx_word' id='word_1_307' title='bbox 4305 2312 4509 2388; x_wconf 89' lang='lat' dir='ltr'><strong>vitio,</strong></span> <span class='ocrx_word' id='word_1_308' title='bbox 4564 2323 4625 2375; x_wconf 92' lang='lat' dir='ltr'><strong>et</strong></span> <span class='ocrx_word' id='word_1_309' title='bbox 4669 2309 4784 2374; x_wconf 74' lang='lat' dir='ltr'><strong>aden</strong></span> 
     </span>
     <span class='ocr_line' id='line_1_24' title="bbox 853 2395 4786 2490; baseline -0.004 -19"><span class='ocrx_word' id='word_1_310' title='bbox 853 2407 1013 2490; x_wconf 92' lang='lat' dir='ltr'><strong>ipsis</strong></span> <span class='ocrx_word' id='word_1_311' title='bbox 1072 2423 1267 2488; x_wconf 73' lang='lat' dir='ltr'><strong>agore</strong></span> <span class='ocrx_word' id='word_1_312' title='bbox 1327 2403 1451 2467; x_wconf 90' lang='lat' dir='ltr'><strong>nisi</strong></span> <span class='ocrx_word' id='word_1_313' title='bbox 1506 2401 1730 2467; x_wconf 91' lang='lat' dir='ltr'><strong>statim</strong></span> <span class='ocrx_word' id='word_1_314' title='bbox 1791 2400 1965 2483; x_wconf 90' lang='lat' dir='ltr'><strong>ipsos</strong></span> <span class='ocrx_word' id='word_1_315' title='bbox 2024 2398 2343 2478; x_wconf 89' lang='lat' dir='ltr'><strong>absolvat,</strong></span> <span class='ocrx_word' id='word_1_316' title='bbox 2414 2411 2480 2462; x_wconf 90' lang='lat' dir='ltr'><strong>et</strong></span> <span class='ocrx_word' id='word_1_317' title='bbox 2538 2397 2800 2462; x_wconf 90' lang='lat' dir='ltr'><strong>obviam</strong></span> <span class='ocrx_word' id='word_1_318' title='bbox 2848 2453 2853 2488; x_wconf 43' lang='grc' dir='ltr'>Ι</span> <span class='ocrx_word' id='word_1_319' title='bbox 2904 2398 3147 2482; x_wconf 82' lang='lat' dir='ltr'><strong>stupidi</strong></span> <span class='ocrx_word' id='word_1_320' title='bbox 3194 2399 3382 2474; x_wconf 90' lang='lat' dir='ltr'><strong>fiunt,</strong></span> <span class='ocrx_word' id='word_1_321' title='bbox 3443 2405 3518 2461; x_wconf 88' lang='lat' dir='ltr'><strong>ut</strong></span> <span class='ocrx_word' id='word_1_322' title='bbox 3560 2416 3688 2478; x_wconf 90' lang='lat' dir='ltr'><strong>quo</strong></span> <span class='ocrx_word' id='word_1_323' title='bbox 3733 2395 4034 2462; x_wconf 89' lang='lat' dir='ltr'><strong>laborant</strong></span> <span class='ocrx_word' id='word_1_324' title='bbox 4076 2396 4323 2471; x_wconf 93' lang='lat' dir='ltr'><strong>morbo,</strong></span> <span class='ocrx_word' id='word_1_325' title='bbox 4383 2419 4519 2462; x_wconf 89' lang='lat' dir='ltr'><strong>non</strong></span> <span class='ocrx_word' id='word_1_326' title='bbox 4562 2397 4786 2462; x_wconf 78' lang='lat' dir='ltr'><strong>sentiant</strong></span> 
     </span>
     <span class='ocr_line' id='line_1_25' title="bbox 854 2483 2801 2575; baseline -0.006 -18"><span class='ocrx_word' id='word_1_327' title='bbox 854 2493 1014 2575; x_wconf 90' lang='lat' dir='ltr'><strong>ipsis</strong></span> <span class='ocrx_word' id='word_1_328' title='bbox 1077 2489 1522 2574; x_wconf 84' lang='lat' dir='ltr'><strong>gratulaturus</strong></span> <span class='ocrx_word' id='word_1_329' title='bbox 1580 2487 1823 2551; x_wconf 89' lang='lat' dir='ltr'><strong>veniat.</strong></span> <span class='ocrx_word' id='word_1_330' title='bbox 1914 2483 2047 2551; x_wconf 86' lang='lat' dir='ltr'><strong>Sed</strong></span> <span class='ocrx_word' id='word_1_331' title='bbox 2107 2483 2278 2549; x_wconf 91' lang='lat' dir='ltr'><strong>unde</strong></span> <span class='ocrx_word' id='word_1_332' title='bbox 2342 2485 2471 2549; x_wconf 90' lang='lat' dir='ltr'><strong>ista</strong></span> <span class='ocrx_word' id='word_1_333' title='bbox 2526 2493 2801 2548; x_wconf 88' lang='lat' dir='ltr'><strong>manant</strong></span> 
     </span>
     <span class='ocr_line' id='line_1_26' title="bbox 858 2564 4787 2658; baseline -0.003 -16"><span class='ocrx_word' id='word_1_334' title='bbox 858 2576 1116 2643; x_wconf 88' lang='lat' dir='ltr'><strong>abunde</strong></span> <span class='ocrx_word' id='word_1_335' title='bbox 1171 2595 1366 2658; x_wconf 89' lang='lat' dir='ltr'><strong>quam</strong></span> <span class='ocrx_word' id='word_1_336' title='bbox 1426 2573 1506 2636; x_wconf 90' lang='lat' dir='ltr'><strong>ab</strong></span> <span class='ocrx_word' id='word_1_337' title='bbox 1564 2570 1897 2656; x_wconf 78' lang='lat' dir='ltr'><strong>hypocrisi</strong></span> <span class='ocrx_word' id='word_1_338' title='bbox 1955 2572 2141 2637; x_wconf 94' lang='lat' dir='ltr'><strong>nobis</strong></span> <span class='ocrx_word' id='word_1_339' title='bbox 2199 2571 2446 2647; x_wconf 88' lang='lat' dir='ltr'><strong>innata,</strong></span> <span class='ocrx_word' id='word_1_340' title='bbox 2503 2569 2607 2634; x_wconf 90' lang='lat' dir='ltr'><strong>cui</strong></span> <span class='ocrx_word' id='word_1_341' title='bbox 2669 2590 2795 2646; x_wconf 82' lang='lat' dir='ltr'><strong>non</strong></span> <span class='ocrx_word' id='word_1_342' title='bbox 2904 2571 3119 2654; x_wconf 91' lang='lat' dir='ltr'><strong>aliquo</strong></span> <span class='ocrx_word' id='word_1_343' title='bbox 3166 2579 3456 2653; x_wconf 89' lang='lat' dir='ltr'><strong>peccato,</strong></span> <span class='ocrx_word' id='word_1_344' title='bbox 3501 2569 3827 2651; x_wconf 85' lang='lat' dir='ltr'><strong>lacrymas</strong></span> <span class='ocrx_word' id='word_1_345' title='bbox 3850 2568 4095 2650; x_wconf 89' lang='lat' dir='ltr'><strong>aliquot</strong></span> <span class='ocrx_word' id='word_1_346' title='bbox 4121 2568 4455 2647; x_wconf 87' lang='lat' dir='ltr'><strong>eiecerint,</strong></span> <span class='ocrx_word' id='word_1_347' title='bbox 4501 2567 4623 2634; x_wconf 90' lang='lat' dir='ltr'><strong>sibi</strong></span> <span class='ocrx_word' id='word_1_348' title='bbox 4658 2564 4787 2632; x_wconf 77' lang='lat' dir='ltr'><strong>vide-</strong></span> 
     </span>
     <span class='ocr_line' id='line_1_27' title="bbox 857 2653 4789 2748; baseline -0.004 -20"><span class='ocrx_word' id='word_1_349' title='bbox 857 2682 1206 2748; x_wconf 89' lang='lat' dir='ltr'><strong>possumus</strong></span> <span class='ocrx_word' id='word_1_350' title='bbox 1244 2659 1642 2734; x_wconf 87' lang='lat' dir='ltr'><strong>renuntiare,</strong></span> <span class='ocrx_word' id='word_1_351' title='bbox 1691 2676 1900 2740; x_wconf 91' lang='lat' dir='ltr'><strong>neque</strong></span> <span class='ocrx_word' id='word_1_352' title='bbox 1945 2656 2186 2721; x_wconf 90' lang='lat' dir='ltr'><strong>nostris</strong></span> <span class='ocrx_word' id='word_1_353' title='bbox 2229 2655 2591 2731; x_wconf 84' lang='lat' dir='ltr'><strong>affectibus,</strong></span> <span class='ocrx_word' id='word_1_354' title='bbox 2636 2675 2799 2737; x_wconf 91' lang='lat' dir='ltr'><strong>quos</strong></span> <span class='ocrx_word' id='word_1_355' title='bbox 2906 2667 3105 2721; x_wconf 89' lang='lat' dir='ltr'><strong>antur</strong></span> <span class='ocrx_word' id='word_1_356' title='bbox 3148 2655 3292 2719; x_wconf 89' lang='lat' dir='ltr'><strong>Deo</strong></span> <span class='ocrx_word' id='word_1_357' title='bbox 3350 2653 3766 2730; x_wconf 86' lang='lat' dir='ltr'><strong>satisfecisse,</strong></span> <span class='ocrx_word' id='word_1_358' title='bbox 3827 2667 3893 2718; x_wconf 90' lang='lat' dir='ltr'><strong>et</strong></span> <span class='ocrx_word' id='word_1_359' title='bbox 3948 2674 4187 2720; x_wconf 89' lang='lat' dir='ltr'><strong>novam</strong></span> <span class='ocrx_word' id='word_1_360' title='bbox 4244 2664 4470 2719; x_wconf 85' lang='lat' dir='ltr'><strong>cutem</strong></span> <span class='ocrx_word' id='word_1_361' title='bbox 4528 2653 4789 2719; x_wconf 76' lang='lat' dir='ltr'><strong>induisse:</strong></span> 
     </span>
     <span class='ocr_line' id='line_1_28' title="bbox 857 2738 4787 2832; baseline -0.003 -18"><span class='ocrx_word' id='word_1_362' title='bbox 857 2758 932 2814; x_wconf 89' lang='lat' dir='ltr'><strong>ut</strong></span> <span class='ocrx_word' id='word_1_363' title='bbox 956 2768 1076 2832; x_wconf 91' lang='lat' dir='ltr'><strong>par</strong></span> <span class='ocrx_word' id='word_1_364' title='bbox 1099 2757 1199 2811; x_wconf 91' lang='lat' dir='ltr'><strong>est</strong></span> <span class='ocrx_word' id='word_1_365' title='bbox 1241 2765 1372 2808; x_wconf 91' lang='lat' dir='ltr'><strong>nou</strong></span> <span class='ocrx_word' id='word_1_366' title='bbox 1410 2744 1886 2827; x_wconf 75' lang='lat' dir='ltr'><strong>expendimus?</strong></span> <span class='ocrx_word' id='word_1_367' title='bbox 1931 2744 2279 2807; x_wconf 88' lang='lat' dir='ltr'><strong>Praeterea</strong></span> <span class='ocrx_word' id='word_1_368' title='bbox 2325 2742 2478 2825; x_wconf 92' lang='lat' dir='ltr'><strong>quid</strong></span> <span class='ocrx_word' id='word_1_369' title='bbox 2526 2741 2615 2805; x_wconf 92' lang='lat' dir='ltr'><strong>sit</strong></span> <span class='ocrx_word' id='word_1_370' title='bbox 2640 2760 2800 2804; x_wconf 89' lang='lat' dir='ltr'><strong>vera</strong></span> <span class='ocrx_word' id='word_1_371' title='bbox 2907 2741 3145 2826; x_wconf 91' lang='lat' dir='ltr'><strong>quibus</strong></span> <span class='ocrx_word' id='word_1_372' title='bbox 3203 2741 3259 2805; x_wconf 93' lang='lat' dir='ltr'><strong>si</strong></span> <span class='ocrx_word' id='word_1_373' title='bbox 3320 2739 3478 2804; x_wconf 89' lang='lat' dir='ltr'><strong>illud</strong></span> <span class='ocrx_word' id='word_1_374' title='bbox 3534 2739 4043 2820; x_wconf 87' lang='lat' dir='ltr'><strong>condonaveris,</strong></span> <span class='ocrx_word' id='word_1_375' title='bbox 4100 2738 4184 2804; x_wconf 91' lang='lat' dir='ltr'><strong>ad</strong></span> <span class='ocrx_word' id='word_1_376' title='bbox 4227 2739 4517 2823; x_wconf 87' lang='lat' dir='ltr'><strong>priorem</strong></span> <span class='ocrx_word' id='word_1_377' title='bbox 4562 2749 4787 2804; x_wconf 78' lang='lat' dir='ltr'><strong>mentem</strong></span> 
     </span>
     <span class='ocr_line' id='line_1_29' title="bbox 858 2821 4789 2918; baseline -0.003 -19"><span class='ocrx_word' id='word_1_378' title='bbox 858 2831 1261 2918; x_wconf 90' lang='lat' dir='ltr'><strong>poenitentia</strong></span> <span class='ocrx_word' id='word_1_379' title='bbox 1283 2850 1554 2914; x_wconf 89' lang='lat' dir='ltr'><strong>prorsus</strong></span> <span class='ocrx_word' id='word_1_380' title='bbox 1590 2829 1994 2914; x_wconf 84' lang='lat' dir='ltr'><strong>ignoramus:</strong></span> <span class='ocrx_word' id='word_1_381' title='bbox 2042 2829 2228 2893; x_wconf 90' lang='lat' dir='ltr'><strong>cuius</strong></span> <span class='ocrx_word' id='word_1_382' title='bbox 2284 2829 2341 2892; x_wconf 92' lang='lat' dir='ltr'><strong>si</strong></span> <span class='ocrx_word' id='word_1_383' title='bbox 2386 2847 2614 2892; x_wconf 91' lang='lat' dir='ltr'><strong>verum</strong></span> <span class='ocrx_word' id='word_1_384' title='bbox 2651 2847 2798 2890; x_wconf 88' lang='lat' dir='ltr'><strong>sen·</strong></span> <span class='ocrx_word' id='word_1_385' title='bbox 2905 2837 3346 2906; x_wconf 85' lang='lat' dir='ltr'><strong>revertantur,</strong></span> <span class='ocrx_word' id='word_1_386' title='bbox 3390 2826 3592 2890; x_wconf 92' lang='lat' dir='ltr'><strong>immo</strong></span> <span class='ocrx_word' id='word_1_387' title='bbox 3616 2847 3764 2892; x_wconf 83' lang='lat' dir='ltr'><strong>cum</strong></span> <span class='ocrx_word' id='word_1_388' title='bbox 3812 2826 4083 2891; x_wconf 88' lang='lat' dir='ltr'><strong>effraeni</strong></span> <span class='ocrx_word' id='word_1_389' title='bbox 4127 2825 4414 2909; x_wconf 88' lang='lat' dir='ltr'><strong>quadam</strong></span> <span class='ocrx_word' id='word_1_390' title='bbox 4460 2826 4711 2893; x_wconf 85' lang='lat' dir='ltr'><strong>licentia</strong></span> <span class='ocrx_word' id='word_1_391' title='bbox 4735 2821 4789 2886; x_wconf 72' lang='lat' dir='ltr'><strong>nd</strong></span> 
     </span>
     <span class='ocr_line' id='line_1_30' title="bbox 857 2910 4791 2999; baseline -0.003 -14"><span class='ocrx_word' id='word_1_392' title='bbox 857 2940 1004 2986; x_wconf 93' lang='lat' dir='ltr'><strong>sum</strong></span> <span class='ocrx_word' id='word_1_393' title='bbox 1070 2928 1137 2984; x_wconf 90' lang='lat' dir='ltr'><strong>et</strong></span> <span class='ocrx_word' id='word_1_394' title='bbox 1201 2916 1641 2999; x_wconf 90' lang='lat' dir='ltr'><strong>cognitionem</strong></span> <span class='ocrx_word' id='word_1_395' title='bbox 1712 2914 2129 2993; x_wconf 86' lang='lat' dir='ltr'><strong>haberemus,</strong></span> <span class='ocrx_word' id='word_1_396' title='bbox 2199 2935 2327 2979; x_wconf 88' lang='lat' dir='ltr'><strong>non</strong></span> <span class='ocrx_word' id='word_1_397' title='bbox 2394 2921 2638 2978; x_wconf 90' lang='lat' dir='ltr'><strong>temere</strong></span> <span class='ocrx_word' id='word_1_398' title='bbox 2706 2912 2799 2977; x_wconf 92' lang='lat' dir='ltr'><strong>sic</strong></span> <span class='ocrx_word' id='word_1_399' title='bbox 2905 2914 3151 2978; x_wconf 89' lang='lat' dir='ltr'><strong>malum</strong></span> <span class='ocrx_word' id='word_1_400' title='bbox 3218 2914 3547 2977; x_wconf 82' lang='lat' dir='ltr'><strong>ferantur:</strong></span> <span class='ocrx_word' id='word_1_401' title='bbox 3615 2910 3784 2994; x_wconf 91' lang='lat' dir='ltr'><strong>quod</strong></span> <span class='ocrx_word' id='word_1_402' title='bbox 3845 2912 3988 2976; x_wconf 91' lang='lat' dir='ltr'><strong>Deo</strong></span> <span class='ocrx_word' id='word_1_403' title='bbox 4053 2933 4126 2976; x_wconf 92' lang='lat' dir='ltr'><strong>se</strong></span> <span class='ocrx_word' id='word_1_404' title='bbox 4190 2923 4390 2977; x_wconf 87' lang='lat' dir='ltr'><strong>antea</strong></span> <span class='ocrx_word' id='word_1_405' title='bbox 4452 2912 4600 2997; x_wconf 88' lang='lat' dir='ltr'><strong>plus</strong></span> <span class='ocrx_word' id='word_1_406' title='bbox 4650 2929 4791 2993; x_wconf 77' lang='lat' dir='ltr'><strong>quam</strong></span> 
     </span>
     <span class='ocr_line' id='line_1_31' title="bbox 857 2994 4795 3087; baseline -0.003 -15"><span class='ocrx_word' id='word_1_407' title='bbox 857 3026 1098 3072; x_wconf 92' lang='lat' dir='ltr'><strong>nomen</strong></span> <span class='ocrx_word' id='word_1_408' title='bbox 1139 3004 1346 3087; x_wconf 91' lang='lat' dir='ltr'><strong>ipsius</strong></span> <span class='ocrx_word' id='word_1_409' title='bbox 1393 3021 1875 3084; x_wconf 73' lang='lat' dir='ltr'><strong>usurpammus.</strong></span> <span class='ocrx_word' id='word_1_410' title='bbox 1946 2998 2077 3065; x_wconf 89' lang='lat' dir='ltr'><strong>Sed</strong></span> <span class='ocrx_word' id='word_1_411' title='bbox 2123 3021 2320 3064; x_wconf 90' lang='lat' dir='ltr'><strong>unam</strong></span> <span class='ocrx_word' id='word_1_412' title='bbox 2367 3012 2484 3064; x_wconf 91' lang='lat' dir='ltr'><strong>aut</strong></span> <span class='ocrx_word' id='word_1_413' title='bbox 2526 2998 2800 3063; x_wconf 89' lang='lat' dir='ltr'><strong>alteram</strong></span> <span class='ocrx_word' id='word_1_414' title='bbox 2906 3000 3295 3066; x_wconf 83' lang='lat' dir='ltr'><strong>satisfecisse</strong></span> <span class='ocrx_word' id='word_1_415' title='bbox 3352 2998 3474 3062; x_wconf 89' lang='lat' dir='ltr'><strong>sibi</strong></span> <span class='ocrx_word' id='word_1_416' title='bbox 3535 2994 3990 3080; x_wconf 85' lang='lat' dir='ltr'><strong>persuadeant,</strong></span> <span class='ocrx_word' id='word_1_417' title='bbox 4051 3009 4114 3062; x_wconf 91' lang='lat' dir='ltr'><strong>et</strong></span> <span class='ocrx_word' id='word_1_418' title='bbox 4175 3018 4308 3063; x_wconf 92' lang='lat' dir='ltr'><strong>non</strong></span> <span class='ocrx_word' id='word_1_419' title='bbox 4368 2998 4649 3080; x_wconf 86' lang='lat' dir='ltr'><strong>amplius</strong></span> <span class='ocrx_word' id='word_1_420' title='bbox 4697 3015 4795 3060; x_wconf 64' lang='lat' dir='ltr'><strong>esse</strong></span> 
     </span>
     <span class='ocr_line' id='line_1_32' title="bbox 858 3081 4793 3174; baseline -0.003 -18"><span class='ocrx_word' id='word_1_421' title='bbox 858 3094 1212 3174; x_wconf 87' lang='lat' dir='ltr'><strong>lacrymam</strong></span> <span class='ocrx_word' id='word_1_422' title='bbox 1294 3087 1594 3172; x_wconf 90' lang='lat' dir='ltr'><strong>tegendis</strong></span> <span class='ocrx_word' id='word_1_423' title='bbox 1673 3086 1954 3170; x_wconf 89' lang='lat' dir='ltr'><strong>peccatis</strong></span> <span class='ocrx_word' id='word_1_424' title='bbox 2019 3087 2316 3151; x_wconf 87' lang='lat' dir='ltr'><strong>sufficere</strong></span> <span class='ocrx_word' id='word_1_425' title='bbox 2383 3084 2800 3160; x_wconf 86' lang='lat' dir='ltr'><strong>arbitramur,</strong></span> <span class='ocrx_word' id='word_1_426' title='bbox 2906 3085 2988 3151; x_wconf 90' lang='lat' dir='ltr'><strong>ab</strong></span> <span class='ocrx_word' id='word_1_427' title='bbox 3031 3084 3193 3169; x_wconf 89' lang='lat' dir='ltr'><strong>ipsis</strong></span> <span class='ocrx_word' id='word_1_428' title='bbox 3238 3084 3561 3150; x_wconf 91' lang='lat' dir='ltr'><strong>rationem</strong></span> <span class='ocrx_word' id='word_1_429' title='bbox 3609 3082 4099 3149; x_wconf 85' lang='lat' dir='ltr'><strong>malefactorum</strong></span> <span class='ocrx_word' id='word_1_430' title='bbox 4144 3083 4607 3165; x_wconf 87' lang='lat' dir='ltr'><strong>repetiturum.</strong></span> <span class='ocrx_word' id='word_1_431' title='bbox 4666 3081 4793 3146; x_wconf 78' lang='lat' dir='ltr'><strong>nino</strong></span> 
     </span>
     <span class='ocr_line' id='line_1_33' title="bbox 856 3167 4797 3254; baseline -0.004 -10"><span class='ocrx_word' id='word_1_432' title='bbox 856 3188 974 3244; x_wconf 90' lang='lat' dir='ltr'><strong>aut</strong></span> <span class='ocrx_word' id='word_1_433' title='bbox 1019 3176 1223 3243; x_wconf 91' lang='lat' dir='ltr'><strong>solam</strong></span> <span class='ocrx_word' id='word_1_434' title='bbox 1261 3173 1738 3239; x_wconf 89' lang='lat' dir='ltr'><strong>confessionem</strong></span> <span class='ocrx_word' id='word_1_435' title='bbox 1779 3172 2027 3254; x_wconf 89' lang='lat' dir='ltr'><strong>peccati</strong></span> <span class='ocrx_word' id='word_1_436' title='bbox 2071 3192 2297 3236; x_wconf 90' lang='lat' dir='ltr'><strong>veram</strong></span> <span class='ocrx_word' id='word_1_437' title='bbox 2335 3170 2799 3254; x_wconf 89' lang='lat' dir='ltr'><strong>poenitentiam</strong></span> <span class='ocrx_word' id='word_1_438' title='bbox 2908 3172 3126 3253; x_wconf 89' lang='lat' dir='ltr'><strong>itaque</strong></span> <span class='ocrx_word' id='word_1_439' title='bbox 3181 3169 3503 3235; x_wconf 89' lang='lat' dir='ltr'><strong>discamus</strong></span> <span class='ocrx_word' id='word_1_440' title='bbox 3577 3190 3699 3234; x_wconf 92' lang='lat' dir='ltr'><strong>nos</strong></span> <span class='ocrx_word' id='word_1_441' title='bbox 3770 3167 3853 3233; x_wconf 89' lang='lat' dir='ltr'><strong>ad</strong></span> <span class='ocrx_word' id='word_1_442' title='bbox 3916 3168 4232 3234; x_wconf 87' lang='lat' dir='ltr'><strong>amussim</strong></span> <span class='ocrx_word' id='word_1_443' title='bbox 4298 3169 4698 3252; x_wconf 84' lang='lat' dir='ltr'><strong>expendere:</strong></span> <span class='ocrx_word' id='word_1_444' title='bbox 4745 3185 4797 3228; x_wconf 76' lang='lat' dir='ltr'><strong>ac</strong></span> 
     </span>
     <span class='ocr_line' id='line_1_34' title="bbox 859 3253 4798 3339; baseline -0.003 -10"><span class='ocrx_word' id='word_1_445' title='bbox 859 3263 1350 3330; x_wconf 88' lang='lat' dir='ltr'><strong>existimamus:</strong></span> <span class='ocrx_word' id='word_1_446' title='bbox 1387 3258 1499 3326; x_wconf 91' lang='lat' dir='ltr'><strong>sed</strong></span> <span class='ocrx_word' id='word_1_447' title='bbox 1537 3270 1671 3324; x_wconf 89' lang='lat' dir='ltr'><strong>toto</strong></span> <span class='ocrx_word' id='word_1_448' title='bbox 1710 3258 1887 3323; x_wconf 91' lang='lat' dir='ltr'><strong>coelo</strong></span> <span class='ocrx_word' id='word_1_449' title='bbox 1927 3258 2320 3322; x_wconf 89' lang='lat' dir='ltr'><strong>aberramus.</strong></span> <span class='ocrx_word' id='word_1_450' title='bbox 2369 3256 2801 3321; x_wconf 79' lang='lat' dir='ltr'><strong>Conferamus</strong></span> <span class='ocrx_word' id='word_1_451' title='bbox 2909 3278 3130 3322; x_wconf 89' lang='lat' dir='ltr'><strong>veram</strong></span> <span class='ocrx_word' id='word_1_452' title='bbox 3190 3255 3658 3338; x_wconf 88' lang='lat' dir='ltr'><strong>poenitentiam</strong></span> <span class='ocrx_word' id='word_1_453' title='bbox 3712 3256 3993 3320; x_wconf 88' lang='lat' dir='ltr'><strong>sciamus</strong></span> <span class='ocrx_word' id='word_1_454' title='bbox 4049 3276 4180 3319; x_wconf 89' lang='lat' dir='ltr'><strong>non</strong></span> <span class='ocrx_word' id='word_1_455' title='bbox 4239 3276 4389 3320; x_wconf 86' lang='lat' dir='ltr'><strong>esse</strong></span> <span class='ocrx_word' id='word_1_456' title='bbox 4451 3257 4710 3339; x_wconf 74' lang='lat' dir='ltr'><strong>positum</strong></span> <span class='ocrx_word' id='word_1_457' title='bbox 4750 3253 4798 3313; x_wconf 87' lang='lat' dir='ltr'><strong>in</strong></span> 
     </span>
     <span class='ocr_line' id='line_1_35' title="bbox 859 3337 4799 3424; baseline -0.003 -8"><span class='ocrx_word' id='word_1_458' title='bbox 859 3350 1037 3416; x_wconf 91' lang='lat' dir='ltr'><strong>enim</strong></span> <span class='ocrx_word' id='word_1_459' title='bbox 1081 3348 1277 3413; x_wconf 90' lang='lat' dir='ltr'><strong>istam</strong></span> <span class='ocrx_word' id='word_1_460' title='bbox 1323 3344 1820 3412; x_wconf 60' lang='lat' dir='ltr'><strong>confessionem,</strong></span> <span class='ocrx_word' id='word_1_461' title='bbox 1844 3363 1992 3407; x_wconf 90' lang='lat' dir='ltr'><strong>cum</strong></span> <span class='ocrx_word' id='word_1_462' title='bbox 2019 3342 2241 3408; x_wconf 88' lang='lat' dir='ltr'><strong>Saulis</strong></span> <span class='ocrx_word' id='word_1_463' title='bbox 2280 3342 2605 3424; x_wconf 86' lang='lat' dir='ltr'><strong>lacrymis.</strong></span> <span class='ocrx_word' id='word_1_464' title='bbox 2653 3342 2800 3407; x_wconf 85' lang='lat' dir='ltr'><strong>Rex</strong></span> <span class='ocrx_word' id='word_1_465' title='bbox 2907 3342 3046 3407; x_wconf 89' lang='lat' dir='ltr'><strong>sola</strong></span> <span class='ocrx_word' id='word_1_466' title='bbox 3106 3342 3378 3407; x_wconf 86' lang='lat' dir='ltr'><strong>tristitia</strong></span> <span class='ocrx_word' id='word_1_467' title='bbox 3437 3339 3516 3406; x_wconf 91' lang='lat' dir='ltr'><strong>de</strong></span> <span class='ocrx_word' id='word_1_468' title='bbox 3562 3340 3918 3406; x_wconf 84' lang='lat' dir='ltr'><strong>malefacto.</strong></span> <span class='ocrx_word' id='word_1_469' title='bbox 4007 3340 4173 3405; x_wconf 89' lang='lat' dir='ltr'><strong>Nam</strong></span> <span class='ocrx_word' id='word_1_470' title='bbox 4222 3341 4347 3406; x_wconf 86' lang='lat' dir='ltr'><strong>etsi</strong></span> <span class='ocrx_word' id='word_1_471' title='bbox 4396 3361 4594 3407; x_wconf 88' lang='lat' dir='ltr'><strong>verae</strong></span> <span class='ocrx_word' id='word_1_472' title='bbox 4632 3337 4799 3423; x_wconf 82' lang='lat' dir='ltr'><strong>poeni·</strong></span> 
     </span>
     <span class='ocr_line' id='line_1_36' title="bbox 859 3424 4799 3515; baseline -0.004 -14"><span class='ocrx_word' id='word_1_473' title='bbox 859 3438 1034 3502; x_wconf 91' lang='lat' dir='ltr'><strong>enim</strong></span> <span class='ocrx_word' id='word_1_474' title='bbox 1104 3434 1209 3499; x_wconf 84' lang='lat' dir='ltr'><strong>&#39;nic</strong></span> <span class='ocrx_word' id='word_1_475' title='bbox 1257 3434 1672 3515; x_wconf 88' lang='lat' dir='ltr'><strong>lacrymatur,</strong></span> <span class='ocrx_word' id='word_1_476' title='bbox 1739 3430 1871 3494; x_wconf 91' lang='lat' dir='ltr'><strong>imo</strong></span> <span class='ocrx_word' id='word_1_477' title='bbox 1933 3429 2160 3506; x_wconf 91' lang='lat' dir='ltr'><strong>eiulat,</strong></span> <span class='ocrx_word' id='word_1_478' title='bbox 2220 3439 2285 3493; x_wconf 89' lang='lat' dir='ltr'><strong>et</strong></span> <span class='ocrx_word' id='word_1_479' title='bbox 2344 3448 2587 3511; x_wconf 88' lang='lat' dir='ltr'><strong>magna</strong></span> <span class='ocrx_word' id='word_1_480' title='bbox 2647 3447 2804 3491; x_wconf 90' lang='lat' dir='ltr'><strong>voce</strong></span> <span class='ocrx_word' id='word_1_481' title='bbox 2907 3430 3154 3493; x_wconf 90' lang='lat' dir='ltr'><strong>tentiae</strong></span> <span class='ocrx_word' id='word_1_482' title='bbox 3200 3427 3590 3511; x_wconf 88' lang='lat' dir='ltr'><strong>principium</strong></span> <span class='ocrx_word' id='word_1_483' title='bbox 3635 3428 3720 3492; x_wconf 90' lang='lat' dir='ltr'><strong>sit</strong></span> <span class='ocrx_word' id='word_1_484' title='bbox 3764 3427 3876 3491; x_wconf 88' lang='lat' dir='ltr'><strong>illa</strong></span> <span class='ocrx_word' id='word_1_485' title='bbox 3920 3426 4210 3511; x_wconf 86' lang='lat' dir='ltr'><strong>tristitia,</strong></span> <span class='ocrx_word' id='word_1_486' title='bbox 4253 3436 4329 3492; x_wconf 86' lang='lat' dir='ltr'><strong>ut</strong></span> <span class='ocrx_word' id='word_1_487' title='bbox 4377 3426 4573 3493; x_wconf 88' lang='lat' dir='ltr'><strong>docet</strong></span> <span class='ocrx_word' id='word_1_488' title='bbox 4606 3424 4799 3491; x_wconf 76' lang='lat' dir='ltr'><strong>Paulus</strong></span> 
     </span>
     <span class='ocr_line' id='line_1_37' title="bbox 863 3513 4797 3602; baseline -0.003 -16"><span class='ocrx_word' id='word_1_489' title='bbox 863 3541 1048 3587; x_wconf 90' lang='lat' dir='ltr'><strong>suam</strong></span> <span class='ocrx_word' id='word_1_490' title='bbox 1093 3517 1434 3602; x_wconf 89' lang='lat' dir='ltr'><strong>perfidiam</strong></span> <span class='ocrx_word' id='word_1_491' title='bbox 1479 3516 1738 3593; x_wconf 89' lang='lat' dir='ltr'><strong>fatetur,</strong></span> <span class='ocrx_word' id='word_1_492' title='bbox 1783 3525 1857 3581; x_wconf 89' lang='lat' dir='ltr'><strong>ut</strong></span> <span class='ocrx_word' id='word_1_493' title='bbox 1903 3535 2035 3579; x_wconf 90' lang='lat' dir='ltr'><strong>non</strong></span> <span class='ocrx_word' id='word_1_494' title='bbox 2080 3516 2216 3597; x_wconf 91' lang='lat' dir='ltr'><strong>ipse</strong></span> <span class='ocrx_word' id='word_1_495' title='bbox 2262 3524 2519 3580; x_wconf 87' lang='lat' dir='ltr'><strong>tantum</strong></span> <span class='ocrx_word' id='word_1_496' title='bbox 2558 3513 2804 3594; x_wconf 91' lang='lat' dir='ltr'><strong>David,</strong></span> <span class='ocrx_word' id='word_1_497' title='bbox 2906 3515 2966 3580; x_wconf 83' lang='lat'><strong>2.</strong></span> <span class='ocrx_word' id='word_1_498' title='bbox 3013 3513 3094 3578; x_wconf 90' lang='lat' dir='ltr'><strong>ad</strong></span> <span class='ocrx_word' id='word_1_499' title='bbox 3143 3514 3292 3579; x_wconf 84' lang='lat' dir='ltr'><strong>Oor.</strong></span> <span class='ocrx_word' id='word_1_500' title='bbox 3342 3533 3472 3578; x_wconf 93' lang='lat' dir='ltr'><strong>non</strong></span> <span class='ocrx_word' id='word_1_501' title='bbox 3535 3523 3756 3576; x_wconf 90' lang='lat' dir='ltr'><strong>tamen</strong></span> <span class='ocrx_word' id='word_1_502' title='bbox 3815 3521 3917 3577; x_wconf 87' lang='lat' dir='ltr'><strong>est</strong></span> <span class='ocrx_word' id='word_1_503' title='bbox 3974 3523 4108 3577; x_wconf 91' lang='lat' dir='ltr'><strong>tota</strong></span> <span class='ocrx_word' id='word_1_504' title='bbox 4166 3513 4600 3595; x_wconf 86' lang='lat' dir='ltr'><strong>poenitentia,</strong></span> <span class='ocrx_word' id='word_1_505' title='bbox 4652 3527 4797 3594; x_wconf 77' lang='lat' dir='ltr'><strong>qnam</strong></span> 
     </span>
     <span class='ocr_line' id='line_1_38' title="bbox 860 3596 4797 3689; baseline -0.004 -17"><span class='ocrx_word' id='word_1_506' title='bbox 860 3615 929 3672; x_wconf 91' lang='lat' dir='ltr'><strong>et</strong></span> <span class='ocrx_word' id='word_1_507' title='bbox 992 3626 1156 3689; x_wconf 90' lang='lat' dir='ltr'><strong>quae</strong></span> <span class='ocrx_word' id='word_1_508' title='bbox 1213 3604 1397 3670; x_wconf 89' lang='lat' dir='ltr'><strong>illum</strong></span> <span class='ocrx_word' id='word_1_509' title='bbox 1460 3602 1939 3669; x_wconf 84' lang='lat' dir='ltr'><strong>comitabuntur</strong></span> <span class='ocrx_word' id='word_1_510' title='bbox 1995 3603 2217 3684; x_wconf 89' lang='lat' dir='ltr'><strong>copiae</strong></span> <span class='ocrx_word' id='word_1_511' title='bbox 2278 3600 2557 3664; x_wconf 90' lang='lat' dir='ltr'><strong>militum</strong></span> <span class='ocrx_word' id='word_1_512' title='bbox 2605 3611 2805 3664; x_wconf 86' lang='lat' dir='ltr'><strong>testes</strong></span> <span class='ocrx_word' id='word_1_513' title='bbox 2906 3621 3048 3666; x_wconf 89' lang='lat' dir='ltr'><strong>esse</strong></span> <span class='ocrx_word' id='word_1_514' title='bbox 3072 3600 3451 3664; x_wconf 89' lang='lat' dir='ltr'><strong>continuam</strong></span> <span class='ocrx_word' id='word_1_515' title='bbox 3488 3609 3763 3681; x_wconf 86' lang='lat' dir='ltr'><strong>oportet.</strong></span> <span class='ocrx_word' id='word_1_516' title='bbox 3809 3597 4008 3663; x_wconf 81' lang='lat' dir='ltr'><strong>Multi</strong></span> <span class='ocrx_word' id='word_1_517' title='bbox 4034 3596 4297 3666; x_wconf 85' lang='lat' dir='ltr'><strong>Saulem</strong></span> <span class='ocrx_word' id='word_1_518' title='bbox 4337 3599 4550 3683; x_wconf 89' lang='lat' dir='ltr'><strong>igitur</strong></span> <span class='ocrx_word' id='word_1_519' title='bbox 4591 3599 4797 3663; x_wconf 86' lang='lat' dir='ltr'><strong>imitan-</strong></span> 
     </span>
     <span class='ocr_line' id='line_1_39' title="bbox 858 3677 4797 3771; baseline -0.004 -14"><span class='ocrx_word' id='word_1_520' title='bbox 858 3693 993 3758; x_wconf 91' lang='lat' dir='ltr'><strong>sint</strong></span> <span class='ocrx_word' id='word_1_521' title='bbox 1050 3691 1240 3756; x_wconf 89' lang='lat' dir='ltr'><strong>istius</strong></span> <span class='ocrx_word' id='word_1_522' title='bbox 1299 3688 1755 3755; x_wconf 86' lang='lat' dir='ltr'><strong>confessionis:</strong></span> <span class='ocrx_word' id='word_1_523' title='bbox 1816 3686 1929 3752; x_wconf 82' lang='lat' dir='ltr'><strong>sed</strong></span> <span class='ocrx_word' id='word_1_524' title='bbox 1983 3687 2181 3752; x_wconf 90' lang='lat' dir='ltr'><strong>etiam</strong></span> <span class='ocrx_word' id='word_1_525' title='bbox 2243 3687 2426 3771; x_wconf 90' lang='lat' dir='ltr'><strong>ipsae</strong></span> <span class='ocrx_word' id='word_1_526' title='bbox 2481 3704 2676 3768; x_wconf 84' lang='lat' dir='ltr'><strong>rupes</strong></span> <span class='ocrx_word' id='word_1_527' title='bbox 2735 3695 2803 3750; x_wconf 91' lang='lat' dir='ltr'><strong>et</strong></span> <span class='ocrx_word' id='word_1_528' title='bbox 2906 3695 3035 3766; x_wconf 89' lang='lat' dir='ltr'><strong>tur,</strong></span> <span class='ocrx_word' id='word_1_529' title='bbox 3080 3685 3288 3769; x_wconf 89' lang='lat' dir='ltr'><strong>signis</strong></span> <span class='ocrx_word' id='word_1_530' title='bbox 3332 3685 3488 3749; x_wconf 83' lang='lat' dir='ltr'><strong>solis</strong></span> <span class='ocrx_word' id='word_1_531' title='bbox 3533 3686 3820 3748; x_wconf 87' lang='lat' dir='ltr'><strong>externis</strong></span> <span class='ocrx_word' id='word_1_532' title='bbox 3864 3685 4307 3767; x_wconf 88' lang='lat' dir='ltr'><strong>poenitentiae</strong></span> <span class='ocrx_word' id='word_1_533' title='bbox 4350 3686 4673 3750; x_wconf 85' lang='lat' dir='ltr'><strong>contenti:</strong></span> <span class='ocrx_word' id='word_1_534' title='bbox 4719 3677 4797 3743; x_wconf 76' lang='lat' dir='ltr'><strong>sed</strong></span> 
     </span>
     <span class='ocr_line' id='line_1_40' title="bbox 863 3769 4799 3856; baseline -0.003 -12"><span class='ocrx_word' id='word_1_535' title='bbox 863 3776 1060 3844; x_wconf 93' lang='lat' dir='ltr'><strong>colles</strong></span> <span class='ocrx_word' id='word_1_536' title='bbox 1122 3776 1515 3842; x_wconf 85' lang='lat' dir='ltr'><strong>commoveri</strong></span> <span class='ocrx_word' id='word_1_537' title='bbox 1583 3775 1964 3850; x_wconf 89' lang='lat' dir='ltr'><strong>videantur,</strong></span> <span class='ocrx_word' id='word_1_538' title='bbox 2031 3786 2097 3838; x_wconf 93' lang='lat' dir='ltr'><strong>et</strong></span> <span class='ocrx_word' id='word_1_539' title='bbox 2163 3772 2385 3839; x_wconf 87' lang='lat' dir='ltr'><strong>Saulis</strong></span> <span class='ocrx_word' id='word_1_540' title='bbox 2446 3769 2803 3856; x_wconf 80' lang='lat' dir='ltr'><strong>gemitibus</strong></span> <span class='ocrx_word' id='word_1_541' title='bbox 2906 3773 3032 3838; x_wconf 90' lang='lat' dir='ltr'><strong>ista</strong></span> <span class='ocrx_word' id='word_1_542' title='bbox 3059 3792 3189 3836; x_wconf 91' lang='lat' dir='ltr'><strong>non</strong></span> <span class='ocrx_word' id='word_1_543' title='bbox 3228 3769 3570 3835; x_wconf 86' lang='lat' dir='ltr'><strong>sufficiunt</strong></span> <span class='ocrx_word' id='word_1_544' title='bbox 3606 3790 3760 3834; x_wconf 90' lang='lat' dir='ltr'><strong>vere</strong></span> <span class='ocrx_word' id='word_1_545' title='bbox 3805 3770 4305 3852; x_wconf 85' lang='lat' dir='ltr'><strong>poenitentibus,</strong></span> <span class='ocrx_word' id='word_1_546' title='bbox 4353 3791 4525 3853; x_wconf 91' lang='lat' dir='ltr'><strong>quos</strong></span> <span class='ocrx_word' id='word_1_547' title='bbox 4569 3781 4799 3836; x_wconf 83' lang='lat' dir='ltr'><strong>veterem</strong></span> 
     </span>
     <span class='ocr_line' id='line_1_41' title="bbox 862 3855 4799 3947; baseline -0.003 -19"><span class='ocrx_word' id='word_1_548' title='bbox 862 3863 1143 3947; x_wconf 90' lang='lat' dir='ltr'><strong>impleri.</strong></span> <span class='ocrx_word' id='word_1_549' title='bbox 1232 3862 1470 3926; x_wconf 91' lang='lat' dir='ltr'><strong>Nonne</strong></span> <span class='ocrx_word' id='word_1_550' title='bbox 1529 3859 1734 3943; x_wconf 87' lang='lat' dir='ltr'><strong>igitur</strong></span> <span class='ocrx_word' id='word_1_551' title='bbox 1778 3859 2013 3924; x_wconf 90' lang='lat' dir='ltr'><strong>merito</strong></span> <span class='ocrx_word' id='word_1_552' title='bbox 2059 3859 2235 3943; x_wconf 81' lang='lat' dir='ltr'><strong>regis</strong></span> <span class='ocrx_word' id='word_1_553' title='bbox 2279 3859 2472 3924; x_wconf 90' lang='lat' dir='ltr'><strong>istius</strong></span> <span class='ocrx_word' id='word_1_554' title='bbox 2518 3858 2803 3942; x_wconf 89' lang='lat' dir='ltr'><strong>gemitus</strong></span> <span class='ocrx_word' id='word_1_555' title='bbox 2903 3857 3234 3923; x_wconf 91' lang='lat' dir='ltr'><strong>hominem</strong></span> <span class='ocrx_word' id='word_1_556' title='bbox 3303 3866 3605 3938; x_wconf 90' lang='lat' dir='ltr'><strong>opportet</strong></span> <span class='ocrx_word' id='word_1_557' title='bbox 3669 3875 3940 3932; x_wconf 85' lang='lat' dir='ltr'><strong>exuere,</strong></span> <span class='ocrx_word' id='word_1_558' title='bbox 4023 3855 4278 3939; x_wconf 89' lang='lat' dir='ltr'><strong>Deique</strong></span> <span class='ocrx_word' id='word_1_559' title='bbox 4344 3859 4650 3922; x_wconf 86' lang='lat' dir='ltr'><strong>timorem</strong></span> <span class='ocrx_word' id='word_1_560' title='bbox 4706 3865 4799 3916; x_wconf 67' lang='lat' dir='ltr'><strong>tam</strong></span> 
     </span>
     <span class='ocr_line' id='line_1_42' title="bbox 863 3939 4799 4031; baseline -0.005 -14"><span class='ocrx_word' id='word_1_561' title='bbox 863 3960 933 4017; x_wconf 93' lang='lat' dir='ltr'><strong>et</strong></span> <span class='ocrx_word' id='word_1_562' title='bbox 990 3950 1317 4031; x_wconf 87' lang='lat' dir='ltr'><strong>lacrymas</strong></span> <span class='ocrx_word' id='word_1_563' title='bbox 1375 3946 1662 4011; x_wconf 91' lang='lat' dir='ltr'><strong>dicemus</strong></span> <span class='ocrx_word' id='word_1_564' title='bbox 1720 3945 1938 4030; x_wconf 90' lang='lat' dir='ltr'><strong>potius</strong></span> <span class='ocrx_word' id='word_1_565' title='bbox 1995 3966 2113 4028; x_wconf 90' lang='lat' dir='ltr'><strong>pro</strong></span> <span class='ocrx_word' id='word_1_566' title='bbox 2172 3945 2341 4009; x_wconf 87' lang='lat' dir='ltr'><strong>seria</strong></span> <span class='ocrx_word' id='word_1_567' title='bbox 2401 3943 2803 4028; x_wconf 89' lang='lat' dir='ltr'><strong>poenitentia</strong></span> <span class='ocrx_word' id='word_1_568' title='bbox 2906 3944 3036 4008; x_wconf 89' lang='lat' dir='ltr'><strong>alte</strong></span> <span class='ocrx_word' id='word_1_569' title='bbox 3095 3944 3234 4008; x_wconf 87' lang='lat' dir='ltr'><strong>suis</strong></span> <span class='ocrx_word' id='word_1_570' title='bbox 3293 3942 3533 4006; x_wconf 88' lang='lat' dir='ltr'><strong>animis</strong></span> <span class='ocrx_word' id='word_1_571' title='bbox 3586 3941 3891 4023; x_wconf 87' lang='lat' dir='ltr'><strong>infigere,</strong></span> <span class='ocrx_word' id='word_1_572' title='bbox 3981 3953 4052 4006; x_wconf 90' lang='lat' dir='ltr'><strong>ut</strong></span> <span class='ocrx_word' id='word_1_573' title='bbox 4110 3942 4555 4025; x_wconf 87' lang='lat' dir='ltr'><strong>praeteritum</strong></span> <span class='ocrx_word' id='word_1_574' title='bbox 4610 3939 4799 4006; x_wconf 78' lang='lat' dir='ltr'><strong>malum</strong></span> 
     </span>
     <span class='ocr_line' id='line_1_43' title="bbox 863 4027 4798 4115; baseline -0.004 -13"><span class='ocrx_word' id='word_1_575' title='bbox 863 4032 1197 4102; x_wconf 90' lang='lat' dir='ltr'><strong>habendas</strong></span> <span class='ocrx_word' id='word_1_576' title='bbox 1233 4052 1425 4115; x_wconf 86' lang='lat' dir='ltr'><strong>quam</strong></span> <span class='ocrx_word' id='word_1_577' title='bbox 1453 4052 1681 4097; x_wconf 88' lang='lat' dir='ltr'><strong>eorum</strong></span> <span class='ocrx_word' id='word_1_578' title='bbox 1726 4051 1917 4096; x_wconf 87' lang='lat' dir='ltr'><strong>voces</strong></span> <span class='ocrx_word' id='word_1_579' title='bbox 1961 4031 2075 4113; x_wconf 88' lang='lat' dir='ltr'><strong>qui</strong></span> <span class='ocrx_word' id='word_1_580' title='bbox 2111 4030 2313 4095; x_wconf 90' lang='lat' dir='ltr'><strong>verbo</strong></span> <span class='ocrx_word' id='word_1_581' title='bbox 2340 4030 2604 4094; x_wconf 87' lang='lat' dir='ltr'><strong>dicunt:</strong></span> <span class='ocrx_word' id='word_1_582' title='bbox 2651 4028 2801 4094; x_wconf 85' lang='lat' dir='ltr'><strong>Poe·</strong></span> <span class='ocrx_word' id='word_1_583' title='bbox 2906 4029 3183 4109; x_wconf 88' lang='lat' dir='ltr'><strong>oderint,</strong></span> <span class='ocrx_word' id='word_1_584' title='bbox 3243 4041 3308 4092; x_wconf 89' lang='lat' dir='ltr'><strong>et</strong></span> <span class='ocrx_word' id='word_1_585' title='bbox 3362 4027 3432 4092; x_wconf 92' lang='lat' dir='ltr'><strong>in</strong></span> <span class='ocrx_word' id='word_1_586' title='bbox 3495 4036 3828 4110; x_wconf 88' lang='lat' dir='ltr'><strong>posterum</strong></span> <span class='ocrx_word' id='word_1_587' title='bbox 3888 4027 4046 4092; x_wconf 90' lang='lat' dir='ltr'><strong>dent</strong></span> <span class='ocrx_word' id='word_1_588' title='bbox 4101 4048 4395 4111; x_wconf 87' lang='lat' dir='ltr'><strong>operam,</strong></span> <span class='ocrx_word' id='word_1_589' title='bbox 4460 4050 4544 4094; x_wconf 91' lang='lat' dir='ltr'><strong>ne</strong></span> <span class='ocrx_word' id='word_1_590' title='bbox 4600 4035 4798 4091; x_wconf 85' lang='lat' dir='ltr'><strong>tantum</strong></span> 
     </span>
     <span class='ocr_line' id='line_1_44' title="bbox 861 4107 4801 4203; baseline -0.003 -16"><span class='ocrx_word' id='word_1_591' title='bbox 861 4117 1356 4203; x_wconf 74' lang='lat' dir='ltr'><strong>nitetmefacti?</strong></span> <span class='ocrx_word' id='word_1_592' title='bbox 1399 4116 1578 4183; x_wconf 89' lang='lat' dir='ltr'><strong>Sane</strong></span> <span class='ocrx_word' id='word_1_593' title='bbox 1616 4138 1747 4182; x_wconf 92' lang='lat' dir='ltr'><strong>non</strong></span> <span class='ocrx_word' id='word_1_594' title='bbox 1785 4117 1974 4201; x_wconf 84' lang='lat' dir='ltr'><strong>parvi</strong></span> <span class='ocrx_word' id='word_1_595' title='bbox 2018 4117 2333 4182; x_wconf 90' lang='lat' dir='ltr'><strong>momenti</strong></span> <span class='ocrx_word' id='word_1_596' title='bbox 2377 4115 2502 4179; x_wconf 88' lang='lat' dir='ltr'><strong>fuit</strong></span> <span class='ocrx_word' id='word_1_597' title='bbox 2530 4115 2804 4180; x_wconf 78' lang='lat' dir='ltr'><strong>Saulem</strong></span> <span class='ocrx_word' id='word_1_598' title='bbox 2906 4116 3123 4198; x_wconf 89' lang='lat' dir='ltr'><strong>aliquo</strong></span> <span class='ocrx_word' id='word_1_599' title='bbox 3158 4115 3412 4198; x_wconf 89' lang='lat' dir='ltr'><strong>impetu</strong></span> <span class='ocrx_word' id='word_1_600' title='bbox 3450 4124 3858 4190; x_wconf 90' lang='lat' dir='ltr'><strong>moveantur,</strong></span> <span class='ocrx_word' id='word_1_601' title='bbox 3905 4114 4013 4178; x_wconf 88' lang='lat' dir='ltr'><strong>sed</strong></span> <span class='ocrx_word' id='word_1_602' title='bbox 4062 4114 4131 4176; x_wconf 92' lang='lat' dir='ltr'><strong>in</strong></span> <span class='ocrx_word' id='word_1_603' title='bbox 4176 4125 4416 4197; x_wconf 87' lang='lat' dir='ltr'><strong>coepta</strong></span> <span class='ocrx_word' id='word_1_604' title='bbox 4462 4107 4801 4198; x_wconf 72' lang='lat' dir='ltr'><strong>poenitentia</strong></span> 
     </span>
     <span class='ocr_line' id='line_1_45' title="bbox 864 4197 4799 4286; baseline -0.004 -13"><span class='ocrx_word' id='word_1_605' title='bbox 864 4206 1041 4273; x_wconf 87' lang='lat' dir='ltr'><strong>ultro</strong></span> <span class='ocrx_word' id='word_1_606' title='bbox 1099 4204 1271 4271; x_wconf 87' lang='lat' dir='ltr'><strong>hanc</strong></span> <span class='ocrx_word' id='word_1_607' title='bbox 1331 4203 1668 4268; x_wconf 85' lang='lat' dir='ltr'><strong>infamiam</strong></span> <span class='ocrx_word' id='word_1_608' title='bbox 1728 4204 1966 4281; x_wconf 89' lang='lat' dir='ltr'><strong>subire,</strong></span> <span class='ocrx_word' id='word_1_609' title='bbox 2042 4211 2113 4266; x_wconf 91' lang='grc' dir='ltr'><strong>ιιι</strong></span> <span class='ocrx_word' id='word_1_610' title='bbox 2172 4223 2243 4267; x_wconf 89' lang='lat' dir='ltr'><strong>se</strong></span> <span class='ocrx_word' id='word_1_611' title='bbox 2297 4200 2549 4286; x_wconf 85' lang='lat' dir='ltr'><strong>perfide</strong></span> <span class='ocrx_word' id='word_1_612' title='bbox 2595 4223 2806 4284; x_wconf 89' lang='lat' dir='ltr'><strong>perse-</strong></span> <span class='ocrx_word' id='word_1_613' title='bbox 2907 4213 3354 4284; x_wconf 87' lang='lat' dir='ltr'><strong>perseverent:</strong></span> <span class='ocrx_word' id='word_1_614' title='bbox 3403 4201 3564 4264; x_wconf 92' lang='lat' dir='ltr'><strong>etin</strong></span> <span class='ocrx_word' id='word_1_615' title='bbox 3590 4200 3879 4283; x_wconf 90' lang='lat' dir='ltr'><strong>ipsorum</strong></span> <span class='ocrx_word' id='word_1_616' title='bbox 3922 4200 4159 4264; x_wconf 90' lang='lat' dir='ltr'><strong>animis</strong></span> <span class='ocrx_word' id='word_1_617' title='bbox 4204 4214 4342 4265; x_wconf 90' lang='lat' dir='ltr'><strong>tam</strong></span> <span class='ocrx_word' id='word_1_618' title='bbox 4392 4200 4566 4266; x_wconf 87' lang='lat' dir='ltr'><strong>altas</strong></span> <span class='ocrx_word' id='word_1_619' title='bbox 4608 4197 4799 4263; x_wconf 66' lang='lat' dir='ltr'><strong>radice</strong></span> 
     </span>
    </p>
   </div>
   <div class='ocr_carea' id='block_1_3' title="bbox 2842 1017 2848 1196">
    <p class='ocr_par' dir='ltr' id='par_1_3' title="bbox 2842 1017 2848 1196">
     <span class='ocr_line' id='line_1_46' title="bbox 2842 1017 2848 1196; baseline 0 4863"><span class='ocrx_word' id='word_1_620' title='bbox 2842 1017 2848 1196; x_wconf 95' lang='lat' dir='ltr'><strong> </strong></span> 
     </span>
    </p>
   </div>
   <div class='ocr_carea' id='block_1_4' title="bbox 855 1542 2797 1881">
    <p class='ocr_par' dir='ltr' id='par_1_4' title="bbox 855 1542 2797 1798">
     <span class='ocr_line' id='line_1_47' title="bbox 856 1542 2796 1626; baseline -0.007 -12"><span class='ocrx_word' id='word_1_621' title='bbox 856 1550 1037 1614; x_wconf 92' lang='lat' dir='ltr'><strong>diose</strong></span> <span class='ocrx_word' id='word_1_622' title='bbox 1059 1559 1212 1613; x_wconf 90' lang='lat' dir='ltr'><strong>suut</strong></span> <span class='ocrx_word' id='word_1_623' title='bbox 1232 1543 1581 1626; x_wconf 90' lang='lat' dir='ltr'><strong>insequuti.</strong></span> <span class='ocrx_word' id='word_1_624' title='bbox 1631 1544 1819 1608; x_wconf 86' lang='lat' dir='ltr'><strong>Licet</strong></span> <span class='ocrx_word' id='word_1_625' title='bbox 1854 1543 2060 1625; x_wconf 87' lang='lat' dir='ltr'><strong>igitur</strong></span> <span class='ocrx_word' id='word_1_626' title='bbox 2098 1542 2257 1624; x_wconf 89' lang='lat' dir='ltr'><strong>ipsis</strong></span> <span class='ocrx_word' id='word_1_627' title='bbox 2302 1561 2527 1605; x_wconf 86' lang='lat' dir='ltr'><strong>omnes</strong></span> <span class='ocrx_word' id='word_1_628' title='bbox 2576 1560 2796 1605; x_wconf 89' lang='lat' dir='ltr'><strong>assen-</strong></span> 
     </span>
     <span class='ocr_line' id='line_1_48' title="bbox 855 1626 2797 1708; baseline -0.006 -9"><span class='ocrx_word' id='word_1_629' title='bbox 855 1635 979 1699; x_wconf 89' lang='lat' dir='ltr'><strong>tati</strong></span> <span class='ocrx_word' id='word_1_630' title='bbox 1024 1634 1172 1708; x_wconf 91' lang='lat' dir='ltr'><strong>sint,</strong></span> <span class='ocrx_word' id='word_1_631' title='bbox 1219 1629 1325 1694; x_wconf 87' lang='lat' dir='ltr'><strong>vel</strong></span> <span class='ocrx_word' id='word_1_632' title='bbox 1370 1629 1614 1695; x_wconf 88' lang='lat' dir='ltr'><strong>invitos</strong></span> <span class='ocrx_word' id='word_1_633' title='bbox 1661 1641 1882 1693; x_wconf 89' lang='lat' dir='ltr'><strong>tamen</strong></span> <span class='ocrx_word' id='word_1_634' title='bbox 1929 1627 2113 1692; x_wconf 90' lang='lat' dir='ltr'><strong>Deus</strong></span> <span class='ocrx_word' id='word_1_635' title='bbox 2160 1626 2422 1691; x_wconf 85' lang='lat' dir='ltr'><strong>tandem</strong></span> <span class='ocrx_word' id='word_1_636' title='bbox 2468 1639 2658 1708; x_wconf 87' lang='lat' dir='ltr'><strong>coget</strong></span> <span class='ocrx_word' id='word_1_637' title='bbox 2703 1627 2797 1689; x_wconf 89' lang='lat' dir='ltr'><strong>fa·</strong></span> 
     </span>
     <span class='ocr_line' id='line_1_49' title="bbox 862 1714 2291 1798; baseline -0.006 -12"><span class='ocrx_word' id='word_1_638' title='bbox 862 1720 988 1786; x_wconf 91' lang='lat' dir='ltr'><strong>teri</strong></span> <span class='ocrx_word' id='word_1_639' title='bbox 1035 1738 1222 1783; x_wconf 87' lang='lat' dir='ltr'><strong>suam</strong></span> <span class='ocrx_word' id='word_1_640' title='bbox 1268 1715 1754 1798; x_wconf 87' lang='lat' dir='ltr'><strong>improbitatem</strong></span> <span class='ocrx_word' id='word_1_641' title='bbox 1802 1725 1867 1778; x_wconf 91' lang='lat' dir='ltr'><strong>et</strong></span> <span class='ocrx_word' id='word_1_642' title='bbox 1911 1714 2291 1795; x_wconf 88' lang='lat' dir='ltr'><strong>nequitiam.</strong></span> 
     </span>
    </p>

    <p class='ocr_par' dir='ltr' id='par_1_5' title="bbox 1026 1798 2795 1881">
     <span class='ocr_line' id='line_1_50' title="bbox 1026 1798 2795 1881; baseline -0.006 -12"><span class='ocrx_word' id='word_1_643' title='bbox 1026 1805 1375 1870; x_wconf 83' lang='lat' dir='ltr'><strong>Caeterum</strong></span> <span class='ocrx_word' id='word_1_644' title='bbox 1416 1799 1495 1865; x_wconf 91' lang='lat' dir='ltr'><strong>ad</strong></span> <span class='ocrx_word' id='word_1_645' title='bbox 1548 1800 1667 1866; x_wconf 89' lang='lat' dir='ltr'><strong>has</strong></span> <span class='ocrx_word' id='word_1_646' title='bbox 1706 1821 1898 1865; x_wconf 91' lang='lat' dir='ltr'><strong>voces</strong></span> <span class='ocrx_word' id='word_1_647' title='bbox 1951 1809 2360 1865; x_wconf 88' lang='lat' dir='ltr'><strong>accesserunt</strong></span> <span class='ocrx_word' id='word_1_648' title='bbox 2433 1798 2795 1881; x_wconf 88' lang='lat' dir='ltr'><strong>lacrymae:</strong></span> 
     </span>
    </p>
   </div>
   <div class='ocr_carea' id='block_1_5' title="bbox 2843 1303 2851 1706">
    <p class='ocr_par' dir='ltr' id='par_1_6' title="bbox 2843 1303 2851 1706">
     <span class='ocr_line' id='line_1_51' title="bbox 2843 1303 2851 1706; baseline 0 4353"><span class='ocrx_word' id='word_1_649' title='bbox 2843 1303 2851 1706; x_wconf 95' lang='lat' dir='ltr'><strong> </strong></span> 
     </span>
    </p>
   </div>
   <div class='ocr_carea' id='block_1_6' title="bbox 2842 1713 2850 2030">
    <p class='ocr_par' dir='ltr' id='par_1_7' title="bbox 2842 1713 2850 2030">
     <span class='ocr_line' id='line_1_52' title="bbox 2842 1713 2850 2030; baseline 0 4029"><span class='ocrx_word' id='word_1_650' title='bbox 2842 1713 2850 2030; x_wconf 95' lang='lat' dir='ltr'><strong> </strong></span> 
     </span>
    </p>
   </div>
   <div class='ocr_carea' id='block_1_7' title="bbox 2904 2480 4787 2569">
    <p class='ocr_par' dir='ltr' id='par_1_8' title="bbox 2904 2480 4787 2569">
     <span class='ocr_line' id='line_1_53' title="bbox 2904 2480 4787 2569; baseline -0.003 -19"><span class='ocrx_word' id='word_1_651' title='bbox 2904 2505 3026 2550; x_wconf 87' lang='lat' dir='ltr'><strong>nec</strong></span> <span class='ocrx_word' id='word_1_652' title='bbox 3049 2492 3429 2569; x_wconf 88' lang='lat' dir='ltr'><strong>agnoscant.</strong></span> <span class='ocrx_word' id='word_1_653' title='bbox 3474 2482 3579 2546; x_wconf 92' lang='lat' dir='ltr'><strong>Ita</strong></span> <span class='ocrx_word' id='word_1_654' title='bbox 3603 2483 3983 2564; x_wconf 90' lang='lat' dir='ltr'><strong>plerumque</strong></span> <span class='ocrx_word' id='word_1_655' title='bbox 4018 2480 4251 2548; x_wconf 90' lang='lat' dir='ltr'><strong>accidit</strong></span> <span class='ocrx_word' id='word_1_656' title='bbox 4298 2493 4369 2546; x_wconf 91' lang='lat' dir='ltr'><strong>ut</strong></span> <span class='ocrx_word' id='word_1_657' title='bbox 4418 2483 4531 2566; x_wconf 88' lang='lat' dir='ltr'><strong>qui</strong></span> <span class='ocrx_word' id='word_1_658' title='bbox 4567 2482 4787 2547; x_wconf 76' lang='lat' dir='ltr'><strong>admisso</strong></span> 
     </span>
    </p>
   </div>
   <div class='ocr_carea' id='block_1_8' title="bbox 2848 2503 2856 2759">
    <p class='ocr_par' dir='ltr' id='par_1_9' title="bbox 2848 2503 2856 2759">
     <span class='ocr_line' id='line_1_54' title="bbox 2848 2503 2856 2759; baseline 0 3300"><span class='ocrx_word' id='word_1_659' title='bbox 2848 2503 2856 2759; x_wconf 95' lang='lat' dir='ltr'><strong> </strong></span> 
     </span>
    </p>
   </div>
   <div class='ocr_carea' id='block_1_9' title="bbox 863 4277 4909 4377">
    <p class='ocr_par' dir='ltr' id='par_1_10' title="bbox 863 4277 4909 4377">
     <span class='ocr_line' id='line_1_55' title="bbox 863 4277 4909 4377; baseline -0.003 -19"><span class='ocrx_word' id='word_1_660' title='bbox 863 4302 1141 4377; x_wconf 87' lang='lat' dir='ltr'><strong>quntum</strong></span> <span class='ocrx_word' id='word_1_661' title='bbox 1222 4292 1635 4355; x_wconf 89' lang='lat' dir='ltr'><strong>innocentem</strong></span> <span class='ocrx_word' id='word_1_662' title='bbox 1718 4288 2051 4353; x_wconf 88' lang='lat' dir='ltr'><strong>hominem</strong></span> <span class='ocrx_word' id='word_1_663' title='bbox 2110 4288 2352 4353; x_wconf 89' lang='lat' dir='ltr'><strong>diceret</strong></span> <span class='ocrx_word' id='word_1_664' title='bbox 2410 4296 2477 4352; x_wconf 91' lang='lat' dir='ltr'><strong>et</strong></span> <span class='ocrx_word' id='word_1_665' title='bbox 2520 4290 2802 4371; x_wconf 82' lang='lat' dir='ltr'><strong>ingenue</strong></span> <span class='ocrx_word' id='word_1_666' title='bbox 2908 4289 3114 4369; x_wconf 92' lang='lat' dir='ltr'><strong>pietas</strong></span> <span class='ocrx_word' id='word_1_667' title='bbox 3173 4295 3324 4369; x_wconf 89' lang='lat' dir='ltr'><strong>agat</strong></span> <span class='ocrx_word' id='word_1_668' title='bbox 3381 4298 3459 4349; x_wconf 89' lang='lat' dir='ltr'><strong>ut</strong></span> <span class='ocrx_word' id='word_1_669' title='bbox 3518 4285 3762 4350; x_wconf 88' lang='lat' dir='ltr'><strong>bonum</strong></span> <span class='ocrx_word' id='word_1_670' title='bbox 3822 4284 4107 4351; x_wconf 88' lang='lat' dir='ltr'><strong>fructum</strong></span> <span class='ocrx_word' id='word_1_671' title='bbox 4152 4284 4427 4350; x_wconf 88' lang='lat' dir='ltr'><strong>adferat.</strong></span> <span class='ocrx_word' id='word_1_672' title='bbox 4520 4285 4678 4352; x_wconf 86' lang='lat' dir='ltr'><strong>Nam</strong></span> <span class='ocrx_word' id='word_1_673' title='bbox 4712 4277 4798 4346; x_wconf 71' lang='lat' dir='ltr'><strong>etsi</strong></span> <span class='ocrx_word' id='word_1_674' title='bbox 4908 4335 4909 4356; x_wconf 43' lang='lat'>2</span> 
     </span>
    </p>
   </div>
   <div class='ocr_carea' id='block_1_10' title="bbox 862 4369 4798 5320">
    <p class='ocr_par' dir='ltr' id='par_1_11' title="bbox 862 4369 4798 5063">
     <span class='ocr_line' id='line_1_56' title="bbox 863 4369 4798 4460; baseline -0.002 -17"><span class='ocrx_word' id='word_1_675' title='bbox 863 4379 1176 4443; x_wconf 88' lang='lat' dir='ltr'><strong>fateretur</strong></span> <span class='ocrx_word' id='word_1_676' title='bbox 1206 4377 1498 4460; x_wconf 86' lang='lat' dir='ltr'><strong>culpam:</strong></span> <span class='ocrx_word' id='word_1_677' title='bbox 1546 4396 1620 4440; x_wconf 89' lang='lat' dir='ltr'><strong>ac</strong></span> <span class='ocrx_word' id='word_1_678' title='bbox 1656 4373 1929 4458; x_wconf 88' lang='lat' dir='ltr'><strong>proinde</strong></span> <span class='ocrx_word' id='word_1_679' title='bbox 1971 4373 2168 4458; x_wconf 88' lang='lat' dir='ltr'><strong>longe</strong></span> <span class='ocrx_word' id='word_1_680' title='bbox 2213 4373 2673 4457; x_wconf 88' lang='lat' dir='ltr'><strong>anteponenda</strong></span> <span class='ocrx_word' id='word_1_681' title='bbox 2707 4381 2808 4437; x_wconf 91' lang='lat' dir='ltr'><strong>est</strong></span> <span class='ocrx_word' id='word_1_682' title='bbox 2908 4373 3146 4437; x_wconf 89' lang='lat' dir='ltr'><strong>millies</strong></span> <span class='ocrx_word' id='word_1_683' title='bbox 3189 4372 3271 4435; x_wconf 89' lang='lat' dir='ltr'><strong>ad</strong></span> <span class='ocrx_word' id='word_1_684' title='bbox 3318 4369 3535 4435; x_wconf 91' lang='lat' dir='ltr'><strong>Deum</strong></span> <span class='ocrx_word' id='word_1_685' title='bbox 3584 4370 3816 4436; x_wconf 89' lang='lat' dir='ltr'><strong>seriam</strong></span> <span class='ocrx_word' id='word_1_686' title='bbox 3866 4372 4361 4436; x_wconf 87' lang='lat' dir='ltr'><strong>conversionem</strong></span> <span class='ocrx_word' id='word_1_687' title='bbox 4412 4375 4798 4455; x_wconf 76' lang='lat' dir='ltr'><strong>profiteamur.</strong></span> 
     </span>
     <span class='ocr_line' id='line_1_57' title="bbox 862 4451 4798 4543; baseline -0.004 -14"><span class='ocrx_word' id='word_1_688' title='bbox 862 4465 988 4530; x_wconf 90' lang='lat' dir='ltr'><strong>ista</strong></span> <span class='ocrx_word' id='word_1_689' title='bbox 1011 4463 1234 4529; x_wconf 87' lang='lat' dir='ltr'><strong>Saulis</strong></span> <span class='ocrx_word' id='word_1_690' title='bbox 1269 4462 1588 4528; x_wconf 90' lang='lat' dir='ltr'><strong>confessio</strong></span> <span class='ocrx_word' id='word_1_691' title='bbox 1627 4468 1725 4525; x_wconf 87' lang='lat' dir='ltr'><strong>tot</strong></span> <span class='ocrx_word' id='word_1_692' title='bbox 1767 4460 2035 4526; x_wconf 89' lang='lat' dir='ltr'><strong>vocibus</strong></span> <span class='ocrx_word' id='word_1_693' title='bbox 2080 4461 2480 4543; x_wconf 90' lang='lat' dir='ltr'><strong>confirmata,</strong></span> <span class='ocrx_word' id='word_1_694' title='bbox 2526 4457 2803 4540; x_wconf 90' lang='lat' dir='ltr'><strong>simplici</strong></span> <span class='ocrx_word' id='word_1_695' title='bbox 2908 4469 2974 4524; x_wconf 91' lang='lat' dir='ltr'><strong>et</strong></span> <span class='ocrx_word' id='word_1_696' title='bbox 3033 4458 3195 4524; x_wconf 89' lang='lat' dir='ltr'><strong>vitia</strong></span> <span class='ocrx_word' id='word_1_697' title='bbox 3253 4456 3438 4522; x_wconf 89' lang='lat' dir='ltr'><strong>nobis</strong></span> <span class='ocrx_word' id='word_1_698' title='bbox 3494 4455 3836 4540; x_wconf 86' lang='lat' dir='ltr'><strong>displicere</strong></span> <span class='ocrx_word' id='word_1_699' title='bbox 3881 4465 4214 4536; x_wconf 89' lang='lat' dir='ltr'><strong>testemur,</strong></span> <span class='ocrx_word' id='word_1_700' title='bbox 4274 4458 4411 4523; x_wconf 89' lang='lat' dir='ltr'><strong>nisi</strong></span> <span class='ocrx_word' id='word_1_701' title='bbox 4459 4469 4669 4523; x_wconf 88' lang='lat' dir='ltr'><strong>tamen</strong></span> <span class='ocrx_word' id='word_1_702' title='bbox 4704 4451 4798 4516; x_wconf 72' lang='lat' dir='ltr'><strong>viu</strong></span> 
     </span>
     <span class='ocr_line' id='line_1_58' title="bbox 862 4541 4798 4630; baseline -0.002 -15"><span class='ocrx_word' id='word_1_703' title='bbox 862 4551 1127 4616; x_wconf 90' lang='lat' dir='ltr'><strong>illorum</strong></span> <span class='ocrx_word' id='word_1_704' title='bbox 1172 4548 1576 4624; x_wconf 83' lang='lat' dir='ltr'><strong>confessioni,</strong></span> <span class='ocrx_word' id='word_1_705' title='bbox 1622 4547 1734 4630; x_wconf 89' lang='lat' dir='ltr'><strong>qui</strong></span> <span class='ocrx_word' id='word_1_706' title='bbox 1779 4543 1983 4611; x_wconf 90' lang='lat' dir='ltr'><strong>verbo</strong></span> <span class='ocrx_word' id='word_1_707' title='bbox 2023 4566 2154 4613; x_wconf 87' lang='lat' dir='ltr'><strong>uno</strong></span> <span class='ocrx_word' id='word_1_708' title='bbox 2201 4546 2463 4612; x_wconf 84' lang='lat' dir='ltr'><strong>dicunt:</strong></span> <span class='ocrx_word' id='word_1_709' title='bbox 2531 4544 2807 4610; x_wconf 73' lang='lat' dir='ltr'><strong>Paenitet</strong></span> <span class='ocrx_word' id='word_1_710' title='bbox 2909 4542 3299 4627; x_wconf 88' lang='lat' dir='ltr'><strong>respondeat</strong></span> <span class='ocrx_word' id='word_1_711' title='bbox 3364 4541 3677 4626; x_wconf 86' lang='lat' dir='ltr'><strong>quidquid</strong></span> <span class='ocrx_word' id='word_1_712' title='bbox 3737 4563 3849 4607; x_wconf 92' lang='lat' dir='ltr'><strong>ore</strong></span> <span class='ocrx_word' id='word_1_713' title='bbox 3916 4543 4368 4626; x_wconf 88' lang='lat' dir='ltr'><strong>profitebimur</strong></span> <span class='ocrx_word' id='word_1_714' title='bbox 4441 4545 4711 4609; x_wconf 82' lang='lat' dir='ltr'><strong>dolosum</strong></span> <span class='ocrx_word' id='word_1_715' title='bbox 4754 4547 4798 4599; x_wconf 83' lang='lat' dir='ltr'><strong>et</strong></span> 
     </span>
     <span class='ocr_line' id='line_1_59' title="bbox 862 4626 4797 4718; baseline -0.004 -15"><span class='ocrx_word' id='word_1_716' title='bbox 862 4658 974 4703; x_wconf 83' lang='lat' dir='ltr'><strong>me.</strong></span> <span class='ocrx_word' id='word_1_717' title='bbox 1056 4636 1147 4699; x_wconf 86' lang='lat' dir='ltr'><strong>Et</strong></span> <span class='ocrx_word' id='word_1_718' title='bbox 1205 4653 1445 4718; x_wconf 89' lang='lat' dir='ltr'><strong>magna</strong></span> <span class='ocrx_word' id='word_1_719' title='bbox 1492 4633 1755 4700; x_wconf 90' lang='lat' dir='ltr'><strong>videtur</strong></span> <span class='ocrx_word' id='word_1_720' title='bbox 1795 4632 1912 4696; x_wconf 88' lang='lat' dir='ltr'><strong>illa</strong></span> <span class='ocrx_word' id='word_1_721' title='bbox 1956 4632 2156 4698; x_wconf 88' lang='lat' dir='ltr'><strong>fuisse</strong></span> <span class='ocrx_word' id='word_1_722' title='bbox 2202 4633 2429 4708; x_wconf 90' lang='lat' dir='ltr'><strong>virtus,</strong></span> <span class='ocrx_word' id='word_1_723' title='bbox 2476 4651 2610 4695; x_wconf 92' lang='lat' dir='ltr'><strong>non</strong></span> <span class='ocrx_word' id='word_1_724' title='bbox 2657 4651 2804 4695; x_wconf 88' lang='lat' dir='ltr'><strong>eru·</strong></span> <span class='ocrx_word' id='word_1_725' title='bbox 2909 4628 3398 4695; x_wconf 89' lang='lat' dir='ltr'><strong>fraudulentum</strong></span> <span class='ocrx_word' id='word_1_726' title='bbox 3454 4631 3599 4695; x_wconf 89' lang='lat' dir='ltr'><strong>erit.</strong></span> <span class='ocrx_word' id='word_1_727' title='bbox 3644 4626 4083 4708; x_wconf 67' lang='lat' dir='ltr'><strong>Quamobnem</strong></span> <span class='ocrx_word' id='word_1_728' title='bbox 4124 4629 4341 4693; x_wconf 91' lang='lat' dir='ltr'><strong>Deum</strong></span> <span class='ocrx_word' id='word_1_729' title='bbox 4393 4630 4647 4695; x_wconf 88' lang='lat' dir='ltr'><strong>ardenti</strong></span> <span class='ocrx_word' id='word_1_730' title='bbox 4684 4640 4797 4688; x_wconf 70' lang='lat' dir='ltr'><strong>vote</strong></span> 
     </span>
     <span class='ocr_line' id='line_1_60' title="bbox 863 4709 4795 4799; baseline -0.003 -11"><span class='ocrx_word' id='word_1_731' title='bbox 863 4723 1124 4788; x_wconf 91' lang='lat' dir='ltr'><strong>bescere</strong></span> <span class='ocrx_word' id='word_1_732' title='bbox 1185 4730 1282 4785; x_wconf 90' lang='lat' dir='ltr'><strong>tot</strong></span> <span class='ocrx_word' id='word_1_733' title='bbox 1312 4722 1601 4785; x_wconf 76' lang='lat' dir='ltr'><strong>&#39;testium</strong></span> <span class='ocrx_word' id='word_1_734' title='bbox 1653 4741 1786 4784; x_wconf 88' lang='lat' dir='ltr'><strong>ora.</strong></span> <span class='ocrx_word' id='word_1_735' title='bbox 1879 4716 2009 4784; x_wconf 86' lang='lat' dir='ltr'><strong>Sed</strong></span> <span class='ocrx_word' id='word_1_736' title='bbox 2055 4720 2180 4783; x_wconf 91' lang='lat' dir='ltr'><strong>ista</strong></span> <span class='ocrx_word' id='word_1_737' title='bbox 2222 4740 2354 4784; x_wconf 94' lang='lat' dir='ltr'><strong>non</strong></span> <span class='ocrx_word' id='word_1_738' title='bbox 2405 4717 2644 4781; x_wconf 87' lang='lat' dir='ltr'><strong>debent</strong></span> <span class='ocrx_word' id='word_1_739' title='bbox 2689 4736 2805 4780; x_wconf 93' lang='lat' dir='ltr'><strong>nos</strong></span> <span class='ocrx_word' id='word_1_740' title='bbox 2909 4736 3266 4799; x_wconf 90' lang='lat' dir='ltr'><strong>precemur,</strong></span> <span class='ocrx_word' id='word_1_741' title='bbox 3314 4724 3389 4780; x_wconf 90' lang='lat' dir='ltr'><strong>ut</strong></span> <span class='ocrx_word' id='word_1_742' title='bbox 3412 4735 3636 4780; x_wconf 90' lang='lat' dir='ltr'><strong>veram</strong></span> <span class='ocrx_word' id='word_1_743' title='bbox 3664 4715 4125 4797; x_wconf 89' lang='lat' dir='ltr'><strong>poenitentiam</strong></span> <span class='ocrx_word' id='word_1_744' title='bbox 4162 4735 4311 4780; x_wconf 89' lang='lat' dir='ltr'><strong>cum</strong></span> <span class='ocrx_word' id='word_1_745' title='bbox 4362 4709 4795 4799; x_wconf 49' lang='lat' dir='ltr'><strong>perseverant&amp;</strong></span> 
     </span>
     <span class='ocr_line' id='line_1_61' title="bbox 862 4799 4793 4889; baseline -0.003 -17"><span class='ocrx_word' id='word_1_746' title='bbox 862 4809 955 4872; x_wconf 92' lang='lat' dir='ltr'><strong>ita</strong></span> <span class='ocrx_word' id='word_1_747' title='bbox 1014 4826 1440 4889; x_wconf 87' lang='lat' dir='ltr'><strong>commovere,</strong></span> <span class='ocrx_word' id='word_1_748' title='bbox 1500 4815 1575 4870; x_wconf 86' lang='lat' dir='ltr'><strong>ut</strong></span> <span class='ocrx_word' id='word_1_749' title='bbox 1633 4806 1690 4871; x_wconf 90' lang='lat' dir='ltr'><strong>si</strong></span> <span class='ocrx_word' id='word_1_750' title='bbox 1748 4804 2154 4888; x_wconf 88' lang='lat' dir='ltr'><strong>quorundam</strong></span> <span class='ocrx_word' id='word_1_751' title='bbox 2199 4805 2526 4885; x_wconf 88' lang='lat' dir='ltr'><strong>lacrymas</strong></span> <span class='ocrx_word' id='word_1_752' title='bbox 2570 4799 2810 4867; x_wconf 86' lang='lat' dir='ltr'><strong>videri·</strong></span> <span class='ocrx_word' id='word_1_753' title='bbox 2911 4802 3101 4866; x_wconf 92' lang='lat' dir='ltr'><strong>nobis</strong></span> <span class='ocrx_word' id='word_1_754' title='bbox 3160 4801 3504 4883; x_wconf 83' lang='lat' dir='ltr'><strong>largiatur:</strong></span> <span class='ocrx_word' id='word_1_755' title='bbox 3566 4811 3641 4865; x_wconf 91' lang='lat' dir='ltr'><strong>ut</strong></span> <span class='ocrx_word' id='word_1_756' title='bbox 3699 4799 3963 4883; x_wconf 88' lang='lat' dir='ltr'><strong>linguae</strong></span> <span class='ocrx_word' id='word_1_757' title='bbox 4019 4802 4549 4884; x_wconf 88' lang='lat' dir='ltr'><strong>correspondeat,</strong></span> <span class='ocrx_word' id='word_1_758' title='bbox 4600 4809 4657 4864; x_wconf 89' lang='lat' dir='ltr'><strong>et</strong></span> <span class='ocrx_word' id='word_1_759' title='bbox 4704 4815 4793 4860; x_wconf 81' lang='lat' dir='ltr'><strong>non</strong></span> 
     </span>
     <span class='ocr_line' id='line_1_62' title="bbox 865 4875 4793 4976; baseline -0.004 -16"><span class='ocrx_word' id='word_1_760' title='bbox 865 4914 1029 4970; x_wconf 90' lang='lat' dir='ltr'><strong>mus,</strong></span> <span class='ocrx_word' id='word_1_761' title='bbox 1075 4894 1254 4976; x_wconf 90' lang='lat' dir='ltr'><strong>ipsos</strong></span> <span class='ocrx_word' id='word_1_762' title='bbox 1300 4891 1445 4956; x_wconf 90' lang='lat' dir='ltr'><strong>ideo</strong></span> <span class='ocrx_word' id='word_1_763' title='bbox 1490 4911 1843 4957; x_wconf 88' lang='lat' dir='ltr'><strong>conversos</strong></span> <span class='ocrx_word' id='word_1_764' title='bbox 1888 4891 2212 4955; x_wconf 84' lang='lat' dir='ltr'><strong>dicamus:</strong></span> <span class='ocrx_word' id='word_1_765' title='bbox 2271 4889 2386 4954; x_wconf 88' lang='lat' dir='ltr'><strong>sed</strong></span> <span class='ocrx_word' id='word_1_766' title='bbox 2432 4887 2648 4971; x_wconf 91' lang='lat' dir='ltr'><strong>potius</strong></span> <span class='ocrx_word' id='word_1_767' title='bbox 2691 4886 2802 4952; x_wconf 91' lang='lat' dir='ltr'><strong>ali·</strong></span> <span class='ocrx_word' id='word_1_768' title='bbox 2910 4889 3115 4954; x_wconf 88' lang='lat' dir='ltr'><strong>simus</strong></span> <span class='ocrx_word' id='word_1_769' title='bbox 3175 4887 3336 4952; x_wconf 89' lang='lat' dir='ltr'><strong>adeo</strong></span> <span class='ocrx_word' id='word_1_770' title='bbox 3394 4886 3572 4952; x_wconf 90' lang='lat' dir='ltr'><strong>leves</strong></span> <span class='ocrx_word' id='word_1_771' title='bbox 3633 4899 3698 4951; x_wconf 93' lang='lat' dir='ltr'><strong>et</strong></span> <span class='ocrx_word' id='word_1_772' title='bbox 3745 4888 4206 4962; x_wconf 85' lang='lat' dir='ltr'><strong>inconstantes,</strong></span> <span class='ocrx_word' id='word_1_773' title='bbox 4268 4899 4347 4951; x_wconf 89' lang='lat' dir='ltr'><strong>ut</strong></span> <span class='ocrx_word' id='word_1_774' title='bbox 4396 4899 4709 4954; x_wconf 86' lang='lat' dir='ltr'><strong>momento</strong></span> <span class='ocrx_word' id='word_1_775' title='bbox 4741 4875 4793 4944; x_wconf 71' lang='lat' dir='ltr'><strong>ad</strong></span> 
     </span>
     <span class='ocr_line' id='line_1_63' title="bbox 864 4972 4527 5063; baseline -0.002 -19"><span class='ocrx_word' id='word_1_776' title='bbox 864 4980 1243 5063; x_wconf 90' lang='lat' dir='ltr'><strong>quantisper</strong></span> <span class='ocrx_word' id='word_1_777' title='bbox 1288 4976 1833 5060; x_wconf 86' lang='lat' dir='ltr'><strong>exspectandum,</strong></span> <span class='ocrx_word' id='word_1_778' title='bbox 1895 4976 2098 5041; x_wconf 90' lang='lat' dir='ltr'><strong>donec</strong></span> <span class='ocrx_word' id='word_1_779' title='bbox 2144 4976 2359 5040; x_wconf 88' lang='lat' dir='ltr'><strong>exitus</strong></span> <span class='ocrx_word' id='word_1_780' title='bbox 2403 4995 2569 5057; x_wconf 89' lang='lat' dir='ltr'><strong>quae</strong></span> <span class='ocrx_word' id='word_1_781' title='bbox 2603 4973 2807 5038; x_wconf 88' lang='lat' dir='ltr'><strong>fuerit</strong></span> <span class='ocrx_word' id='word_1_782' title='bbox 2910 4995 2987 5039; x_wconf 90' lang='lat' dir='ltr'><strong>ea</strong></span> <span class='ocrx_word' id='word_1_783' title='bbox 3030 4994 3193 5058; x_wconf 91' lang='lat' dir='ltr'><strong>quae</strong></span> <span class='ocrx_word' id='word_1_784' title='bbox 3238 4974 3422 5055; x_wconf 89' lang='lat' dir='ltr'><strong>prius</strong></span> <span class='ocrx_word' id='word_1_785' title='bbox 3466 4972 4041 5038; x_wconf 90' lang='lat' dir='ltr'><strong>condemnavimus</strong></span> <span class='ocrx_word' id='word_1_786' title='bbox 4090 4985 4527 5038; x_wconf 86' lang='lat' dir='ltr'><strong>revertamur.</strong></span> 
     </span>
    </p>

    <p class='ocr_par' dir='ltr' id='par_1_12' title="bbox 865 5055 4789 5320">
     <span class='ocr_line' id='line_1_64' title="bbox 871 5055 4789 5147; baseline -0.002 -18"><span class='ocrx_word' id='word_1_787' title='bbox 871 5085 1057 5129; x_wconf 91' lang='lat' dir='ltr'><strong>mens</strong></span> <span class='ocrx_word' id='word_1_788' title='bbox 1078 5065 1367 5147; x_wconf 85' lang='lat' dir='ltr'><strong>ipsorum</strong></span> <span class='ocrx_word' id='word_1_789' title='bbox 1394 5063 1766 5145; x_wconf 88' lang='lat' dir='ltr'><strong>patefaciat:</strong></span> <span class='ocrx_word' id='word_1_790' title='bbox 1808 5062 2197 5127; x_wconf 90' lang='lat' dir='ltr'><strong>simulatene</strong></span> <span class='ocrx_word' id='word_1_791' title='bbox 2233 5083 2317 5126; x_wconf 90' lang='lat' dir='ltr'><strong>an</strong></span> <span class='ocrx_word' id='word_1_792' title='bbox 2356 5081 2512 5126; x_wconf 91' lang='lat' dir='ltr'><strong>vero</strong></span> <span class='ocrx_word' id='word_1_793' title='bbox 2549 5061 2805 5143; x_wconf 87' lang='lat' dir='ltr'><strong>integre</strong></span> <span class='ocrx_word' id='word_1_794' title='bbox 3085 5059 3398 5142; x_wconf 86' lang='lat' dir='ltr'><strong>Sequitur</strong></span> <span class='ocrx_word' id='word_1_795' title='bbox 3455 5056 3759 5140; x_wconf 87' lang='lat' dir='ltr'><strong>deinceps</strong></span> <span class='ocrx_word' id='word_1_796' title='bbox 3817 5055 4087 5123; x_wconf 90' lang='lat' dir='ltr'><strong>Saulem</strong></span> <span class='ocrx_word' id='word_1_797' title='bbox 4146 5058 4469 5126; x_wconf 84' lang='lat' dir='ltr'><strong>adversus</strong></span> <span class='ocrx_word' id='word_1_798' title='bbox 4528 5080 4597 5126; x_wconf 84' lang='lat' dir='ltr'><strong>ss</strong></span> <span class='ocrx_word' id='word_1_799' title='bbox 4632 5057 4789 5140; x_wconf 71' lang='lat' dir='ltr'><strong>ipsum</strong></span> 
     </span>
     <span class='ocr_line' id='line_1_65' title="bbox 868 5137 4787 5233; baseline -0.003 -18"><span class='ocrx_word' id='word_1_800' title='bbox 868 5160 936 5215; x_wconf 91' lang='lat' dir='ltr'><strong>et</strong></span> <span class='ocrx_word' id='word_1_801' title='bbox 993 5151 1238 5215; x_wconf 88' lang='lat' dir='ltr'><strong>sincere</strong></span> <span class='ocrx_word' id='word_1_802' title='bbox 1295 5170 1436 5215; x_wconf 87' lang='lat' dir='ltr'><strong>sese</strong></span> <span class='ocrx_word' id='word_1_803' title='bbox 1478 5149 1821 5233; x_wconf 89' lang='lat' dir='ltr'><strong>gesserint.</strong></span> <span class='ocrx_word' id='word_1_804' title='bbox 1913 5150 2005 5212; x_wconf 86' lang='lat' dir='ltr'><strong>At</strong></span> <span class='ocrx_word' id='word_1_805' title='bbox 2049 5146 2103 5211; x_wconf 93' lang='lat' dir='ltr'><strong>si</strong></span> <span class='ocrx_word' id='word_1_806' title='bbox 2148 5168 2279 5212; x_wconf 91' lang='lat' dir='ltr'><strong>non</strong></span> <span class='ocrx_word' id='word_1_807' title='bbox 2325 5147 2536 5229; x_wconf 90' lang='lat' dir='ltr'><strong>primo</strong></span> <span class='ocrx_word' id='word_1_808' title='bbox 2581 5146 2802 5211; x_wconf 87' lang='lat' dir='ltr'><strong>statim</strong></span> <span class='ocrx_word' id='word_1_809' title='bbox 2911 5148 3307 5209; x_wconf 88' lang='lat' dir='ltr'><strong>sententiam</strong></span> <span class='ocrx_word' id='word_1_810' title='bbox 3371 5143 3598 5209; x_wconf 87' lang='lat' dir='ltr'><strong>tulisse</strong></span> <span class='ocrx_word' id='word_1_811' title='bbox 3645 5143 3746 5208; x_wconf 91' lang='lat' dir='ltr'><strong>his</strong></span> <span class='ocrx_word' id='word_1_812' title='bbox 3792 5144 4039 5209; x_wconf 86' lang='lat' dir='ltr'><strong>verbis:</strong></span> <span class='ocrx_word' id='word_1_813' title='bbox 4100 5144 4432 5211; x_wconf 70' lang='lat' dir='ltr'><strong>Dominus</strong></span> <span class='ocrx_word' id='word_1_814' title='bbox 4474 5145 4683 5212; x_wconf 66' lang='lat' dir='ltr'><strong>reddat</strong></span> <span class='ocrx_word' id='word_1_815' title='bbox 4713 5137 4787 5204; x_wconf 60' lang='lat' dir='ltr'><strong>ab</strong></span> 
     </span>
     <span class='ocr_line' id='line_1_66' title="bbox 865 5228 4789 5320; baseline -0.002 -18"><span class='ocrx_word' id='word_1_816' title='bbox 865 5245 1161 5320; x_wconf 91' lang='lat' dir='ltr'><strong>tempore</strong></span> <span class='ocrx_word' id='word_1_817' title='bbox 1196 5235 1457 5300; x_wconf 83' lang='lat' dir='ltr'><strong>illorum</strong></span> <span class='ocrx_word' id='word_1_818' title='bbox 1489 5234 1894 5299; x_wconf 88' lang='lat' dir='ltr'><strong>admittenda</strong></span> <span class='ocrx_word' id='word_1_819' title='bbox 1924 5241 2023 5298; x_wconf 91' lang='lat' dir='ltr'><strong>est</strong></span> <span class='ocrx_word' id='word_1_820' title='bbox 2058 5234 2454 5316; x_wconf 87' lang='lat' dir='ltr'><strong>poenitentia</strong></span> <span class='ocrx_word' id='word_1_821' title='bbox 2490 5241 2802 5314; x_wconf 88' lang='lat' dir='ltr'><strong>tanquam</strong></span> <span class='ocrx_word' id='word_1_822' title='bbox 2911 5231 3139 5296; x_wconf 78' lang='lat' dir='ltr'><strong>bonum</strong></span> <span class='ocrx_word' id='word_1_823' title='bbox 3184 5250 3309 5313; x_wconf 78' lang='lat' dir='ltr'><strong>pro</strong></span> <span class='ocrx_word' id='word_1_824' title='bbox 3375 5250 3439 5294; x_wconf 80' lang='lat' dir='ltr'><strong>eo</strong></span> <span class='ocrx_word' id='word_1_825' title='bbox 3481 5230 3644 5313; x_wconf 77' lang='lat' dir='ltr'><strong>quod</strong></span> <span class='ocrx_word' id='word_1_826' title='bbox 3687 5228 3873 5295; x_wconf 74' lang='lat' dir='ltr'><strong>hodie</strong></span> <span class='ocrx_word' id='word_1_827' title='bbox 3914 5235 4202 5313; x_wconf 72' lang='lat' dir='ltr'><strong>operatus</strong></span> <span class='ocrx_word' id='word_1_828' title='bbox 4242 5252 4309 5297; x_wconf 73' lang='lat' dir='ltr'><strong>ee</strong></span> <span class='ocrx_word' id='word_1_829' title='bbox 4352 5232 4430 5298; x_wconf 67' lang='lat' dir='ltr'><strong>in</strong></span> <span class='ocrx_word' id='word_1_830' title='bbox 4474 5252 4581 5298; x_wconf 78' lang='lat' dir='ltr'><strong>me.</strong></span> <span class='ocrx_word' id='word_1_831' title='bbox 4660 5229 4789 5294; x_wconf 67' lang='lat' dir='ltr'><strong>Deus</strong></span> 
     </span>
    </p>
   </div>
   <div class='ocr_carea' id='block_1_11' title="bbox 4901 308 4924 6014">
    <p class='ocr_par' dir='ltr' id='par_1_13' title="bbox 4901 308 4924 6014">
     <span class='ocr_line' id='line_1_67' title="bbox 4901 308 4924 6014; baseline 0 0"><span class='ocrx_word' id='word_1_832' title='bbox 4901 308 4924 6014; x_wconf 95' lang='lat' dir='ltr'><strong> </strong></span> 
     </span>
    </p>
   </div>
  </div>
 </body>
</html>
