5059 6059
294 307 408 371 477

291 493 589 560 videntur
645 493 715 558 in
759 493 908 558 illas
951 512 1094 558 sese
1139 493 1218 558 de
1263 492 1588 558 industria
1641 495 1852 579 magis
1895 516 1968 561 ac
2015 495 2226 579 magis

285 583 685 664 immergere,
709 579 890 646 velut
913 579 982 642 in
996 579 1377 645 fasciculum
1403 579 1780 664 colligentes
1802 600 2225 663 quaecunque

285 688 323 731 a
368 667 485 733 Dei
544 665 754 749 gratia
808 675 874 729 et
915 665 1137 730 favore
1201 674 1475 748 possunt
1516 666 1692 748 ipsos
1740 667 2091 745 abducere,
2158 674 2226 731 et

281 753 348 816 in
407 750 709 830 abyssum
757 752 1064 816 tristitiae
1110 750 1490 831 detrudere,
1556 761 1633 816 ut
1688 749 1953 817 tandem
1997 752 2066 816 in
2115 751 2224 817 de-

282 838 714 922 sperationem
760 837 1061 915 veniant;
1119 843 1188 902 et
1229 837 1485 902 nullum
1530 837 1814 920 amplius
1861 838 2076 902 locum
2120 858 2222 902 re-

280 922 574 1006 linquant
639 923 1185 989 consolationibus
1249 944 1335 988 ex
1393 924 1731 1006 evangelio
1799 921 2221 1007 depromptis,

276 1029 480 1091 neque
526 1010 824 1091 precibus
867 1006 948 1073 ad
994 1008 1213 1072 Deum
1260 1009 1656 1092 confugiant.
1717 1009 1948 1091 Itaque
1995 1009 2220 1092 despe-

273 1096 542 1160 rationis
607 1094 782 1177 pleni
847 1094 1059 1159 solent
1118 1093 1383 1171 eiulari,
1441 1115 1546 1159 me
1609 1096 1954 1174 miserum,
2021 1118 2057 1158 o
2118 1116 2222 1160 me

271 1179 631 1265 perditum,
687 1202 725 1244 o
786 1201 889 1245 me
934 1200 972 1243 a
1017 1178 1163 1244 Deo
1207 1181 1538 1246 reiectum.
1629 1180 1761 1246 Sed
1815 1201 1978 1264 quae
2022 1200 2223 1246 causa

270 1277 366 1331 est
421 1265 617 1331 istius
661 1264 1170 1349 perturbationis
1214 1274 1281 1330 et
1325 1267 1828 1349 desperationis,
1875 1267 1999 1331 nisi
2046 1266 2217 1349 quod

268 1352 533 1435 ipsimet
589 1373 729 1417 seso
775 1352 843 1416 in
890 1351 1154 1434 laqueos
1209 1352 1370 1417 istos
1414 1353 1588 1417 ultro
1634 1351 1992 1418 inducunt?
2084 1352 2219 1417 Alii

266 1458 422 1502 vero
490 1438 756 1502 fanatici
800 1437 1134 1517 homines,
1193 1459 1394 1520 quum
1440 1437 1692 1520 aliquas
1736 1460 1956 1502 rerum
2002 1450 2218 1503 muta-

265 1524 476 1589 tiones
514 1525 829 1603 sentiunt,
865 1531 1175 1605 tanquam
1211 1523 1592 1606 prophetico
1614 1523 1740 1587 Dei
1766 1525 1997 1606 spiritu
2023 1522 2217 1606 pleni,

261 1610 479 1675 nescio
540 1630 703 1691 quae
759 1608 882 1674 sibi
942 1608 1196 1673 somnia
1237 1610 1534 1693 fingunt,
1592 1610 1826 1691 quibus
1887 1611 2097 1694 magis
2141 1629 2215 1675 ac

260 1695 471 1779 magis
546 1694 1001 1776 implicantur,
1076 1694 1231 1759 olim
1287 1716 1327 1760 a
1385 1695 1528 1760 Deo
1587 1698 1887 1761 meritam
1946 1715 2213 1760 suorum

255 1781 579 1846 factorum
649 1779 1013 1845 mercedem
1073 1781 1416 1863 recepturi.
1510 1781 1832 1847 Davidem
1896 1802 2049 1847 vero
2118 1781 2214 1846 vi-

257 1868 486 1933 demus
548 1867 620 1930 in
680 1865 809 1932 illis
852 1867 987 1932 suis
1046 1867 1523 1932 calamitatibus
1568 1888 1606 1930 a
1649 1867 1899 1952 gratiae
1942 1865 2071 1932 Dei
2116 1886 2215 1931 co-

253 1953 575 2038 gitatione
630 1973 759 2016 non
808 1952 1182 2017 recessisse:
1245 1973 1455 2035 neque
1517 1974 1635 2017 sua
1696 1954 1866 2018 mala
1911 1953 2214 2036 graviora

250 2039 517 2115 fecisse,
580 2058 791 2120 neque
833 2039 956 2103 sibi
1002 2036 1085 2103 ad
1129 2037 1259 2101 Dei
1305 2041 1585 2122 gratiam
1629 2037 1931 2122 precibus
1974 2038 2211 2105 sollici-

253 2122 528 2190 tandam
576 2122 825 2188 aditum
887 2124 1347 2207 praeclusisse,
1405 2125 1516 2189 sed
1565 2125 1643 2188 ad
1691 2125 1912 2189 Deum
1955 2145 2212 2207 semper

250 2210 721 2277 assurrexisse.
783 2210 1011 2293 Neque
1048 2231 1203 2274 vero
1237 2231 1395 2274 sane
1432 2210 1794 2275 humanum
1829 2232 1990 2294 opus
2033 2210 2207 2275 istud

246 2297 449 2361 fuisse
511 2296 860 2361 dicendum
907 2305 1036 2373 est,
1085 2294 1198 2360 sed
1245 2295 1541 2360 divinum
1593 2300 1847 2378 potius,
1888 2296 2208 2379 siquidem

247 2383 467 2447 Deum
518 2382 813 2464 oportuit
855 2394 1082 2447 sancto
1131 2402 1249 2445 suo
1294 2382 1528 2464 spiritu
1572 2382 1899 2447 Davidem
1960 2402 2208 2465 regere.

243 2467 732 2533 Verumtamen
810 2467 1004 2532 etiam
1075 2487 1503 2550 agnoscamus
1561 2468 1779 2532 Deum
1861 2488 1996 2532 non
2068 2490 2208 2534 esse

242 2554 667 2637 tentandum,
714 2573 926 2635 neque
969 2554 1249 2636 gratiam
1295 2554 1500 2636 ipsius
1544 2565 1770 2619 nostra
1807 2554 2208 2638 negligentia

240 2638 720 2705 suffocandam.
810 2637 1062 2703 Idcirco
1128 2638 1375 2703 Paulus
1443 2638 1665 2704 fideles
1731 2639 2062 2717 hortatur,
2131 2648 2208 2705 ιιι

236 2726 526 2791 salutem
589 2744 776 2790 suam
839 2745 990 2789 cum
1058 2725 1288 2789 timore
1355 2733 1421 2789 et
1488 2736 1767 2791 tremore
1828 2727 2204 2809 perficiant:

237 2810 412 2895 quod
471 2811 671 2875 Deus
730 2812 815 2875 sit
872 2810 937 2875 in
1001 2809 1205 2874 nobis.
1296 2809 1474 2891 Quid
1537 2831 1696 2884 ,vero
1753 2811 1961 2876 Paule
2025 2811 2207 2892 dicis,

236 2908 556 2981 oportere
595 2894 818 2961 fideles
853 2896 1131 2961 salutem
1167 2917 1354 2961 suam
1394 2897 1722 2978 perficere,
1770 2895 1939 2979 quod
1978 2917 2208 2963 omnes

235 2983 572 3048 humanos
620 2981 797 3046 vires
845 2982 1040 3065 longe
1083 2981 1400 3065 superat?
1472 2987 1563 3047 At
1599 3004 1726 3047 non
1764 2984 1887 3065 ipsi
1926 2982 2205 3048 salutem

232 3080 544 3135 nostram
613 3069 924 3150 perficere
982 3069 1318 3147 iubemur,
1400 3067 1513 3133 sed
1579 3069 1866 3135 officium
1930 3070 2206 3152 quisque

233 3176 435 3220 suum
483 3156 724 3220 facere.
804 3153 978 3218 Nam
1024 3164 1091 3218 et
1132 3154 1272 3236 ipse
1307 3153 1787 3220 Paulus·docet
1830 3155 2203 3237 superbiam

234 3241 608 3306 maximam
647 3247 715 3304 et
749 3239 1192 3324 arrogantiam
1240 3241 1397 3324 fore,
1443 3239 1498 3305 si
1545 3261 1663 3305 nos
1708 3242 1880 3322 ipsos
1925 3240 2205 3305 salutem

235 3337 544 3393 nostram
606 3325 817 3391 facere
861 3347 1050 3409 posse
1094 3326 1526 3392 crederemus.
1617 3326 1795 3408 Quid
1841 3327 1935 3391 ita
1992 3326 2201 3392 vero?

231 3412 499 3498 Nempe
538 3410 711 3495 quod
749 3431 788 3475 a
825 3412 1009 3477 nobis
1053 3413 1210 3495 ipsis
1253 3411 1419 3476 nihil
1463 3432 1828 3496 possumus,
1873 3410 1988 3476 sed
2025 3413 2204 3478 Deus

225 3500 461 3564 omnia
507 3499 583 3562 in
653 3495 956 3562 omnibus
1011 3497 1183 3563 facit.
1273 3496 1710 3578 Quamobrem
1771 3519 2205 3582 agnoscamus

228 3605 350 3650 nos
389 3606 430 3650 a
471 3582 666 3648 nobis
701 3583 860 3665 ipsis
897 3583 1063 3647 nihil
1101 3603 1312 3667 posse,
1358 3583 1615 3666 quando
1659 3583 1922 3666 quidem
1968 3598 2203 3650 natura

225 3691 470 3737 sumus
522 3669 609 3735 ad
657 3690 849 3733 omne
896 3671 1134 3734 bonum
1181 3670 1421 3752 inepti:
1480 3670 1591 3733 sed
1640 3669 1859 3735 Deum
1903 3670 1973 3734 in
2020 3669 2202 3736 nobis

225 3758 523 3840 operari,
599 3754 822 3835 Quare
860 3776 976 3820 nos
1013 3756 1135 3838 ipsi
1172 3756 1542 3837 offeramus,
1585 3766 1651 3820 et
1692 3776 1893 3839 quum
1931 3757 2203 3838 propius

226 3842 519 3920 accedit,
568 3862 654 3905 ne
700 3840 781 3904 ab
825 3842 965 3922 ipso
1008 3841 1394 3906 resiliamus.
1887 3883 1896 3894 ·

404 3928 775 3995 Caeterum
844 3927 950 3993 hic
1014 3928 1255 3991 iterum
1320 3947 1478 4010 erga
1520 3927 1849 3991 Davidem
1910 3928 2203 3992 notanda

212 4012 660 4098 providentia
706 4012 949 4078 divina.
1011 4012 1183 4077 Nam
1228 4011 1509 4078 Davidis
1554 4011 1813 4095 quidem
1860 4012 2198 4078 hominum

211 4103 552 4186 opinione
591 4100 935 4182 desperata
972 4099 1149 4164 salus
1190 4109 1348 4176 erat,
1394 4113 1459 4163 ct
1496 4097 1575 4164 de
1610 4099 1816 4182 ipsius
1860 4098 2006 4164 vita
2046 4119 2199 4163 con-

215 4186 639 4253 clamatum:
682 4183 797 4250 sed
841 4183 1031 4250 illum
1067 4193 1289 4250 tamen
1323 4183 1509 4250 Deus
1552 4185 1888 4250 variarum
1933 4185 2197 4286 calam}-

213 4281 442 4339 tatum
496 4271 795 4336 examini
825 4270 922 4336 ita
958 4271 1251 4346 subiecit,
1297 4279 1373 4335 ut
1413 4289 1615 4334 manu
1659 4292 1778 4335 sua
1821 4281 2197 4353 protexerit.

215 4358 428 4438 Nam,
509 4357 816 4435 obsecro,
882 4357 1036 4439 quid
1095 4356 1392 4439 impediit
1449 4357 1796 4438 quominus
1840 4358 1908 4422 in
1955 4355 2200 4439 Saulis,

211 4458 354 4511 tam
433 4462 799 4509 numeroso
868 4444 1158 4509 exercitu
1223 4443 1561 4518 instructi,
1642 4464 1910 4507 manum
1977 4442 2198 4509 David

213 4532 518 4608 veniret,
586 4548 779 4611 quem
837 4530 1131 4594 sexcenti
1177 4538 1431 4594 tantum
1489 4528 1613 4592 viri
1672 4529 2199 4595 comitabantur?

211 4617 405 4700 Quid
445 4614 640 4681 enim
669 4625 804 4678 tam
828 4616 1020 4697 pauci
1044 4614 1357 4681 adversus
1388 4623 1635 4679 tantam
1661 4613 2199 4680 multitudinem?

212 4704 408 4771 Sane
459 4699 696 4766 David
756 4702 955 4766 etiam
1015 4700 1253 4765 idcirco
1307 4720 1440 4765 non
1482 4720 1554 4765 se
1596 4699 1679 4765 ad
1725 4700 2043 4783 praelium
2089 4722 2198 4784 ap·

212 4788 530 4875 paravit:
598 4785 711 4851 sed
770 4807 1031 4851 omnem
1086 4786 1317 4851 salutis
1356 4807 1516 4851 suae
1559 4807 1742 4869 spem
1800 4786 1871 4850 in
1916 4786 2204 4853 latibulis

211 4885 283 4942 et
345 4876 528 4959 fuga
591 4872 949 4937 constituit.
1029 4870 1248 4937 Deum
1306 4873 1508 4955 igitur
1552 4893 1750 4938 manu
1795 4893 1916 4938 sua
1957 4873 2205 4939 texisse

211 4960 578 5029 Davidem
659 4969 962 5042 apparet,
1044 4967 1111 5023 et
1188 4955 1453 5024 Saulem
1537 4978 1956 5025 excaecasse:
2032 4960 2204 5041 quod

209 5049 545 5132 pluribus
605 5041 765 5109 locis
804 5043 1021 5111 David
1081 5045 1413 5127 agnoscit:
1478 5044 1857 5127 nullamque
1914 5043 2041 5109 sibi
2099 5065 2204 5111 sa-

210 5134 390 5201 lutis
423 5150 628 5217 spem
663 5131 1061 5214 superfuisse
1090 5129 1351 5207 fatetur,
1390 5130 1515 5195 nisi
1545 5130 1615 5195 in
1654 5131 1887 5196 umbra
1911 5129 2204 5196 Domini.

211 5217 697 5303 Quamobrem
744 5236 1047 5283 arcanam
1081 5215 1212 5280 Dei
1249 5215 1727 5298 providentiam
1754 5216 2206 5299 suspiciamus,

1557 306 1657 372 IN
1702 306 1757 372 Ι.
1804 305 1985 371 LIB.
2032 304 2438 372 SAMUEL.
2484 305 2685 372 OAP.
2735 305 3005 372 XXIII.

4152 305 4278 370 478

2331 513 2600 572 suorum
2645 493 2921 560 salutem
2969 495 3416 577 promoventis
3459 501 3525 560 et
3569 515 3686 577 pro
3730 494 3890 577 ipsis
3925 493 4280 578 vigilantis,

2329 579 2645 661 quamdiu
2680 580 2778 644 illi
2816 578 2923 645 vel
2947 581 3284 645 dormiunt
3325 581 3423 646 vel
3456 581 3782 646 incautius
3816 592 4041 664 agunt.
4088 580 4278 657 Nam,

2330 665 2614 747 exempli
2677 666 2922 750 gratia,
2990 665 3213 731 David
3278 666 3543 749 quidem
3616 667 3932 730 rationem
3995 665 4279 748 aliquam

2330 750 2651 815 evadendi
2687 761 2999 835 sequutus
3036 762 3154 831 est,
3199 773 3402 835 quum
3448 752 3685 818 dicitur
3729 752 3812 817 ab
3856 772 3988 816 uno
4034 752 4279 817 montis

2329 836 2534 901 latere
2594 838 2825 917 fuisse,
2893 835 3054 903 Saul
3122 848 3340 902 autem
3400 859 3546 904 cum
3617 837 3753 903 suis
3810 837 4129 902 militibus
4195 837 4277 902 ab

2328 922 2567 987 altero:
2627 921 2788 987 adeo
2849 933 2926 988 ut
2968 943 3225 1006 semper
3269 925 3434 989 alter
3477 924 3665 989 alteri
3711 934 3881 988 esset
3925 923 4276 1005 oppositus,

2326 1019 2786 1074 verumtamen
2810 1030 3011 1091 quum
3043 1017 3178 1073 tam
3208 1031 3594 1075 numerosus
3631 1019 3802 1074 esset
3834 1007 4051 1075 Saulis
4086 1029 4275 1073 exer·

2327 1094 2529 1173 citus,
2591 1096 2801 1177 potuit
2862 1105 3075 1159 totum
3134 1104 3421 1161 montem
3478 1096 3908 1172 circumdare,
3973 1094 4274 1177 viamque

2325 1179 2574 1245 Davidi
2612 1180 3049 1263 praecludere,
3097 1192 3161 1245 et
3197 1182 3370 1245 intra
3407 1183 3648 1246 montis
3683 1182 3901 1246 fauces
3938 1179 4271 1245 claudere:

2324 1286 2397 1332 ac
2455 1266 2732 1349 proin'de
2777 1287 2904 1331 non
2952 1287 3072 1331 sua
3119 1268 3180 1332 vi
3225 1267 3549 1332 Davidem
3596 1267 3914 1347 evasisse,
3969 1266 4082 1331 sed
4126 1274 4273 1332 tan·

2322 1372 2516 1434 quam
2562 1374 2598 1416 e
2642 1353 2942 1436 sepulcro
2987 1351 3291 1417 eductum
3339 1354 3536 1418 fuisse
3582 1363 3857 1434 apparet
3901 1353 4097 1416 unius
4140 1351 4273 1417 Dei

2322 1437 2661 1520 praesidi0.
2752 1437 2971 1503 David
3032 1438 3207 1502 enim
3270 1438 3336 1501 in
3395 1439 3703 1503 humanis
3762 1439 3958 1502 rebus
4012 1436 4273 1519 aliquod

2320 1523 2715 1606 praesidium
2764 1545 3117 1606 quaerens,
3175 1524 3431 1588 nullum
3485 1523 3661 1587 aliud
3709 1524 4118 1607 praesentius
4163 1523 4276 1587 ha-

2321 1609 2462 1674 buit
2520 1629 2713 1692 quam
2784 1630 2925 1675 sese
2986 1611 3055 1673 in
3116 1610 3495 1692 speluncam
3556 1607 3828 1688 abdere,
3886 1621 3950 1675 et
4008 1609 4275 1674 latebris

2319 1694 2448 1760 illis
2491 1697 2693 1760 vitam
2732 1697 2919 1775 tueri,
2966 1695 3058 1761 sic
3103 1704 3322 1760 tamen
3368 1696 3549 1778 quasi
3597 1695 3899 1760 vivorum
3947 1695 4273 1760 consortio

2317 1780 2654 1863 expulsus,
2698 1781 3198 1863 quemamodum
3245 1802 3446 1862 supra
3492 1779 3804 1861 vidimus,
3850 1779 4271 1863 quamobrem

2318 1886 2520 1948 quum
2567 1866 2753 1931 Deus
2813 1867 2999 1931 illum
3062 1888 3144 1932 ex
3190 1869 3393 1932 tantis
3452 1865 3757 1949 periculis
3815 1866 4085 1949 eripuit,
4142 1887 4270 1930 non

2319 1962 2575 2017 tantum
2621 1972 2660 2016 a
2705 1963 2934 2029 morte,
2982 1952 3096 2017 sed
3144 1974 3182 2016 a
3226 1953 3554 2018 sexcentis
3598 1952 3918 2017 mortibus
3953 1952 4271 2017 liberavit.

2316 2038 2407 2102 Et
2464 2038 2714 2121 species
2758 2037 3071 2120 quaedam
3132 2038 3628 2104 resurrectionis
3684 2039 3815 2103 fuit
3865 2038 4119 2102 eductio
4163 2037 4277 2100 illa

2317 2146 2401 2188 ex
2445 2125 2758 2206 spelunca
2805 2135 3110 2207 tanquam
3158 2146 3195 2188 e
3237 2123 3551 2207 sepulcr0,
3602 2134 3667 2190 et
3711 2127 3885 2188 vitae
3923 2122 4270 2188 restitutio,

2314 2209 2413 2275 Ac
2458 2231 2619 2274 sane
2662 2209 2815 2292 quid
2861 2211 3116 2274 miseris
3164 2211 3287 2275 Dei
3331 2209 3487 2274 filiis
3531 2211 3746 2294 fieret,
3801 2210 3922 2275 nisi
3968 2209 4151 2274 Deus
4187 2208 4267 2273 il·

2312 2294 2523 2359 lorum
2558 2294 3024 2361 misereretur?
3070 2296 3211 2362 Nae
3239 2295 3530 2379 ipsorum
3563 2295 3843 2362 conditio
3866 2295 4265 2377 reliquarum

2314 2383 2610 2446 omnium
2647 2394 3095 2448 creaturarum
3135 2381 3327 2466 longe
3364 2382 3647 2447 deterior
3680 2390 3871 2447 esset.
3939 2380 4075 2445 Imo
4111 2378 4268 2463 quid

2313 2466 2619 2532 omnibus
2646 2467 3107 2544 animantibus,
3136 2482 3201 2531 et
3230 2467 3422 2533 rebus
3452 2469 3756 2533 omnibus
3789 2466 4024 2532 creatis
4062 2467 4266 2544 fieret,

2313 2552 2439 2617 nisi
2476 2551 2663 2619 Deus
2698 2574 2818 2618 sua
2861 2553 3269 2636 providentia
3314 2554 3631 2619 mundum
3673 2552 3975 2636 regeret?
4036 2552 4268 2633 Neque

2312 2639 2486 2703 enim
2546 2639 2815 2704 fortuito
2873 2640 3135 2722 pluviae
3194 2638 3541 2703 decidunt:
3612 2660 3825 2722 neque
3877 2647 4121 2704 temere
4166 2659 4269 2702 ar·
4386 2652 4390 2656 “

2309 2723 2500 2789 bores
2544 2724 2795 2791 fructus
2840 2747 2991 2790 suos
3050 2722 3451 2807 producunt,
3514 2746 3722 2807 neque
3767 2732 3945 2789 terra
3987 2744 4264 2809 gramen

2314 2812 2590 2893 profert,
2648 2811 2776 2877 nisi
2833 2821 3159 2894 quatenus
3206 2809 3391 2876 Deus
3440 2832 3562 2876 sua
3604 2810 4016 2894 providentia
4061 2808 4263 2874 semel

2312 2896 2441 2961 illis
2499 2898 2632 2963 vim
2698 2895 2977 2961 inditam
3036 2896 3240 2973 fovet,
3308 2906 3375 2960 et
3430 2916 3547 2961 sua
3608 2895 4019 2978 providentia
4078 2895 4265 2978 regit,

2311 2993 2504 3065 atque
2550 2982 2890 3048 benedicit.
2979 2982 3073 3047 At
3129 2983 3184 3046 si
3234 2980 3355 3046 Dci
3404 2981 3814 3064 providentia
3860 2982 3925 3043 in
3965 3002 4072 3045 res
4115 2981 4263 3046 illas

2309 3069 2653 3134 inferiores
2697 3069 2926 3148 fertur,
2967 3067 3226 3150 qualem
3273 3088 3429 3151 erga
3473 3067 3641 3133 filios
3684 3069 3821 3132 fore
3863 3065 4043 3132 illam
4088 3066 4262 3131 arbi-

2311 3153 2605 3220 tramur?
2666 3155 2760 3219 Et
2794 3157 3102 3237 quoniam
3141 3152 3435 3218 diabolus
3466 3153 3671 3218 hostis
3704 3152 3973 3218 humani
4005 3153 4262 3236 generis

2307 3240 2827 3324 infensissimus,
2895 3249 2960 3304 et
3021 3238 3246 3304 multis
3304 3239 3385 3304 ad
3431 3240 3799 3304 nocendum
3858 3238 4110 3303 artibus
4169 3238 4265 3301 in-

2308 3327 2812 3399 structissimus,
2874 3346 3133 3409 semper
3191 3325 3432 3407 aliquid
3490 3324 3843 3390 adversum
3908 3323 4035 3388 Dei
4094 3321 4262 3388 filios

2308 3411 2610 3490 molitur,
2676 3409 2834 3494 quid
2891 3411 3148 3476 miseris
3200 3411 3383 3477 nobis
3433 3414 3651 3491 fieret,
3718 3410 3842 3475 nisi
3899 3409 4083 3475 Deus
4143 3429 4262 3475 sua

2308 3498 2601 3564 bonitate
2657 3518 2776 3562 nos
2837 3498 2906 3562 in
2950 3518 3135 3562 suam
3186 3496 3553 3562 clientelam
3601 3505 3669 3561 et
3712 3495 4106 3579 praesidium
4156 3516 4257 3559 re-

2307 3583 2598 3667 ciperet?
2688 3582 3135 3664 Quamobrem
3196 3603 3361 3665 quae
3422 3584 3501 3649 de
3544 3581 3824 3648 Davidis
3885 3580 4261 3647 defensione

2308 3670 2618 3735 dicuntur
2675 3670 2742 3733 in
2790 3679 3086 3734 nostrum
3142 3689 3337 3733 usum
3392 3677 3887 3743 convertamus,
3946 3666 4260 3750 nobisque

2307 3754 2583 3840 singulis
2627 3754 3044 3837 applicemus.

2476 3839 2887 3906 Admiranda
2930 3840 3054 3906 fuit
3099 3850 3317 3907 autem
3357 3840 3426 3904 in
3457 3860 3534 3905 eo
3569 3839 3792 3905 divina
3827 3838 4260 3923 providentia,

2305 3927 2476 4011 quod
2523 3935 2794 4011 repente
2834 3925 3055 3992 Saulis
3096 3927 3426 3992 exercitus
3463 3946 3502 3991 a
3530 3924 3791 3991 Davide
3857 3925 4259 4008 ersequendo

2306 4014 2433 4078 alio
2479 4024 2581 4078 est
2623 4023 2949 4079 avocatus.
3038 4012 3206 4078 Nam
3267 4011 3504 4077 allatus
3546 4013 3628 4076 ad
3673 4011 3810 4077 San
3838 4032 3939 4077 em
3988 4010 4259 4074 nuntius

2306 4099 2547 4166 dicitur
2591 4098 2670 4164 de
2714 4098 3225 4163 Philistaeorum
3283 4098 3354 4163 in
3398 4097 3722 4163 iudaicam
3766 4098 4097 4180 regionem
4143 4094 4258 4159 ad-

2305 4194 2548 4252 ventu:
2608 4206 2736 4268 qua
2777 4184 3033 4249 ratione
3076 4183 3262 4250 Deus
3305 4184 3674 4250 consultum
3721 4182 4001 4247 Davidis
4060 4180 4259 4246 saluti

2307 4280 2450 4335 tum
2494 4270 2718 4337 voluit.
2808 4269 2980 4334 Nam
3040 4269 3378 4335 hominum
3423 4269 3729 4352 opinione
3788 4267 3968 4331 nulla
4011 4265 4254 4331 Davidi

2306 4356 2539 4438 salutis
2583 4357 2938 4439 apparebat
2972 4356 3099 4432 via,
3146 4355 3347 4422 nullis
3382 4355 3648 4431 viribus,
3698 4352 3862 4418 nulli
3896 4352 4255 4417 industriae

2306 4443 2487 4508 locus
2522 4452 2667 4507 erat
2703 4440 3011 4524 reliquus,
3046 4441 3160 4506 sed
3185 4443 3450 4507 omnino
3472 4439 3883 4505 moriendum
3908 4451 3973 4504 et
4002 4438 4258 4503 fortiter

2305 4527 2815 4594 occumbendum
2860 4537 3020 4605 erat,
3066 4528 3136 4592 ni
3176 4527 3364 4594 vivus
3399 4528 3465 4592 iu
3503 4525 3724 4592 Saulis
3759 4546 3994 4589 manus
4030 4523 4256 4589 venire

2307 4613 2653 4679 laniandus
2675 4623 2743 4678 et
2766 4614 3230 4696 discerpendus
3254 4613 3602 4691 voluisset;
3648 4617 3724 4676 ιιι
3759 4609 3995 4674 mirum
4044 4608 4254 4674 videri

2309 4720 2440 4765 non
2486 4699 2750 4777 debeat,
2797 4720 3000 4782 quum
3044 4720 3115 4764 se
3158 4701 3385 4763 mortis
3428 4697 3737 4781 periculis
3780 4693 4253 4761 circumdatum

2306 4787 2506 4852 fuisse
2543 4784 2718 4863 dicit,
2752 4792 2818 4850 et
2855 4784 2935 4849 de
2971 4784 3107 4850 vita
3130 4783 3598 4867 desperantem,
3636 4780 3717 4846 ad
3742 4781 3958 4846 Deum
3984 4782 4254 4846 unicum

2307 4872 2783 4954 redemptorem
2820 4871 3193 4947 accurrisse,
3239 4879 3306 4934 et
3340 4889 3410 4934 se
3446 4877 3656 4934 totum
3692 4869 3830 4951 ipse
3864 4866 4256 4950 permisisse.

2310 4957 2444 5024 Sed
2486 4957 2750 5022 interim
2790 4955 2973 5023 Deus
3016 4956 3198 5020 illum
3238 4953 3623 5020 miraculose
3665 4953 4004 5019 liberavit:
4048 4952 4254 5018 susci-

2310 5044 2464 5110 tatis
2509 5042 2902 5120 Philistaeis,
2948 5042 3114 5107 nihil
3154 5041 3375 5105 minus
3420 5049 3637 5105 tamen
3682 5060 3877 5123 quam
3927 5038 4007 5104 de
4048 5039 4255 5120 ipsius

2308 5130 2519 5197 salute
2542 5129 2995 5216 cogitantibus,
3034 5147 3225 5210 quem
3247 5146 3406 5192 cane
3514 5127 3614 5192 ius
3636 5136 3700 5191 et
3725 5146 3938 5210 angue
3959 5123 4252 5204 oderant,

2309 5226 2377 5281 et
2421 5236 2610 5299 quem
2657 5215 2906 5280 laniare
2947 5212 3327 5279 voluissent.
3396 5147 3872 5278 ffmmtamen
3904 5212 4091 5277 Deus
4125 5209 4256 5274 illis
