5059 6059
844 321 975 389 343
2457 320 2863 387 HOMILIA
2913 320 3244 386 LXXIII.
4645 326 4728 392 344

847 521 1041 575 turae
1097 523 1357 575 nostrae
1399 521 1465 574 et
1509 508 1818 574 humanis
1860 507 2161 574 sensibus
2205 510 2506 593 conditio,
2574 529 2799 595 perpe·

851 596 990 662 tuis
1064 595 1553 661 difficultatibus
1619 607 1686 659 et
1740 595 2061 677 angustiis
2120 596 2446 661 exerceri:
2518 597 2630 663 sed
2690 595 2796 660 cui

854 693 1076 747 tamen
1126 693 1358 765 sponte
1393 703 1510 746 nos
1547 690 1803 762 oportet
1839 678 2090 764 subiici,
2136 683 2496 765 praemium
2536 683 2795 748 tandem

854 767 1045 832 istius
1112 768 1324 832 luctae
1389 775 1863 850 exspectantes.
1951 766 2135 832 Haec
2207 769 2424 850 itaque
2480 769 2670 834 nobis
2727 768 2797 831 in

852 852 1114 918 Davide
1158 852 1629 917 consideranda
1671 864 1737 916 et
1779 851 2154 916 meditanda
2198 864 2669 935 proponuntur,
2724 867 2798 917 ut

852 939 920 1003 in
968 940 1108 1021 ipso
1155 952 1464 1021 tanquam
1512 942 1576 1002 in
1625 937 1884 1021 speculo
1929 937 2445 1021 contemplemur
2480 962 2616 1005 non
2656 962 2797 1007 esse

854 1023 1184 1090 faciendas
1247 1024 1431 1089 nobis
1488 1024 1646 1107 ipsis
1708 1022 1981 1097 delitias,
2058 1026 2176 1088 etsi
2238 1025 2432 1089 rebus
2491 1026 2795 1092 secundis

856 1111 1170 1192 fruamur,
1243 1121 1309 1174 et
1364 1129 1575 1191 neque
1634 1109 1702 1174 in
1761 1108 1893 1172 illis
1955 1108 2259 1174 fiduciam
2322 1110 2796 1178 collocandam:

853 1196 1375 1279 quandoquidem
1442 1217 1515 1259 ea
1582 1202 1805 1260 nostra
1869 1206 1968 1258 est
2032 1195 2331 1274 conditio,
2397 1209 2475 1260 ut
2540 1219 2795 1262 summa

854 1280 1105 1345 laetitia
1169 1284 1236 1345 in
1302 1302 1625 1345 summam
1697 1280 2048 1359 tristitiam,
2114 1292 2180 1344 et
2245 1281 2530 1347 iucunda
2577 1305 2790 1347 rerum

854 1367 1053 1433 facies
1096 1370 1167 1432 in
1212 1369 1463 1431 tristem
1506 1366 1735 1430 mortis
1770 1368 1998 1431 faciem
2038 1366 2445 1432 immutetur.
2536 1367 2793 1434 Deinde

854 1452 937 1517 ad
1002 1452 1221 1518 Deum
1288 1454 1356 1516 in
1424 1451 1723 1516 omnibus
1794 1451 2116 1535 angustiis
2183 1464 2246 1516 et
2304 1451 2793 1518 difficultatibus

851 1539 1203 1623 confugere
1267 1536 1597 1604 doeemur:
1671 1537 1948 1602 Davidis
2006 1539 2376 1621 exemplum
2439 1540 2790 1619 imitantes,

849 1625 1038 1690 cuius
1084 1625 1388 1707 deinceps
1432 1624 1818 1706 patientiam
1866 1635 1928 1687 et
1976 1623 2326 1706 precestad
2376 1624 2589 1688 Deum
2620 1625 2793 1690 vide-

853 1709 1086 1777 bimus.
1177 1710 1495 1793 Equidem
1553 1709 1764 1773 fateor
1816 1708 2138 1772 Davidem
2185 1708 2384 1773 fuisse
2428 1709 2555 1774 Dei
2603 1711 2790 1775 donis

848 1804 918 1861 et
959 1797 1188 1880 gratiis
1234 1807 1557 1872 ornatum,
1602 1808 1669 1859 et
1712 1793 1791 1858 ad
1839 1814 1981 1858 eam
2031 1796 2282 1859 venisse
2329 1797 2785 1877 perfectionem

845 1903 1014 1965 quae
1073 1883 1142 1946 in
1199 1881 1540 1946 mortalem
1598 1891 1811 1964 potest
1855 1880 2107 1959 cadere,
2153 1880 2311 1945 adeo
2356 1892 2431 1945 ut
2475 1883 2787 1965 angelicis

845 1968 1199 2033 virtutibus
1242 1966 1629 2032 excelluisse
1675 1967 1906 2030 merito
1952 1965 2076 2031 dici
2121 1967 2344 2049 possit.
2435 1965 2565 2033 Sed
2614 1969 2784 2032 nihi-

843 2054 1134 2118 lominus
1202 2064 1418 2118 tamen
1482 2052 1666 2115 illum
1728 2051 2019 2131 oportuit
2061 2059 2126 2114 et
2169 2051 2291 2116 fuit
2335 2052 2495 2117 utile
2539 2053 2632 2120 sic
2674 2077 2788 2118 ex·

845 2138 1103 2223 plorari,
1166 2140 1364 2204 variis
1409 2137 1882 2203 calamitatibus
1925 2138 2239 2216 exerceri,
2294 2146 2357 2202 et
2403 2159 2611 2221 neque
2655 2142 2787 2204 otio

849 2245 1059 2305 neque
1106 2223 1580 2306 tranquillitate
1627 2223 1776 2299 frui,
1842 2222 1954 2286 sed
2001 2224 2069 2286 in
2114 2223 2293 2287 mille
2340 2228 2568 2290 mortis
2613 2227 2786 2308 peri-

848 2310 1011 2376 culis
1066 2313 1348 2375 versari:
1416 2309 1962 2391 quemadmodum
2028 2309 2305 2390 ipsemet
2361 2309 2626 2375 Psalmo
2684 2311 2786 2391 30,

847 2396 1106 2474 fatetur,
1161 2418 1232 2460 se
1291 2395 1533 2459 dixisse
1577 2394 1643 2458 in
1694 2393 2166 2477 tranquillitate
2208 2415 2344 2473 sua,
2406 2416 2476 2460 se
2516 2419 2645 2461 non
2693 2398 2787 2461 di-

849 2495 1100 2545 motum
1145 2483 1225 2545 iri
1271 2482 1335 2543 in
1386 2481 1744 2545 saeculum:
1793 2492 1860 2546 et
1904 2500 1973 2544 se
2019 2481 2543 2562 praesumptione
2585 2483 2785 2547 nimia

848 2565 934 2631 ob
995 2587 1210 2630 rerum
1265 2586 1631 2631 successum
1692 2566 2105 2644 inebriatum,
2176 2578 2249 2629 ut
2309 2566 2660 2633 modest-iae
2704 2569 2782 2633 li·

853 2651 1043 2715 mites
1083 2651 1514 2723 transsiliunt,
1564 2673 1757 2733 quum
1795 2652 2023 2715 statuit
2056 2652 2223 2734 apud
2264 2674 2332 2716 se
2368 2654 2504 2717 fore
2544 2664 2617 2717 ut
2656 2674 2784 2719 non

849 2737 1297 2801 dimoveret-ur
1353 2739 1420 2800 in
1479 2737 1830 2816 sacculum,
1903 2738 2087 2818 quasi
2134 2736 2395 2802 domum
2443 2738 2565 2803 sibi
2609 2739 2786 2804 intra

853 2823 1056 2887 nubes
1120 2825 1383 2899 fixisset,
1445 2835 1511 2886 et
1556 2823 1884 2887 humanae
1928 2820 2279 2887 conditioni
2329 2845 2456 2887 non
2503 2825 2785 2906 amplius

847 2909 1189 2986 obnoxius,
1266 2923 1331 2972 et
1413 2908 1687 2974 miseriis
1755 2909 1977 2972 inultis
2042 2907 2425 2991 quibuscum
2497 2910 2784 2975 humana

847 2993 1146 3060 luctatur
1189 2994 1596 3059 imbecillitas
1652 3009 2007 3075 exemptus.
2097 2994 2168 3059 Is
2222 2995 2374 3059 licet
2434 3008 2526 3060 tot
2572 3006 2777 3060 tenta·

847 3081 1129 3145 tionibus
1173 3082 1514 3158 exercitus,
1559 3094 1624 3145 et
1649 3081 1847 3144 variis
1872 3079 2078 3146 modis
2101 3081 2494 3164 exploratus,
2540 3082 2781 3147 fatetur

846 3180 1062 3230 tamen
1119 3189 1189 3232 se
1233 3188 1329 3229 sun
1378 3167 1583 3248 ipsius
1626 3166 1898 3230 oblitum
1946 3165 2104 3239 fore,
2169 3166 2292 3228 nisi
2347 3167 2524 3232 Deus
2569 3169 2778 3251 ipsum

843 3268 1292 3336 expurgasset,
1369 3264 1434 3315 et
1493 3254 1558 3315 in
1619 3253 2040 3315 afflictionum
2100 3250 2363 3317 fornace
2419 3256 2782 3319 excoxisset

841 3338 1020 3402 illam
1066 3338 1506 3420 arrogantiam
1556 3356 1686 3419 qua
1731 3337 2113 3421 plerumque
2148 3337 2219 3401 in
2250 3337 2551 3403 secundis
2586 3337 2779 3404 rebus

844 3422 1145 3488 homines
1205 3435 1495 3487 utuntur.
1588 3422 1775 3503 Quae
1834 3443 2035 3505 quum
2094 3422 2187 3487 ita
2245 3423 2396 3502 sint,
2469 3424 2640 3489 serio
2699 3423 2779 3489 de

841 3508 1031 3574 nobis
1088 3509 1373 3591 cogitare
1419 3509 1743 3587 debemus,
1803 3530 1998 3590 quum
2047 3509 2116 3573 in
2161 3522 2454 3574 nostram
2501 3511 2780 3576 instruc·

841 3593 1087 3658 tionem
1160 3616 1238 3659 ea
1298 3596 1481 3657 nobis
1541 3604 2008 3677 proponantur.
2096 3593 2269 3660 Nam
2328 3616 2529 3679 quum
2591 3616 2777 3662 suam

838 3680 1286 3744 infirmitatem
1356 3679 1563 3744 David
1621 3692 1949 3763 agnoscat,
2010 3681 2282 3763 quisque
2327 3689 2627 3747 nostrum
2672 3681 2781 3746 ad·

842 3779 1148 3829 monetur
1193 3766 1314 3830 sibi
1360 3785 1625 3828 cavere:
1684 3779 1752 3828 et
1799 3764 1939 3830 Deo
1986 3767 2173 3831 nobis
2217 3767 2348 3831 otia
2392 3766 2667 3832 faciente
2712 3777 2780 3831 et

839 3872 1059 3916 rerum
1100 3871 1464 3916 successum
1505 3851 1914 3929 concedente,
1951 3864 2326 3934 exspectare
2365 3872 2780 3934 quascunque

841 3938 1252 4012 tentationes,
1299 3937 1528 4018 quibus
1575 3939 1692 4019 ipsi
1740 3958 1855 4000 nos
1895 3939 2236 4020 explorare
2273 3937 2614 4003 videbitur.
2692 3939 2782 4003 Et

845 4034 1184 4107 praeterea
1220 4024 1525 4086 docemur
1562 4044 1688 4087 non
1728 4023 2126 4105 despondere
2150 4025 2443 4089 animum
2470 4023 2781 4108 gravibus

843 4109 1001 4175 licet
1045 4108 1504 4172 afflictionibus
1550 4130 1666 4172 nos
1706 4109 2117 4191 undiquaque
2156 4111 2621 4191 prementibus,
2666 4110 2778 4174 sed

841 4195 910 4259 in
957 4193 1164 4276 ipsius
1212 4194 1497 4258 bonitate
1540 4215 1819 4276 sperare,
1867 4215 2030 4279 quae
2074 4216 2408 4278 nunquam
2457 4208 2559 4260 est
2602 4195 2780 4260 defu·

843 4294 994 4345 tura
1050 4279 1507 4344 invocantibus
1566 4301 1636 4345 se
1693 4282 1834 4346 sine
1890 4281 2037 4347 fuco
2094 4293 2160 4345 et
2218 4281 2654 4361 simulatione,
2715 4293 2781 4348 et

843 4387 966 4431 sua
1025 4381 1290 4448 peccata
1350 4363 1826 4430 detestantibus
1871 4381 1937 4431 et
1982 4367 2233 4432 sineere
2277 4369 2780 4449 agnoscentibus

841 4459 911 4517 et
975 4450 1451 4524 confitentibus,
1523 4451 2068 4532 quemadmodum
2127 4452 2454 4518 Davidem
2513 4453 2779 4520 Psalmo

841 4540 1240 4620 supracitato
1283 4537 1371 4602 30
1415 4536 1695 4603 vidimus
1736 4557 1919 4601 suam
1964 4538 2521 4621 ingratitudinem,
2581 4561 2780 4623 quum

842 4623 1039 4689 rebus
1097 4624 1398 4688 secundis
1460 4624 1803 4702 frueretur,
1870 4624 2151 4708 ingenue
2206 4625 2520 4690 confiteri.
2609 4625 2779 4690 Nam

842 4728 1048 4793 quum
1110 4709 1334 4774 fuisset
1389 4728 1428 4772 a
1472 4707 1616 4774 Deo
1661 4709 1730 4773 in
1777 4710 2021 4793 regiam
2067 4710 2453 4794 dignitatem
2496 4725 2779 4789 evectus,

843 4808 909 4861 et
951 4796 1021 4859 in
1069 4806 1291 4860 monte
1334 4791 1498 4859 Sion
1547 4795 1793 4877 positus
1834 4804 2145 4878 tanquam
2190 4797 2262 4861 in
2308 4797 2457 4860 forti
2497 4817 2781 4881 propug-

846 4883 1076 4946 naculo
1158 4879 1408 4962 placide
1477 4894 1803 4959 regnaret,
1886 4904 2011 4946 non
2082 4884 2356 4966 agnovit
2420 4896 2489 4946 ut
2557 4882 2781 4949 debuit

844 4986 1227 5052 prosperum
1269 4987 1484 5031 rerum
1522 4988 1890 5032 successum
1930 4989 1971 5032 a
2003 4967 2129 5035 Dei
2173 4971 2456 5035 bonitate
2478 4989 2776 5036 manare:

841 5054 1018 5136 atqui
1085 5053 1459 5118 meminisse
1523 5051 1794 5118 debebat
1858 5074 1928 5120 se
1994 5054 2181 5120 illum
2249 5052 2569 5119 Davidem
2636 5076 2776 5121 esse

840 5159 1033 5222 quem
1091 5136 1274 5204 Deus
1329 5159 1414 5203 ex
1456 5140 1740 5221 sepulcri
1796 5139 2090 5205 faucibus
2149 5150 2440 5222 ereptum
2502 5142 2777 5209 miracu·

2899 529 3204 574 revocare
3250 511 3315 575 in
3362 512 3739 577 memoriam
3786 509 3973 575 illum
4007 510 4366 594 oportebat,
4409 512 4572 577 cuius
4599 533 4735 581 manu

2898 593 3278 661 sublevatus
3314 596 3546 673 fuerat,
3590 619 3671 661 ne
3702 597 3895 681 plane
3918 596 4344 663 occumberet.
4391 596 4736 678 Quamobrem

2899 701 3097 763 quum
3170 680 3487 747 Davidem
3549 684 3980 766 conspicimus
4034 681 4162 748 Dei
4205 704 4406 748 manu
4450 684 4736 751 miraculose

2897 787 2979 830 ex
3025 767 3396 832 imminenti
3488 768 3726 833 ericulo
3773 768 4134 846 liberatum,
4180 791 4304 832 non
4352 778 4554 833 tamen
4583 790 4737 851 aper·

2897 853 3389 935 sequutionibus
3434 789 3654 920 gaulis
3698 856 4056 918 immunem
4102 854 4317 931 fuisse,
4361 853 4472 919 sed
4508 855 4739 920 variisaf·

2899 939 3292 1006 flictionibus
3354 954 3782 1023 reservatum,
3845 952 3913 1002 ut
3967 940 4168 1022 ipsius
4214 941 4518 1022 patientia
4554 961 4739 1006 exerce·

2900 1036 3109 1088 retur:
3157 1046 3582 1108 agnoscamus
3630 1027 3769 1091 Deo
3812 1046 3930 1090 nos
3975 1046 4055 1090 ex
4095 1026 4307 1107 aliquo
4344 1025 4607 1107 periculo
4632 1025 4743 1091 libo-

2898 1121 3107 1185 rante,
3167 1132 3296 1175 non
3358 1124 3576 1176 tamen
3621 1112 3911 1194 promitti
3959 1111 4142 1175 nobis
4186 1120 4559 1194 perpetuum
4598 1114 4741 1176 otium

2897 1207 2961 1258 et
3019 1197 3575 1277 tranquillitatem,
3634 1196 3746 1261 sed
3794 1197 3850 1262 si
3896 1217 4156 1278 passum
4203 1217 4409 1261 unum
4453 1218 4489 1260 a
4524 1197 4749 1279 sepulcro

2900 1284 3376 1364 recesserimus,
3434 1292 3846 1364 praesentem
3906 1294 4125 1345 tamen
4185 1282 4250 1345 in
4310 1281 4513 1348 oculis
4559 1303 4748 1364 semper

2896 1386 3036 1431 esse
3092 1367 3381 1430 foveam:
3446 1379 3559 1432 aut
3617 1369 3673 1431 si
3734 1369 3921 1452 plane
3979 1367 4061 1431 ab
4104 1387 4238 1431 uno
4281 1367 4493 1449 aliquo
4531 1367 4751 1450 periculo

2896 1451 3142 1515 liberati
3191 1453 3413 1530 simus,
3459 1453 3633 1517 aliud
3673 1455 3948 1518 subinde
3987 1468 4246 1535 praeter
4281 1473 4534 1516 omnem
4565 1455 4749 1536 opinio·

2896 1557 3044 1600 nem
3091 1538 3276 1603 oriri:
3322 1538 3495 1619 quod
3541 1560 3671 1602 non
3722 1537 3925 1603 videri
3972 1538 4161 1603 debet
4205 1560 4444 1603 novum
4492 1550 4594 1602 aut
4628 1539 4753 1603 isso-

2892 1621 3067 1687 lens:
3126 1623 3444 1707 siquidem
3508 1622 3850 1701 Davidem,
3906 1624 4073 1707 quod
4133 1625 4466 1707 exemplar
4518 1634 4639 1689 erat
4681 1644 4753 1706 pa·

2893 1708 3160 1772 tientiae
3218 1722 3282 1774 et
3340 1710 3754 1785 constantiae,
3822 1710 4117 1775 videmus
4162 1720 4295 1773 tam
4341 1712 4569 1774 acriter
4607 1710 4754 1773 fuisse

2892 1794 3092 1859 variis
3139 1795 3601 1859 tentationibus
3645 1794 4089 1878 exploratum:
4137 1802 4210 1860 ut
4253 1815 4338 1859 ex
4381 1816 4459 1860 eo
4500 1796 4759 1860 disomms

2891 1900 3016 1961 qua
3080 1902 3237 1944 cura
3303 1879 3484 1945 Deus
3551 1903 3702 1946 suos
3766 1881 3999 1959 foveat,
4066 1891 4134 1944 et
4187 1888 4453 1946 tueatur
4509 1881 4758 1946 adversus

2889 1964 3211 2047 quoslibet
3253 1967 3661 2032 inimicorum
3708 1967 4009 2032 insultus.

3060 2050 3406 2117 Caeterum
3442 2065 3724 2135 quantus
3759 2051 3980 2117 Saulis
4016 2052 4214 2117 fuerit
4248 2052 4432 2117 furor
4466 2054 4531 2116 in
4558 2050 4762 2115 Davide

2889 2138 3354 2219 persequendo,
3415 2140 3573 2203 satis
3629 2151 3914 2221 apparet,
3972 2135 4142 2221 quod
4196 2157 4329 2202 non
4384 2137 4634 2203 erubuit
4674 2137 4763 2218 ipsi

2889 2221 3031 2286 Deo
3090 2223 3257 2289 velle
3325 2227 3643 2290 resistere.
3733 2223 3901 2289 Nam
3960 2245 4094 2287 non
4152 2226 4447 2306 peccavit
4502 2243 4579 2287 ex
4628 2223 4763 2305 igno-

2889 2311 3134 2372 rantia:
3194 2308 3517 2393 siquidem
3572 2310 3721 2375 licet
3778 2310 4045 2375 insanus
4103 2318 4295 2388 esset,
4356 2322 4572 2375 tamen
4612 2327 4766 2392 quum

2888 2392 3015 2458 Dei
3077 2414 3343 2460 manum
3403 2397 3523 2462 sibi
3583 2395 3787 2461 sensit
3842 2395 4167 2473 iniectam,
4224 2403 4294 2458 et
4349 2396 4568 2460 exutis
4619 2395 4766 2457 vesti·

2891 2481 3147 2560 mentis,
3225 2481 3487 2546 nemine
3540 2481 3723 2545 illum
3795 2480 3924 2545 nisi
3990 2480 4131 2545 Deo
4194 2490 4491 2563 cogente,
4566 2479 4768 2560 culpam

2888 2563 3149 2645 fatetur,
3209 2580 3274 2630 et
3331 2566 3781 2648 prophetisans
3825 2566 3891 2630 in
3938 2580 4123 2632 coetu
4167 2565 4635 2650 prophetarum
4669 2562 4771 2627 Ds-

2889 2648 3103 2715 videm
3175 2673 3302 2716 non
3370 2652 3680 2734 agnoscit,
3745 2651 3857 2717 sed
3928 2651 4107 2717 velut
4170 2660 4362 2716 extra
4428 2670 4501 2717 se
4573 2651 4769 2733 posim

2889 2736 3047 2817 quid
3103 2736 3299 2801 faciat
3343 2738 3620 2821 ignorat,
3678 2757 3899 2803 nonne
3941 2757 4295 2822 agnoscere
4342 2738 4471 2803 Dei
4514 2736 4772 2801 iudicium

2889 2824 2956 2885 in
3017 2843 3087 2887 se
3138 2822 3322 2888 illum
3383 2824 3739 2906 oportebat,
3797 2845 3922 2907 quo
3980 2824 4453 2888 admonebatur
4511 2835 4584 2887 ut
4629 2838 4771 2884 sunm

2888 2922 3272 2990 agnosceret
3305 2907 3564 2993 culpam
3601 2910 3992 2992 veniamque
4028 2909 4514 2991 deprecaretur,
4553 2918 4617 2972 et
4640 2906 4775 2970 omni

2888 2995 3134 3059 abiecta
3194 3015 3376 3059 mora
3431 2996 3752 3061 innocenti
3812 3016 4003 3077 quem
4049 2996 4290 3060 iniuste
4334 2995 4566 3061 oderat
4605 2992 4775 3057 conci·

2885 3077 3199 3144 liaretur?
3292 3080 3538 3145 Verum
3605 3080 4040 3146 alienissimus
4102 3081 4224 3144 fuit
4280 3081 4364 3144 ab
4422 3081 4553 3146 ista
4588 3078 4783 3162 cogitn-

2886 3163 3080 3239 tione,
3161 3177 3227 3230 et
3292 3163 3374 3229 ad
3438 3166 3658 3231 odium
3722 3167 4161 3231 iuveteratum
4229 3175 4299 3231 et
4366 3165 4636 3232 consilia
4689 3180 4778 3225 sus

2885 3270 3187 3317 reversus
3242 3263 3360 3329 est,
3433 3272 3563 3334 quo
3616 3254 3785 3317 facto
3841 3272 4060 3317 nonne
4117 3252 4308 3334 plane
4370 3260 4689 3318 amentem
4732 3256 4781 3310 et

2882 3336 3198 3402 furiosum
3255 3337 3437 3402 illum
3485 3338 3685 3403 fuisse
3731 3337 4046 3415 videmus,
4105 3357 4308 3419 quum
4355 3358 4492 3402 non
4537 3332 4781 3401 animad-

2885 3425 3082 3487 vertit
3118 3442 3312 3505 quam
3350 3423 3665 3506 singulari
3702 3424 3924 3489 favore
3969 3422 4293 3487 Davidem
4334 3443 4605 3489 servum
4624 3437 4778 3484 suum

2880 3505 3065 3573 Deus
3121 3507 3703 3593 complecteretur?
3793 3508 3974 3590 Quin
4031 3520 4093 3574 et
4141 3506 4283 3573 Deo
4330 3511 4509 3575 ictus
4552 3505 4785 3589 ingemi·

2882 3606 3076 3658 nante
3130 3593 3365 3676 quibus
3423 3615 3567 3661 sese
3624 3593 3844 3660 Saulis
3899 3594 4351 3659 adversarium
4410 3616 4557 3660 esse
4608 3591 4779 3677 palem

2881 3680 3090 3756 faciat,
3169 3699 3387 3744 nonne
3470 3692 3907 3746 monstrosum
3973 3692 4072 3745 est
4136 3678 4322 3744 illum
4393 3679 4785 3745 nihilominus

2882 3784 3299 3848 perseverare
3351 3766 3419 3830 in
3478 3767 3714 3831 misero
3775 3765 4029 3830 Davide
4087 3766 4563 3849 persequendo,
4618 3776 4679 3828 et
4723 3757 4781 3823 sd

2881 3859 3156 3916 mortem
3200 3852 3605 3933 quaerendo:
3673 3874 3748 3917 ac
3789 3853 3916 3933 ipsi
3959 3850 4103 3916 Deo
4147 3850 4396 3917 bellum
4446 3851 4618 3918 velle
4656 3845 4786 3914 indi-

2881 3957 3046 4018 cere,
3089 3948 3157 4001 et
3198 3946 3426 4018 sponte
3470 3936 3787 4004 adversus
3836 3938 4050 4002 Deum
4095 3939 4447 4020 pugnare?
4536 3936 4700 4003 Hinc
4730 3934 4781 3996 fit

2880 4025 3317 4105 conspicuum,
3392 4021 3714 4088 diabolum
3776 4023 3976 4088 semel
4039 4022 4339 4088 homines
4398 4023 4783 4089 invadentem

2881 4110 2974 4174 sic
3008 4110 3186 4192 ipsos
3223 4128 3416 4191 agere
3454 4122 3878 4183 transversos,
3925 4120 3999 4173 ut
4035 4108 4206 4174 ultro
4242 4108 4572 4176 adversus
4604 4108 4780 4172 Deum

2884 4195 3103 4259 ausint
3160 4196 3501 4278 insurgere
3556 4205 3621 4260 et
3681 4214 3994 4279 pugnare.
4084 4193 4253 4259 Nam
4314 4197 4441 4261 etsi
4506 4215 4638 4261 non
4674 4191 4785 4275 qui·

2883 4279 3031 4344 dem
3077 4280 3367 4345 volentes
3412 4280 3556 4346 Deo
3599 4280 3838 4346 bellum
3886 4280 4244 4360 inferimus,
4303 4291 4537 4347 tamen
4582 4277 4785 4345 malitis

2883 4376 2950 4430 et
3007 4366 3409 4449 ingratitudo
3470 4378 3694 4432 nostra
3750 4366 4017 4445 faciunt,
4085 4375 4159 4430 ut
4217 4364 4326 4431 vel
4391 4367 4784 4452 incogitantes

2882 4453 3191 4516 adversus
3260 4451 3482 4517 Deum
3542 4452 3849 4528 feramur,
3922 4461 3991 4517 et
4048 4450 4257 4516 veluti
4312 4451 4551 4518 furore
4737 4447 4784 4460 ’”

2882 4537 3317 4621 insurgamus.
3404 4539 3494 4602 Et
3550 4535 4093 4620 quemadmodum
4139 4536 4488 4603 furibundi
4537 4535 4786 4604 homines

2881 4622 3072 4687 modo
3139 4622 3335 4701 huno,
3416 4622 3608 4688 modo
3672 4624 3857 4688 illum
3919 4622 4336 4706 strangulare
4402 4625 4521 4691 vel
4585 4624 4788 4689 laniare

2879 4708 3203 4787 nituntur,
3263 4707 3390 4774 etsi
3445 4729 3577 4774 non
3636 4708 3960 4775 destinata
4016 4708 4288 4789 malitia,
4362 4719 4784 4776 verumtamen

2880 4815 2964 4860 ex
3020 4796 3240 4860 furore
3292 4804 3362 4859 et
3416 4796 3736 4860 amentia:
3793 4795 3885 4861 sio
3942 4795 4313 4878 quicunque
4373 4795 4639 4862 diabolo
4676 4811 4787 4875 per*

2878 4881 3253 4957 mittuntur,
3298 4881 3367 4945 in
3412 4879 3628 4946 Deum
3672 4882 3888 4966 ipsum
3932 4882 4273 4965 insurgere
4308 4901 4454 4948 non
4490 4890 4781 4948 verentur.

2879 4969 3087 5033 Porro
3131 4988 3327 5049 quum
3390 4966 3681 5046 Saulem,
3740 4977 3938 5033 antea
3993 4967 4062 5031 in
4124 4968 4376 5050 regiam
4441 4966 4784 5058 digmem

2878 5065 3171 5120 evectum
3208 5074 3247 5117 a
3287 5051 3588 5128 Domino,
3634 5055 3763 5117 iam
3799 5053 4143 5120 videamus
4174 5052 4245 5119 in
4280 5062 4427 5118 tam
4468 5048 4781 5145 miser-bit

2875 5150 2941 5208 et
2985 5138 3315 5222 deplorato
3350 5148 3525 5204 statu
3563 5140 3985 5205 constitutum
4023 5138 4092 5203 in
4131 5139 4253 5205 hoc
4287 5139 4548 5208 munde
4580 5152 4785 5209 venri,

837 5224 981 5291 lose
1066 5223 1474 5291 liberaverat.
1562 5224 1782 5306 Quare
1858 5236 2114 5293 tantum
2201 5226 2324 5291 Dei
2392 5227 2774 5293 beneficium
2876 5237 2942 5293 et
2994 5224 3275 5292 similem
3331 5227 3576 5336 factum
3623 5225 3913 5302 diabolis,
3969 5223 4083 5308 qui
4124 5244 4166 5290 a
4210 5225 4353 5291 Deo
4404 5225 4566 5293 beni
4607 5219 4781 5307 aas&
