5059 6059
868 305 992 370 311

873 504 1090 561 tantes
1133 496 1289 579 quin
1333 504 1620 577 tempore
1665 508 2028 578 opportuno
2073 498 2257 563 iuvet
2299 497 2689 564 laborantes.
2737 507 2802 562 et

872 579 1180 647 adversus
1240 582 1512 646 iniuriae
1578 594 1896 665 protegat.
2003 582 2205 648 Cuius
2271 585 2362 648 rei
2428 583 2799 663 exemplum

872 675 1011 731 esto
1055 666 1478 745 Ionathanus,
1521 665 1737 731 Deum
1785 668 2094 732 nimirum
2143 670 2391 735 sincere
2436 685 2500 734 et
2530 667 2803 734 candide

870 752 1277 818 ambulantes
1339 772 1557 819 coram
1624 752 1765 835 ipso
1833 775 2169 837 nunquam
2228 755 2543 822 deserere.
2631 754 2802 819 Nam

869 836 1046 921 quid,
1106 839 1386 914 obsecro,
1450 836 1719 904 Saulem
1778 838 2120 923 impedivit
2177 842 2527 924 quominus
2570 840 2803 905 adver-

868 946 981 990 sus
1029 922 1468 990 Ionathanum
1525 923 1734 990 filium
1780 925 2322 993 excandesceret?
2415 926 2647 992 Nonne

869 1017 1041 1075 terat
1087 1009 1249 1076 Saul
1312 1011 1505 1077 etiam
1567 1031 1716 1076 cum
1761 1011 2157 1077 contumelia
2197 1011 2407 1076 filium
2456 1033 2525 1078 re
2576 1011 2801 1077 ellere:

869 1095 1037 1177 Quis
1084 1102 1158 1161 tu
1203 1117 1290 1175 es,
1351 1098 1461 1178 qui
1507 1105 1757 1179 patrem
1805 1095 2006 1163 audes
2042 1098 2517 1180 reprehendere
2633 1097 2806 1161 Nota

869 1181 1045 1246 enim
1106 1192 1205 1249 eet
1259 1190 1520 1265 patrum
1577 1181 1643 1247 in
1689 1182 1861 1247 filios
1907 1183 2297 1267 arrogantia,
2352 1184 2408 1249 si
2454 1183 2805 1248 admonere

869 1268 1043 1351 ipsos
1090 1267 1168 1333 de
1214 1266 1429 1350 aliqua
1473 1289 1545 1333 re
1589 1268 1892 1333 audeant.
1982 1269 2187 1347 Tune,
2251 1270 2572 1351 inquiunt,
2619 1267 2803 1333 abor-

871 1355 1004 1420 tive
1060 1373 1163 1418 me
1223 1352 1677 1436 reprehendes,
1744 1363 1815 1418 tu
1875 1355 2220 1420 consilium
2281 1354 2484 1433 dabie,
2546 1365 2612 1418 et
2652 1353 2804 1435 qnid

872 1439 1031 1504 mihi
1091 1438 1456 1505 faciendum
1516 1437 1820 1504 docebis?
1915 1441 2134 1505 Meum
2184 1448 2283 1506 eet
2328 1441 2543 1523 potius
2590 1451 2651 1502 te
2697 1438 2807 1503 ad·

873 1546 1135 1590 monere
1194 1534 1258 1590 et
1315 1523 1813 1609 reprehendere.
1902 1525 2058 1591 Istis
2117 1547 2191 1593 ac
2249 1526 2570 1592 similibus
2634 1525 2805 1591 voci-

875 1609 989 1677 bus
1058 1609 1218 1677 Saul
1284 1610 1722 1677 Ionathanum
1790 1611 2268 1694 reprehendere
2334 1611 2672 1696 potuisset,
2740 1620 2808 1676 et

872 1698 1110 1781 regiam
1173 1705 1562 1780 potestatem
1621 1696 1713 1759 illi
1761 1696 2054 1775 obiicere,
2119 1710 2193 1761 ut
2249 1697 2329 1762 ad
2389 1696 2802 1762 autoritatem

871 1794 1207 1865 paternam
1271 1783 1448 1867 regia
1492 1781 1799 1847 maiestas
1859 1782 2211 1862 accederet,
2277 1804 2474 1866 quam
2519 1783 2803 1849 revereri

870 1869 1310 1933 Ionathanum
1355 1866 1713 1951 oportebat,
1760 1884 1824 1931 et
1870 1888 1999 1934 non
2047 1870 2141 1933 ita
2188 1869 2429 1935 violare
2466 1873 2581 1933 aut
2617 1869 2804 1951 parvi

871 1955 1100 2033 facere,
1163 1962 1236 2018 ut
1290 1954 1462 2018 filius
1518 1962 1583 2017 et
1626 1953 1926 2019 subditus
1983 1962 2235 2037 patrem
2281 1964 2347 2019 et
2391 1975 2610 2039 regem
2658 1962 2804 2019 tan-

870 2061 1064 2123 quam
1128 2059 1247 2123 par
1292 2050 1407 2104 aut
1461 2040 1671 2105 socius
1716 2050 2037 2123 argueret.
2126 2039 2256 2106 Sed
2305 2041 2489 2106 Deus
2537 2038 2805 2106 Saulem

874 2126 1079 2191 veluti
1136 2125 1522 2207 quibusdam
1569 2125 1852 2190 vinculis
1896 2127 2198 2208 coercuit,
2262 2138 2326 2191 et
2370 2126 2676 2207 cohibuit,
2722 2147 2804 2190 ne

872 2211 938 2276 in
995 2212 1130 2277 iras
1196 2212 1664 2290 effervesceret,
1731 2224 1797 2274 ot
1856 2220 2165 2295 tanquam
2222 2211 2438 2277 bellua
2484 2213 2800 2294 impetum

870 2299 939 2362 in
982 2297 1441 2362 admonentem
1499 2295 1759 2362 faceret.
1850 2296 2027 2363 Hinc
2071 2297 2288 2380 itaque
2332 2297 2655 2364 discamus
2691 2296 2802 2361 ad·

872 2405 1100 2449 versus
1144 2403 1370 2448 omnes
1416 2380 1833 2447 difficultates
1877 2381 2145 2448 luctari:
2195 2392 2261 2446 et
2304 2406 2385 2448 ne
2431 2383 2804 2449 dubitemus

873 2470 1030 2551 quin
1087 2468 1270 2534 Deus
1325 2468 1412 2535 eit
1464 2468 1649 2533 nobis
1709 2468 2075 2544 adfuturus,
2137 2490 2333 2551 quum
2395 2469 2601 2552 ipsius
2657 2488 2800 2533 ver-

872 2554 1031 2619 bum
1075 2555 1330 2636 sequuti
1377 2554 1722 2619 fuerimus:
1769 2564 1833 2620 et
1880 2554 2029 2620 licet
2064 2554 2362 2620 homines
2397 2554 2801 2621 adversarios

873 2638 1317 2719 habuerimus,
1362 2640 1470 2722 qui
1517 2640 1716 2704 variis
1761 2639 2011 2706 artibus
2055 2661 2171 2706 noe
2216 2639 2299 2705 ab
2343 2641 2554 2707 officio
2589 2640 2801 2705 deter-

874 2734 1080 2803 reant,
1148 2734 1213 2788 et
1277 2726 1532 2790 animos
1596 2723 1870 2790 abiicere
1935 2726 2221 2806 iubeant,
2286 2746 2669 2808 summaque
2736 2725 2800 2789 vi

869 2820 1369 2896 persequantur,
1440 2809 1580 2876 Deo
1649 2822 1867 2875 tamen
1924 2812 2073 2876 freti
2139 2812 2463 2894 patienter
2528 2810 2801 2876 iniuriae

871 2918 1098 2963 omnes
1148 2897 1456 2977 feramus,
1510 2906 1576 2963 et
1619 2907 2055 2979 opportunum
2102 2896 2420 2963 auxilium
2464 2904 2799 2980 exspecte-

869 3003 1035 3048 mus.
1118 2982 1295 3064 Quin
1343 2983 1472 3046 imo
1518 2981 1760 3065 aliquid
1808 2982 2004 3047 etiam
2052 2982 2331 3065 amplius
2366 2982 2472 3048 hic
2513 2992 2797 3066 apparet,

870 3089 1105 3152 nempe
1153 3069 1366 3135 Deum
1430 3067 1584 3133 dare
1642 3067 1854 3134 locum
1902 3089 2059 3134 suae
2102 3069 2351 3152 gratiae
2397 3080 2621 3135 contra
2667 3088 2797 3133 om·

870 3156 1052 3220 nium
1100 3154 1442 3220 hominum
1490 3153 2063 3237 exspectat-ionem,
2120 3161 2194 3218 ut
2238 3175 2369 3219 non
2428 3155 2516 3219 sit
2573 3154 2800 3220 irritus

870 3261 1093 3306 eorum
1162 3241 1270 3322 qui
1335 3238 1556 3306 Deum
1623 3249 1987 3323 sequuntur
2050 3238 2265 3304 labor:
2344 3240 2512 3324 quod
2597 3241 2804 3305 instar

871 3327 1117 3393 stimuli
1161 3346 1301 3391 esee
1347 3325 1538 3392 debet
1581 3325 1664 3392 ad
1708 3325 1996 3391 officium
2043 3334 2254 3391 erecto
2300 3326 2519 3390 animo
2567 3326 2800 3391 facien-

870 3412 1029 3478 dum
1090 3411 1391 3478 omnibus
1436 3431 1715 3494 quorum
1760 3431 1958 3494 opera
2001 3412 2185 3476 Deus
2244 3411 2338 3475 uti
2385 3411 2544 3477 vult.
2634 3411 2803 3476 Nam

873 3519 1066 3581 saepe
1125 3496 1350 3563 videas
1409 3497 1652 3562 multoe
1708 3496 2036 3576 reluctari,
2096 3506 2161 3561 et
2212 3497 2315 3562 vel
2377 3518 2599 3563 eorum
2645 3516 2805 3579 quos

875 3583 1338 3666 reprehensuri
1381 3591 1536 3649 sunt
1578 3582 2058 3649 contumaciam
2092 3592 2158 3649 et
2192 3584 2650 3668 arrogantiam,
2698 3581 2803 3647 vel

875 3688 1063 3733 suam
1118 3669 1404 3752 ipsorum
1449 3668 1835 3735 tenuitatem
1882 3676 1948 3733 et
2002 3669 2458 3753 ignorantiam,
2517 3669 2623 3733 vel
2669 3688 2800 3733 me·

877 3768 1017 3820 tum
1054 3776 1138 3818 ne
1176 3754 1414 3820 frustra
1450 3753 1747 3819 laborent
1777 3753 1946 3838 apud
1974 3756 2380 3821 refractarios
2405 3763 2805 3838 praetexere,

878 3852 947 3906 et
1002 3841 1093 3905 ita
1150 3838 1621 3922 quodammodo
1681 3860 1831 3906 suae
1888 3861 2124 3905 manue
2184 3841 2469 3922 abluere,
2531 3861 2612 3905 ne
2658 3861 2805 3923 pec·

880 3946 1057 3991 casse
1103 3936 1168 3990 et
1211 3926 1290 3991 ab
1335 3926 1543 3990 officio
1589 3927 1931 3991 recessisse
1977 3925 2338 3992 videantur.
2415 3926 2548 3992 Sed
2594 3926 2809 3991 inanis

879 4014 1002 4078 istc
1063 4020 1460 4094 praetextus,
1522 4025 1587 4075 et
1649 4033 1818 4077 vana
1862 4014 2209 4089 excusati0‚
2270 4012 2442 4095 quod
2492 4033 2618 4076 non
2668 4012 2807 4076 ani-

879 4097 1301 4163 madvertunt
1355 4097 1456 4161 ieti
1504 4098 1799 4164 homines
1859 4118 2000 4164 sese
2040 4098 2120 4163 ab
2163 4097 2378 4164 officio
2435 4098 2810 4163 recedentes

879 4182 1191 4250 adversus
1237 4183 1457 4247 Deum
1519 4203 1782 4266 peccare
1837 4192 1903 4249 et
1960 4182 2434 4267 quodammodo
2495 4183 2811 4249 dedecore

880 4282 947 4336 et
987 4267 1355 4354 ignominia
1399 4268 1676 4343 afficere,
1735 4290 1938 4352 quum
1983 4289 2102 4352 pro
2148 4270 2468 4351 aequitate
2512 4280 2579 4333 et
2624 4268 2810 4334 recti-

880 4355 1108 4421 tudine
1152 4364 1327 4421 etare
1370 4353 1544 4437 ipsos
1588 4353 1784 4431 iubet,
1830 4363 1895 4420 et
1938 4356 2113 4421 omni
2161 4355 2521 4421 iniustitiae
2565 4366 2630 4421 et
2673 4375 2809 4419 ma-

880 4441 1109 4507 leficiis
1161 4462 1301 4505 sese
1361 4458 1479 4522 pro
1526 4439 1774 4505 viribus
1820 4461 2143 4523 opponere
2190 4451 2254 4505 et
2297 4462 2499 4524 prava
2543 4440 2812 4506 consilia

880 4527 1333 4593 condemnare.
1380 4524 1601 4606 Quare
1638 4545 1837 4608 quum
1878 4527 2000 4593 hoc
2036 4527 2220 4592 Deus
2265 4526 2500 4605 iubeat,
2546 4526 2812 4592 minime

881 4611 1307 4679 dubitandum
1353 4620 1472 4690 est,
1533 4612 1692 4694 quin
1736 4610 2139 4678 obedientiae
2182 4611 2541 4691 benedicat,
2598 4621 2662 4676 et
2705 4612 2809 4676 vel

882 4699 1097 4765 surdis
1157 4697 1267 4762 det
1310 4716 1499 4762 aures
1545 4696 1626 4762 ad
1672 4697 2105 4763 admittendae
2150 4697 2645 4776 admonitiones,
2707 4696 2811 4762 vel

879 4784 1179 4850 meritam
1241 4783 1602 4849 mercedem
1662 4783 2005 4867 rependat:
2074 4793 2494 4867 nostramque
2548 4803 2809 4868 operam

883 4880 1137 4954 gratam
1184 4877 1252 4934 et
1295 4878 1623 4952 acceptam
1670 4869 1934 4935 habeat:
1996 4870 2098 4935 vel
2145 4871 2201 4936 si
2244 4892 2390 4936 cum
2436 4869 2654 4936 efferis
2696 4868 2811 4934 ho-

882 4956 1164 5020 minibus
1211 4953 1394 5021 nobis
1439 4956 1637 5021 fuerit
1680 4956 2036 5040 negotium,
2096 4977 2206 5021 eos
2249 4964 2476 5022 contra
2521 4956 2811 5020 omnium

883 5042 1249 5125 opinionem
1320 5039 1535 5106 domet
1600 5055 1664 5106 et
1744 5050 2116 5107 mansuetos
2183 5041 2431 5107 reddat.
2539 5042 2812 5123 Conspi-

883 5146 1075 5190 cuum
1123 5125 1282 5190 illud
1329 5128 1630 5211 exemplo
1676 5126 2056 5192 Ionathani:
2121 5135 2192 5192 ut
2237 5148 2365 5192 non
2414 5126 2681 5192 dubium
2727 5126 2814 5191 sit

882 5211 1043 5294 quin
1078 5210 1259 5277 Deus
1307 5222 1594 5278 nostram
1642 5213 2074 5279 obedientiam
2120 5214 2412 5296 accipiat,
2459 5220 2525 5278 et
2562 5213 2812 5278 labores

2534 308 2936 374 HOMILIA
2987 308 3203 374 LXX.

2692 947 2803 1010 po-
2907 925 3021 991 sed
3082 925 3439 991 refractarii
3498 926 3831 991 fuerimus.

4671 311 4763 374 312

2906 496 3305 575 benevertat,
3364 518 3561 579 quum
3609 517 3871 580 operam
3918 497 3986 561 in
4031 515 4106 561 eo
4151 496 4673 575 collocaverimus,
4720 518 4772 562 ut

2907 582 3079 666 quod
3138 583 3559 667 praescripsit
3613 605 3728 647 suo
3789 581 3986 647 verbo
4042 603 4170 647 non
4232 582 4427 646 inviti
4471 603 4771 665 sequamur.

2905 669 3125 750 Quum
3173 689 3329 733 vero
3366 666 3528 733 Saul
3574 667 3924 733 Ionathani
3963 667 4228 733 monitis
4272 666 4771 749 obtemperaverit,

2906 775 3335 838 agnoscamus
3378 774 3497 819 nos
3542 754 3844 836 centuplo
3879 753 4180 837 graviore
4225 774 4435 836 poena
4471 755 4771 820 multandos

2907 863 2945 905 a
2989 840 3289 917 Domino,
3334 841 3388 904 ei
3434 839 3981 906 admonitionibus
4025 839 4238 905 locum
4286 860 4415 904 non
4454 837 4776 919 dederimus,

3936 924 4113 991 Sane
4174 923 4336 990 Saul
4392 945 4524 988 non
4580 949 4776 1009 semper

2907 1035 2977 1077 se
3021 1012 3483 1094 obsequentem
3531 1012 3695 1077 bene
3730 1010 4143 1076 monentibus
4178 1011 4500 1094 praebuit,
4545 1025 4612 1075 ut
4643 1013 4776 1078 dein·

2907 1118 3058 1180 ceps
3095 1096 3449 1181 apparebit,
3494 1108 3561 1160 et
3595 1098 3736 1162 eine
3774 1098 4027 1162 ratione
4062 1107 4128 1161 et
4165 1096 4497 1179 aequitate
4532 1096 4595 1160 in
4630 1119 4778 1180 pravo

2908 1204 3024 1248 suo
3094 1183 3393 1249 instituto
3460 1184 3784 1266 perrexit:
3868 1194 4322 1248 verumtamen
4406 1181 4589 1246 illum
4646 1183 4781 1249 Deus

2909 1269 3030 1335 hoc
3075 1279 3365 1352 tempore
3411 1268 3623 1333 voluit
3665 1269 3843 1334 sanie
3885 1268 4005 1333 filii
4051 1267 4339 1334 consiliis
4374 1267 4779 1351 obtemperare,

2908 1364 2973 1419 et
3020 1355 3203 1420 nobis
3264 1354 3562 1438 exemplo
3608 1375 3749 1419 esse
3793 1354 3963 1436 quod
4011 1355 4362 1419 imitemur.
4456 1353 4586 1418 Res
4626 1357 4780 1419 admi·

2909 1441 3114 1506 randa
3150 1441 3432 1523 profecto
3468 1440 3608 1517 fuit,
3645 1440 3995 1506 fanaticum
4032 1452 4100 1506 et
4136 1440 4448 1504 furiosum
4491 1439 4781 1517 hominem,

2910 1535 2976 1592 et
3049 1535 3428 1610 arroganter
3494 1525 3805 1591 adversus
3871 1526 4083 1609 ipsum
4140 1523 4355 1591 Deum
4437 1526 4782 1604 frementem,

2907 1613 3070 1676 iram
3115 1612 3623 1694 despumantem,
3685 1612 3971 1678 malitiae
4015 1632 4089 1677 ac
4135 1611 4515 1676 rebellionis
4559 1611 4788 1694 plenum,

2909 1705 2975 1763 et
3032 1698 3356 1763 vindictae
3423 1696 3750 1780 cupidum,
3819 1697 4066 1765 moveri
4119 1709 4334 1761 tamen
4403 1696 4787 1762 admonitione

2908 1784 3042 1862 filii,
3089 1795 3153 1847 et
3198 1785 3287 1848 ita
3331 1785 3501 1850 flecti
3550 1794 3620 1847 ut
3668 1783 3904 1848 Davidi
3950 1783 4333 1848 conciliatus
4377 1783 4506 1864 ipsi
4566 1794 4787 1847 mortem

2907 1880 3161 1935 struere
3217 1867 3573 1935 desisteret.
3682 1867 3906 1950 Quare
3961 1869 4015 1933 si
4076 1867 4236 1933 Saul
4306 1880 4443 1933 tam
4515 1870 4789 1950 improbus

2906 1968 2973 2020 et
3016 1955 3391 2039 flagitiosus,
3437 1964 3652 2020 tamen
3700 1955 4028 2037 acquievit
4060 1954 4418 2019 Ionathani
4466 1953 4586 2018 filii
4619 1953 4789 2019 admo-

2907 2041 3162 2119 nitioni,
3222 2039 3378 2107 licet
3434 2041 3722 2125 graviter
3779 2038 3862 2105 ab
3921 2041 4059 2123 ipso
4107 2039 4705 2123 reprehenderetur,
4748 2056 4794 2103 et

2908 2136 3017 2191 tan
3065 2147 3214 2191 uam
3261 2127 3561 2210 ingratus
3602 2136 3668 2191 et
3713 2124 4031 2192 homicida
4070 2136 4511 2206 accusaretur,
4554 2129 4666 2192 etei
4698 2148 4793 2190 non

2908 2213 3025 2277 toti
3072 2232 3174 2278 em
3253 2211 3511 2295 quidem
3584 2211 3797 2277 verbis
3863 2211 3975 2277 sed
4041 2233 4302 2277 sensum
4374 2220 4600 2276 tamen
4663 2213 4792 2277 hunc

2908 2298 3313 2375 habentibus,
3386 2308 3451 2362 et
3501 2319 3666 2380 quae
3736 2296 3959 2363 solidis
4018 2296 4378 2362 rationibus
4442 2298 4792 2367 nitebantur.

2907 2383 3062 2466 quid
3109 2382 3292 2447 nobie
3347 2384 3637 2448 futurum
3683 2383 4155 2459 existimamus,
4212 2390 4280 2447 et
4322 2403 4527 2465 quam
4573 2404 4794 2449 excusa-

2909 2470 3149 2534 tionem
3196 2481 3667 2552 praetexemus,
3736 2469 3789 2532 ei
3838 2490 3953 2533 noe
3999 2467 4261 2549 quidem
4307 2467 4441 2532 Dei
4491 2468 4655 2533 filios
4692 2490 4794 2533 esee

2908 2555 3078 2620 velle
3116 2555 3493 2638 profitemur
3529 2574 3807 2638 eumque
3830 2553 4041 2620 colere
4065 2564 4133 2617 et
4157 2555 4486 2631 venerari,
4534 2563 4597 2620 et
4624 2566 4795 2619 tamen

2906 2638 3453 2705 admonitionibus
3495 2639 3647 2704 dare
3691 2639 3903 2704 locum
3950 2661 4079 2704 non
4128 2659 4498 2721 possumus,
4545 2640 4651 2705 sed
4684 2639 4794 2703 den·

2908 2725 3079 2791 tibue
3116 2724 3576 2803 infrendemus,
3614 2734 3679 2790 et
3715 2734 3901 2790 extra
3937 2725 4211 2789 rationis
4235 2726 4558 2792 terminos
4593 2725 4795 2810 egredi·

2907 2834 3055 2876 mur
3100 2811 3519 2894 pertinaciter
3574 2812 3947 2877 institutum
4005 2830 4285 2895 pravum
4330 2813 4703 2887 retinentes,
4756 2826 4799 2874 et

2905 2899 2974 2963 in
3018 2899 3201 2980 peius
3246 2896 3554 2962 ruentes?
3646 2896 3784 2962 Nae
3826 2895 4018 2979 longe
4076 2897 4437 2962 deteriores
4485 2897 4677 2964 Saule
4714 2917 4797 2961 noe

2906 2982 3043 3048 fore
3099 2990 3347 3048 certum
3393 2994 3509 3059 eet,
3571 3003 3644 3047 ac
3690 2982 3961 3065 proinde
4006 2982 4451 3048 miserandam
4516 3005 4655 3050 esse
4691 3004 4799 3049 nos-

2907 3077 3078 3134 tram
3137 3067 3606 3135 conditionem:
3668 3066 4186 3150 quandoquidem
4247 3067 4590 3134 horrenda
4643 3087 4801 3152 poena

2905 3162 3129 3220 manet
3172 3176 3297 3230 eoe,
3360 3155 3470 3236 qui
3534 3174 3719 3219 suam
3780 3174 4043 3219 caueam
4104 3156 4595 3221 contumaciter
4636 3155 4803 3220 dese-n-

2906 3240 3057 3305 dere
3125 3241 3364 3304 volent.
3468 3238 3900 3320 Quamobrem
3969 3240 4335 3324 quicunque
4408 3240 4673 3306 tandem
4727 3238 4801 3302 ille

2905 3326 2993 3391 eit
3036 3326 3146 3409 qui
3209 3344 3327 3390 nos
3373 3325 3678 3391 admonet
3721 3334 3786 3389 et
3831 3323 4251 3407 reprehendit
4293 3336 4361 3391 et
4408 3330 4803 3407 cuiuscunque

2905 3409 3292 3477 conditionis
3361 3410 3465 3489 sit,
3534 3420 3600 3476 et
3664 3410 3845 3476 nulla
3910 3412 4060 3476 licet
4127 3412 4490 3476 autoritate
4559 3412 4800 3494 insignis.

2907 3506 3125 3562 tamen
3188 3495 3543 3561 tenendum
3605 3504 3704 3563 est
3762 3517 3800 3562 a
3844 3496 3986 3561 Deo
4050 3497 4338 3562 veritatis
4390 3506 4625 3564 autore
4657 3498 4803 3581 profi·

2906 3583 3055 3648 cisci
3102 3582 3707 3665 reprehensionem:
3756 3603 3949 3665 quam
3987 3582 4043 3647 si
4081 3582 4417 3647 reiicimus
4460 3602 4802 3669 magnopere

2906 3669 3121 3734 Deum
3167 3667 3404 3733 offendi
3450 3676 3698 3734 certum
3741 3676 3860 3735 eet.

3078 3754 3168 3817 Et
3232 3753 3545 3820 hactenus
3602 3754 3681 3818 de
3742 3753 3940 3819 Saule
3999 3752 4242 3818 dictum
4300 3763 4468 3834 esto,
4541 3757 4649 3838 qui
4696 3755 4801 3817 lieet

2908 3840 3054 3905 odio
3100 3840 3537 3906 infensissimo
3584 3839 3906 3905 Davidem
3953 3840 4033 3903 ad
4079 3848 4355 3904 mortem
4398 3861 4613 3924 usque
4646 3858 4803 3923 perse

2911 3934 3236 4008 queretur,
3298 3926 3472 3991 sanie
3520 3932 3736 3991 tamen
3782 3924 3899 3989 filii
3945 3925 4231 3991 consiliis
4275 3936 4339 3990 et
4388 3926 4802 3992 admonitioni·

2912 4012 3032 4076 bus
3078 4011 3286 4076 locum
3335 4010 3530 4090 dedit,
3589 4020 3654 4075 et
3696 4011 4130 4076 conscientiae
4192 4011 4488 4078 stimulis
4534 4012 4799 4079 excitatus

2911 4099 3110 4163 etiam
3156 4097 3573 4162 iureiurando
3619 4096 3905 4169 affirmat
3947 4119 4016 4162 ee
4060 4117 4099 4161 a
4143 4099 4436 4181 cogitata
4481 4099 4670 4164 caede
4706 4098 4803 4159 abs-

2915 4192 3278 4249 tenturum:
3381 4180 3827 4265 Davidemque
3902 4182 3970 4247 in
4034 4182 4312 4267 gratiam
4400 4194 4801 4267 recepturum:

2911 4291 3038 4353 quo
3105 4269 3473 4333 iuramento
3547 4289 3686 4334 sese
3743 4267 4215 4351 quodammodo
4288 4267 4513 4335 voluit
4572 4268 4803 4352 alligare.

2915 4367 2976 4421 et
3040 4355 3180 4419 Deo
3247 4355 3583 4431 subiicere,
3649 4373 3930 4437 suaeque
4002 4352 4373 4420 crudelitati
4447 4366 4517 4420 et
4576 4355 4803 4419 malitia?

2916 4440 3308 4507 renuntiare.
3400 4439 3568 4504 Nam
3631 4449 3879 4505 certum
3946 4448 4046 4505 est
4105 4440 4225 4505 hoc
4285 4440 4660 4507 iuramento
4708 4456 4801 4503 non

2917 4535 3172 4592 tantum
3235 4526 3517 4592 voluisse
3560 4525 3918 4591 Ionathano
3967 4524 4231 4591 Saulem
4276 4526 4488 4592 fidem
4534 4528 4723 4592 faeere
4754 4544 4799 4586 ee

2914 4614 2993 4678 ab
3039 4614 3181 4678 ince
3230 4621 3294 4675 to
3354 4610 3762 4689 destiturum,
3833 4609 3945 4677 sed
4006 4612 4202 4677 etiam
4250 4614 4491 4678 testari
4550 4613 4663 4679 eibi
4698 4628 4801 4692 pe:-

2915 4708 3129 4763 catum
3219 4697 3520 4781 isplicere
3566 4705 3633 4762 et
3677 4719 3759 4762 ex
3806 4697 4023 4762 animo
4072 4697 4304 4773 dolere,
4372 4699 4669 4782 velleque
4706 4696 4801 4760 Deo

2913 4806 3055 4851 seeo
3100 4782 3559 4866 obsequentem
3620 4782 3946 4866 praebere,
4004 4796 4071 4848 et
4115 4784 4185 4847 in
4244 4783 4563 4851 omnibus
4612 4784 4797 4848 obtem·

2915 4891 3159 4954 perare.
3249 4869 3500 4935 Idcirco
3561 4890 3631 4933 se
3692 4870 3862 4934 ultro
3918 4868 4338 4936 iureiurando
4405 4870 4695 4947 devincit,
4744 4884 4798 4926 ne

2914 4977 2954 5021 a
2997 4956 3217 5039 pravis
3260 4977 3336 5020 cu
3388 4955 3725 5022 iditatibue
3771 4954 4148 5039 abripiatur,
4212 4965 4279 5019 et
4324 4956 4664 5021 tentationi
4700 4972 4797 5016 eue-

2915 5044 3198 5124 cumbat,
3255 5064 3324 5107 ee
3425 5049 3501 5106 ut
3558 5040 3816 5107 fortiter
3874 5041 4006 5106 illie
4049 5041 4331 5107 resistat.
4431 5041 4596 5109 Sese
4636 5044 4797 5119 itaque

2915 5127 3334 5193 iureiurando
3380 5126 3753 5211 adstringit,
3798 5136 3875 5192 ut
3918 5127 3975 5193 si
4019 5126 4214 5193 fidem
4262 5127 4472 5205 fallat,
4520 5127 4723 5193 merito
4750 5130 4795 5182 nt

2915 5214 3156 5296 impius
3215 5223 3280 5279 et
3335 5214 3684 5279 sceleratus
3745 5236 3783 5279 a
3829 5210 3971 5279 Deo
4015 5212 4345 5297 puniatur.
4445 5210 4793 5281 Tantundem
