5059 6059
315 299 432 365 433

317 494 609 566 verterat,
682 505 890 568 neque
947 482 1234 549 familiae
1291 503 1450 548 suae
1511 482 1910 567 providerat,
1982 482 2052 547 in
2109 502 2238 565 qua

319 596 427 642 sna
481 570 839 639 socordiam
882 568 1127 634 malum
1176 569 1242 633 in
1287 569 1428 634 dies
1472 577 1733 635 auctum
1778 569 1997 652 potius
2041 589 2235 651 quam

318 657 715 728 emendatum
778 656 1009 721 fuerat.
1095 654 1329 738 Itaque
1371 657 1609 720 merito
1653 676 1906 724 nunc-a
1950 654 2234 718 Domine

316 746 607 832 punitum
656 741 980 807 videmus.
1067 739 1260 824 Quod
1304 741 1360 807 si
1407 741 1567 808 haec
1611 740 1791 824 ligno
1836 739 2035 806 viridi
2068 739 2236 806 acci-

316 834 488 912 dunt,
544 827 700 913 quid
760 827 945 893 arido
1001 826 1298 892 futurum
1356 825 1710 908 putamus?
1777 825 2001 907 Quare
2059 825 2235 908 cogi-

315 931 516 984 temus
580 913 795 998 qualis
858 911 1015 978 Heli
1084 912 1297 978 fuerit.
1389 913 1616 996 Neque
1681 912 1855 976 enim
1918 911 2033 976 ille
2112 912 2235 977 Dei

312 1011 724 1084 contemptor,
779 998 895 1065 sed
954 997 1172 1066 liberis
1215 999 1353 1064 suis
1398 998 1859 1082 indulgentior,
1925 1019 2049 1062 non
2094 997 2238 1062 fun-

311 1091 480 1175 gitur
521 1087 735 1153 officio
780 1086 848 1151 in
892 1084 1276 1169 corrigenda
1319 1083 1674 1149 liberorum
1718 1083 1986 1160 malitia,
2042 1083 2235 1148 sicuti

308 1197 419 1260 par
471 1182 633 1240 erat.
722 1169 1071 1238 Horrenda
1127 1181 1348 1236 tamen
1402 1181 1468 1235 et
1528 1170 1851 1252 stupenda
1904 1168 2030 1233 Dei
2091 1168 2232 1234 vin·

308 1263 489 1328 dicta.
579 1257 760 1339 Quid
846 1257 1021 1323 enim
1095 1258 1386 1322 futurum
1453 1253 1641 1321 nobis
1706 1265 2011 1338 putamus
2076 1254 2235 1319 Heli

306 1349 489 1432 longe
547 1344 995 1421 deterioribus,
1061 1340 1230 1425 quod
1290 1362 1419 1407 non
1477 1342 1688 1406 solum
1734 1341 1985 1424 flagitia
2028 1339 2235 1405 multa

306 1447 520 1500 nostra
583 1428 882 1497 socordia
940 1427 1451 1506 toleraverimus,
1523 1427 1635 1492 sed
1692 1447 1916 1491 eorum
1971 1425 2232 1504 conscii,

306 1521 494 1584 immo
550 1527 622 1582 et
664 1515 857 1600 primi
905 1525 1166 1580 autores
1210 1512 1574 1579 fuerimus?
1643 1513 1867 1578 Nosne
1912 1511 2073 1578 haec
2115 1511 2235 1576 im-

306 1626 465 1687 pune
528 1602 786 1668 laturos
851 1598 1237 1682 speramus?
1304 1598 1611 1664 Notanda
1677 1619 1829 1663 vero
1888 1597 1958 1661 in
2006 1597 2232 1679 primis

304 1691 405 1755 illa
466 1687 997 1757 circumstantia:
1064 1685 1267 1752 Helin
1336 1684 1415 1750 de
1480 1706 1631 1752 arca
1697 1684 1822 1749 Dei
1884 1683 2232 1749 sollicitum

304 1785 515 1843 contra
575 1777 754 1840 viam
799 1773 1182 1854 respexisse.
1270 1771 1441 1835 Nam
1487 1790 1571 1835 ex
1615 1769 1745 1835 illis
1787 1768 2008 1836 verbis
2046 1769 2234 1835 facile

305 1862 677 1946 colligimus,
755 1880 922 1942 quae
988 1858 1294 1940 deinceps
1358 1855 1765 1939 experientia
1835 1864 1980 1920 rata
2045 1856 2231 1935 facit,

304 1948 488 2014 Helin
562 1945 651 2011 de
725 1945 850 2010 Dei
911 1943 1159 2008 honore
1218 1944 1426 2025 magis
1484 1963 1679 2026 quam
1740 1941 1820 2008 de
1875 1941 2229 2007 liberorum

303 2054 551 2099 suorum
626 2032 840 2097 salute
896 2028 1100 2095 fuisse
1162 2028 1532 2095 sollicitum.
1621 2028 1852 2110 Neque
1892 2027 2067 2092 enim
2113 2025 2232 2091 du-

306 2121 467 2184 bium
521 2125 648 2196 est,
717 2117 873 2200 quin
931 2117 1055 2181 etsi
1114 2115 1313 2180 fuerit
1370 2115 1439 2178 in
1483 2112 1911 2197 corripiendis
1956 2114 2084 2178 illis
2127 2134 2230 2178 re-

305 2206 559 2279 missior,
638 2214 861 2269 tamen
926 2223 1037 2268 eos
1100 2202 1187 2266 sit
1251 2200 1632 2282 detestatus,
1698 2208 1768 2264 et
1823 2199 1903 2263 de
1948 2197 2231 2265 naturali

304 2291 407 2355 illa
437 2292 659 2376 στοργῇ
700 2298 970 2372 paterna
1007 2287 1361 2370 plurimum
1397 2288 1751 2363 remiserit,
1797 2283 1965 2368 quod
2003 2283 2231 2366 dignos

306 2376 534 2442 videret
592 2375 710 2459 qui
769 2376 836 2440 in
895 2374 1187 2440 omnium
1248 2381 1694 2453 contemptum
1741 2379 1807 2435 et
1848 2369 2071 2436 odium
2118 2391 2225 2436 ve-

303 2462 522 2527 nirent.
617 2462 850 2542 Itaque
914 2461 1215 2524 videmus
1277 2458 1383 2523 hic
1442 2457 1643 2522 Helin
1689 2456 2039 2522 liberorum
2080 2475 2226 2522 suo-

302 2569 435 2613 rum
455 2567 672 2631 paene
694 2546 988 2620 oblitum,
1036 2545 1139 2609 vel
1186 2564 1313 2607 non
1353 2564 1747 2626 magnopere
1789 2541 1870 2606 de
1908 2541 2068 2624 ipsis
2103 2542 2228 2607 sol-

302 2635 553 2701 licitum.
648 2631 855 2714 Atqui
912 2630 1101 2694 illum
1162 2630 1503 2712 oportebat
1546 2627 1626 2693 de
1669 2628 2053 2694 imminente
2096 2626 2225 2692 Dei

303 2719 522 2786 iudicio
567 2717 969 2795 meminisse,
1016 2714 1189 2798 quod
1233 2736 1273 2780 a
1318 2715 1636 2798 propheta
1681 2715 2062 2778 nominatim
2110 2712 2224 2778 ad-

301 2807 569 2870 monitus
639 2803 886 2881 fuisset,
948 2802 1086 2866 fore
1146 2811 1221 2864 ut
1277 2801 1467 2865 ambo
1524 2799 1729 2883 ipsius
1783 2799 1899 2863 filii
1944 2819 2076 2863 uno
2118 2796 2224 2863 die

300 2888 669 2956 occiderent.
758 2887 981 2969 Quare
1056 2886 1242 2952 illum
1321 2886 1481 2950 haec
1558 2886 1847 2970 cogitare
1911 2885 2220 2967 oportuit,

301 2996 445 3057 quae
473 2996 642 3041 sane
679 2971 1032 3040 verimisile
1068 2981 1167 3036 est
1202 2973 1400 3037 etiam
1437 2993 1587 3037 eum
1624 2972 1846 3036 liberis
1882 2971 2219 3036 metuisse:

300 3064 395 3127 sed
428 3062 531 3128 bic
567 3060 863 3128 filiorum
898 3079 1124 3124 curam
1161 3059 1471 3122 abiecisse
1509 3057 1783 3131 videtur,
1823 3067 1894 3121 ut
1928 3053 2222 3120 studium

301 3150 422 3214 eius
461 3149 527 3214 in
576 3147 714 3213 Dei
759 3144 1033 3229 gloriam
1078 3154 1146 3207 et
1179 3144 1429 3208 cultum
1468 3145 1580 3208 fiat
1616 3143 2039 3224 conspectius.
2132 3145 2221 3205 At

301 3255 411 3299 non
451 3243 659 3299 antea
700 3233 914 3298 fuerat
956 3233 1096 3295 eius
1137 3228 1300 3294 adeo
1345 3229 1672 3295 studiosus
1707 3239 1900 3310 atque
1935 3226 2220 3292 officium

299 3320 676 3402 postulabat.
770 3318 899 3383 Hic
978 3337 1095 3381 nos
1172 3316 1372 3399 igitur
1448 3326 1758 3397 tanquam
1825 3315 1892 3378 in
1959 3313 2219 3396 speculo

302 3406 714 3489 contemplari
761 3405 930 3478 licet,
976 3423 1139 3485 quos
1185 3422 1290 3467 res
1335 3400 1716 3484 plerumque
1760 3398 2082 3464 secundae
2127 3400 2219 3463 fa-

302 3491 467 3558 ciunt
504 3495 570 3557 in
618 3491 752 3558 Dei
794 3490 973 3554 cultu
1018 3489 1439 3554 remissiores.
1531 3487 1619 3550 Et
1662 3497 1916 3566 contra,
1958 3487 2011 3550 si
2049 3486 2215 3568 quod

302 3577 419 3642 irae
500 3580 627 3644 Dei
711 3577 973 3659 signum
1050 3583 1336 3658 apparet,
1405 3573 1766 3638 excitamur
1829 3592 1868 3636 a
1934 3581 2219 3648 veterno,

304 3662 456 3744 quod
500 3664 687 3728 nulla
730 3663 867 3726 irae
909 3682 1069 3726 suae
1112 3660 1354 3724 indicia
1399 3658 1540 3722 Deo
1582 3659 2072 3724 demonstrante
2102 3677 2218 3722 nos

303 3748 440 3813 adeo
471 3756 924 3831 occupaverat,
982 3757 1058 3810 ut
1092 3744 1246 3810 licet
1279 3767 1389 3810 sus
1427 3744 1632 3827 deque
1661 3745 1878 3808 omnia
1900 3745 2214 3821 ferantur,

305 3843 493 3899 tamen
558 3835 697 3900 illis
762 3853 893 3897 non
950 3850 1361 3896 moveamur:
1434 3853 1508 3896 ac
1569 3851 1833 3913 prorsus
1889 3830 2212 3895 excaecati

304 3918 632 4000 videamur,
681 3929 760 3985 ut
800 3917 1253 4001 grassantibus
1299 3916 1586 3998 undique
1629 3915 2057 3991 offendiculis,
2119 3924 2215 3979 ta-

297 4025 429 4069 men
470 4027 705 4091 parum
750 4005 865 4069 illa
907 4023 1226 4070 curemus.
1315 4001 1447 4069 Sed
1483 4003 1540 4066 si
1578 4000 1760 4066 Deus
1795 4002 1864 4066 in
1900 4000 2213 4067 iudicium

297 4107 649 4176 apparatus,
722 4102 789 4156 et
843 4090 923 4156 de
985 4090 1171 4155 nobis
1230 4090 1547 4154 rationem
1607 4088 1870 4152 illorum
1917 4088 2212 4151 omnium

295 4178 726 4259 postulaturus
790 4175 1107 4255 videatur,
1173 4187 1312 4239 tum
1373 4194 1525 4240 vero
1572 4174 1855 4256 undique
1900 4174 2210 4256 prospici·

295 4283 441 4342 mus,
481 4277 547 4331 et
589 4266 674 4330 de
720 4262 1090 4346 praeteritis
1131 4261 1396 4325 offensis
1439 4262 1819 4343 cogitantes,
1879 4260 2209 4340 quodcun-

294 4368 406 4430 que
440 4350 801 4433 perieulum
838 4361 1128 4413 metuere
1164 4349 1563 4427 incipiemus.
1651 4346 1765 4411 Sic
1801 4346 2020 4427 itaque
2056 4344 2212 4410 Heli

296 4454 356 4499 se
396 4436 498 4502 hic
539 4437 783 4520 gessit:
842 4432 1011 4517 quod
1060 4433 1243 4497 nobis
1287 4431 1658 4513 exemplum
1706 4431 2095 4514 proponitur
2139 4441 2211 4495 ut

294 4540 365 4584 ex
419 4544 492 4588 eo
541 4523 891 4597 discamus,
948 4519 1027 4584 de
1072 4519 1195 4583 Dei
1242 4518 1422 4584 cultu
1468 4518 1625 4582 dum
1670 4517 1865 4582 rebus
1908 4516 2210 4582 secundis

296 4618 355 4669 et
406 4609 777 4691 tranquillis
832 4606 1078 4671 utimur
1120 4606 1213 4671 sic
1258 4605 1561 4688 cogitare,
1623 4625 1704 4667 ne
1751 4624 2035 4684 unquam
2081 4602 2207 4666 Dei

294 4691 506 4759 iudicis
560 4714 831 4759 manum
891 4703 1340 4774 exspectemus
1395 4689 1475 4753 ad
1536 4712 1652 4754 nos
1698 4688 2058 4771 puniendos
2104 4709 2209 4752 ar·

298 4793 543 4847 matam.
632 4780 724 4845 Et
776 4779 929 4845 licet
974 4799 1090 4844 nos
1132 4778 1202 4841 in
1251 4773 1746 4841 mansuetudine
1790 4786 1855 4839 et
1898 4775 2211 4856 patientia

299 4861 523 4929 diutius
585 4865 838 4941 toleret,
905 4875 1123 4928 tamen
1181 4864 1273 4927 ita
1341 4883 1575 4926 nomen
1620 4862 1759 4926 eius
1804 4860 2092 4926 colamus
2135 4879 2209 4924 ac

295 4966 688 5026 veneremur,
735 4971 818 5014 ne
865 4970 1157 5031 unquam
1195 4948 1525 5013 reiiciendi
1571 4968 1707 5021 nos,
1754 4956 1869 5011 aut
1901 4945 1993 5009 ita
2028 4966 2210 5011 seve-

299 5034 445 5098 riter
485 5035 797 5120 puniendi
840 5035 1028 5117 quasi
1074 5035 1153 5098 de
1198 5033 1389 5098 domo
1435 5043 1503 5097 et
1544 5033 1815 5099 ecelesia
1850 5053 1970 5097 sua
2006 5031 2211 5096 deiec-

301 5128 472 5186 turus
529 5134 719 5196 esset,
775 5122 1174 5187 occasionem
1234 5120 1330 5184 illi
1375 5119 1818 5201 praebeamus.
1906 5118 2208 5200 Denique

302 5206 411 5270 etsi
450 5228 593 5272 sero
636 5207 789 5272 Heli
836 5207 915 5271 de
957 5206 1085 5270 Dei
1122 5206 1329 5287 gloria
1362 5206 1680 5272 sollicitus
1714 5215 1781 5270 et
1814 5205 2051 5271 anxius
2086 5212 2206 5283 est,

519 5308 740 5364 Caluini
764 5325 958 5379 opera.
995 5307 1112 5366 Vol.
1135 5307 1370 5367 XXIX.

1652 292 1749 359 IN
1789 293 1845 359 1.
1889 292 2071 364 LIB.
2118 291 2522 361 SAMUEL.
2568 292 2766 360 OAP.
2811 293 2935 360 IV.

4151 303 4283 370 434

2338 481 2668 549 laudanda
2725 490 2944 549 tamen
2998 482 3158 552 haec
3214 505 3372 551 cura
3428 494 3498 552 et
3552 485 3920 555 sollicitudo
3961 509 4083 572 pro
4127 512 4281 560 arca

2340 568 2454 634 illa
2495 568 2792 651 foederis,
2848 568 3173 635 laudanda
3217 572 3659 655 tranquillitas
3702 574 3904 640 animi
3950 596 4081 658 qua
4122 597 4279 661 poe·

2339 675 2458 721 nas
2515 654 2765 737 recipit,
2824 658 2947 721 etsi
2993 657 3174 739 prius
3219 667 3597 740 oportuerat
3638 660 3813 726 istud
3859 660 3941 726 ab
3984 661 4098 728 illo
4142 664 4276 731 sac·

2339 750 2502 816 tum,
2548 760 2759 824 neque
2802 763 2922 808 sua
2965 742 3368 826 negligentia
3411 745 3546 827 pati
3582 744 3893 812 debuerat
3928 746 4059 812 Dei
4093 770 4280 816 sanc-

2339 825 2626 891 tuarium
2682 826 2933 892 tamdiu
2990 828 3194 911 pollui
3253 836 3320 894 et
3371 831 3720 913 profanari.
3810 832 4040 915 Neque
4099 835 4275 900 enim

2336 920 2595 995 tempus
2652 923 2791 977 erat
2847 912 2927 978 de
2970 936 3040 979 se
3082 915 3432 998 cogitandi,
3489 936 3688 999 quum
3734 928 3881 1001 post
3923 921 4277 986 commina-

2338 999 2587 1063 tionem
2632 998 2816 1064 Deus
2859 1000 2928 1063 in
2972 998 3282 1067 iudicium
3318 1000 3724 1069 adveniebat.
3814 1003 4089 1070 Interim
4136 1006 4275 1072 ani-

2336 1082 2750 1149 madvertere
2809 1084 2960 1150 licet
3012 1095 3261 1167 quanta
3311 1087 3510 1152 fuerit
3568 1087 3931 1154 sollicitudo
3991 1100 4059 1154 et
4116 1110 4275 1157 cura

2334 1169 2543 1252 ipsius
2607 1170 2688 1235 de
2746 1189 2896 1235 arca
2953 1170 3244 1250 Domini,
3311 1172 3495 1239 cuius
3539 1174 3817 1240 salutem
3863 1175 4062 1240 morti
4105 1176 4272 1242 filio·

2335 1276 2484 1320 rum
2526 1255 2722 1339 longe
2764 1256 3187 1339 praeferebat.
3275 1257 3470 1338 Quod
3511 1258 3622 1323 ille
3665 1281 3738 1324 re
3780 1260 3922 1343 ipsa
3958 1269 4274 1328 testatum

2333 1341 2505 1420 fecit,
2567 1362 2767 1425 quum
2826 1341 2908 1407 ad
2952 1343 3265 1410 nuncium
3311 1343 3570 1428 quidem
3617 1344 3696 1410 de
3740 1347 3920 1412 obitu
3964 1346 4270 1427 filiorum,

2333 1427 2600 1492 minime
2660 1438 3138 1494 commovetur:
3207 1429 3322 1494 sed
3387 1430 3540 1494 forti
3594 1439 3662 1495 et
3717 1432 3990 1516 patienti
4050 1434 4270 1498 animo

2333 1511 2770 1578 calamitatem
2831 1514 3160 1595 privatam
3219 1513 3521 1580 devorat:
3590 1525 3661 1582 at
3718 1537 3917 1600 quum
3964 1517 4044 1583 de
4084 1539 4271 1585 arcae

2333 1610 2605 1681 captura
2646 1600 2790 1664 fieri
2834 1600 3236 1664 mentionem
3282 1599 3482 1680 audit,
3543 1622 3696 1684 prae
3739 1601 4084 1670 formidine
4126 1625 4270 1670 cor-

2333 1687 2486 1765 ruit,
2522 1685 2892 1750 divinorum
2928 1706 3165 1769 nempe
3200 1684 3586 1751 iudiciorum
3623 1689 4062 1769 severitatem,
4100 1710 4269 1772 quae

2336 1771 2455 1835 toti
2514 1771 2754 1853 populo
2808 1771 3156 1836 imminere
3198 1771 3566 1850 videbatur,
3632 1784 3950 1853 metuens,
3993 1794 4071 1840 ac
4115 1797 4270 1858 prae

2334 1857 2610 1921 horrore
2654 1868 2831 1921 retro
2877 1856 3122 1941 lapsus,
3178 1858 3462 1925 concidit
3508 1867 3575 1923 et
3617 1867 3911 1926 mortuus
3956 1871 4072 1926 est.
4160 1862 4270 1926 Ex

2335 1943 2438 2008 his
2506 1941 2723 2007 verbis
2782 1944 3204 2026 conspicuum
3270 1951 3397 2024 est,
3471 1944 3671 2009 Helin
3732 1945 3802 2009 in
3859 1946 4001 2028 ipsa
4058 1957 4269 2013 morte

2332 2026 2626 2094 studium
2697 2027 2858 2093 illud
2925 2030 3273 2095 retinuisse
3337 2040 3403 2095 et
3468 2029 3874 2096 affectionem
3941 2031 4121 2098 illam
4187 2030 4269 2098 de

2332 2134 2459 2197 qua
2527 2114 2848 2196 propheta
2911 2114 2977 2180 in
3035 2115 3321 2182 Psalmis
3379 2115 3725 2198 gloriatur:
3801 2115 3993 2183 Zelus
4047 2120 4268 2184 domus

2330 2205 2473 2264 tuae
2513 2200 2772 2265 eomedit
2810 2220 2939 2266 me.-
2981 2205 3038 2265 et
3080 2202 3419 2282 opprobria
3452 2202 3962 2283 exprobrantium
4018 2203 4132 2269 tibi
4173 2224 4266 2270 ce·

2328 2285 2608 2351 ciderunt
2649 2306 2840 2367 super
2881 2306 2997 2352 me.
3082 2285 3234 2367 Qua
3276 2288 3345 2351 in
3398 2296 3583 2369 parte
3628 2287 3982 2372 singularis
4027 2289 4154 2355 Dei
4199 2290 4272 2355 in

2330 2371 2550 2455 ipsum
2591 2380 2862 2455 apparet
2906 2371 3373 2453 benevolentia,
3418 2373 3588 2455 quod
3633 2375 3701 2437 in
3749 2375 3890 2456 ipso
3926 2375 4104 2440 obitu
4142 2376 4270 2442 Dei

2330 2477 2618 2522 amorem
2658 2459 3018 2536 retinuerit,
3054 2478 3257 2540 quum
3295 2465 3514 2524 tamen
3552 2459 3751 2525 nimis
3786 2459 3895 2525 diu
3919 2459 4270 2526 liberorum

2329 2542 2600 2627 flagitiis
2657 2542 3102 2624 dissimulatis,
3168 2543 3410 2628 dignus
3468 2542 3804 2610 videretur
3848 2566 4045 2627 quem
4087 2545 4272 2612 Deus

2328 2649 2596 2711 prorsus
2640 2637 3034 2706 excaecaret,
3081 2635 3149 2695 et
3190 2630 3368 2694 omni
3404 2630 3682 2696 rationis
3717 2652 3915 2698 sensu
3953 2632 4267 2714 privaret.

2331 2712 2463 2781 Sed
2521 2716 2617 2780 ita
2671 2715 2837 2782 solet
2892 2735 3046 2781 suos
3090 2713 3418 2780 Dominus
3461 2716 3660 2781 etiam
3706 2717 3928 2800 procul
3974 2727 4269 2784 errantes

2330 2809 2396 2865 et
2458 2799 2682 2866 devios
2746 2822 2865 2885 per
2928 2801 3124 2868 huius
3189 2800 3415 2866 mundi
3474 2801 3751 2886 deserta,
3817 2803 3960 2868 istis
4004 2803 4269 2887 quidem

2332 2886 2455 2950 hoc
2498 2887 2682 2965 vitio,
2727 2887 2861 2954 illis
2907 2887 3033 2953 alio
3077 2887 3541 2966 laborantibus,
3581 2886 3663 2953 ad
3709 2888 4042 2954 meliorem
4086 2888 4262 2954 viam

2328 2992 2653 3052 revocare,
2719 2980 2787 3037 et
2851 2973 2922 3038 in
2992 2994 3184 3038 suum
3249 2972 3421 3039 ovile
3465 2973 3771 3055 recipere,
3844 2974 3954 3056 qui
4000 2993 4269 3056 prorsus

2325 3057 2524 3123 alieni
2592 3058 2674 3122 ab
2733 3059 2846 3124 illo
2903 3079 3045 3124 esse
3102 3058 3515 3125 videbantur.
3603 3058 3908 3141 Denique
3967 3059 4265 3125 videmus

2328 3143 2528 3207 Helin
2593 3143 2808 3210 studio
2863 3142 3342 3226 promovendae
3395 3145 3523 3210 Dei
3628 3144 3828 3210 lorias
3887 3145 4266 3212 vehementi

2323 3229 2524 3295 fuisse
2568 3230 2934 3314 incensum,
2991 3230 3115 3296 etsi
3157 3238 3352 3296 antea
3392 3252 3527 3297 non
3601 3231 3833 3297 ecisset
3874 3231 3945 3295 in
3990 3252 4069 3296 ea
4112 3252 4264 3314 pro·

2322 3315 2649 3381 movenda
2704 3315 2873 3400 quod
2934 3315 3246 3382 debuerat
3301 3315 3611 3383 officium.
3699 3316 3868 3384 Nam
3927 3338 4131 3400 quum
4176 3337 4263 3381 ex

2320 3421 2511 3466 arcae
2569 3413 2843 3484 captura
2900 3401 3066 3468 vidit
3123 3402 3265 3467 Deo
3325 3422 3563 3467 nomen
3616 3402 3684 3467 in
3727 3401 4014 3467 hostium
4054 3402 4266 3485 profa-

2322 3508 2556 3552 norum
2615 3497 2682 3552 et
2722 3488 3071 3571 impiorum
3114 3496 3559 3571 contemptum
3606 3499 3977 3568 venturum,
4042 3496 4108 3554 et
4152 3509 4262 3554 eo-

2318 3573 2595 3638 rundem
2641 3575 2950 3640 conviciis
2993 3583 3060 3639 et
3102 3574 3512 3640 contumeliis
3556 3574 3924 3656 expositum
3969 3574 4263 3640 animad-

2319 3659 2537 3736 vertit,
2574 3668 2749 3726 totus
2783 3660 3139 3740 cohorruit,
3177 3669 3580 3742 mortemque
3617 3659 3741 3726 sibi
3766 3661 3900 3726 vita
3922 3661 4257 3727 meliorem

2317 3743 2523 3809 duxit.
2613 3746 2772 3811 'Pale
2831 3743 2957 3810 fuit
2998 3744 3155 3810 olim
3197 3743 3489 3810 fidelium
3535 3766 3692 3828 erga
3733 3745 4071 3812 ecclesiam
4117 3757 4256 3812 stu·

2316 3828 2528 3896 dium:
2575 3841 2771 3895 notae
2814 3840 2969 3897 sunt
3010 3831 3187 3896 enim
3231 3829 3383 3895 illae
3419 3831 3488 3895 in
3525 3831 3810 3896 Psalmis
3846 3851 4069 3897 voces:
4114 3833 4251 3899 Ad-

2313 3916 2566 3981 haereat
2624 3917 2842 4000 linqua
2903 3916 3197 3999 faucibus
3239 3917 3418 3999 mei-v,
3475 3916 3539 3983 si
3593 3937 3722 3982 non
3761 3918 4093 3983 meminero
4133 3919 4248 3999 tui,

2313 4002 2374 4067 si
2416 4002 2641 4068 oblitus
2680 4004 2776 4068 tui
2815 4004 3013 4085 fuero,
3075 3998 3445 4068 Ierusalem.
3534 4001 4080 4085 Quandoquidem
4124 4004 4249 4087 igi-

2315 4098 2427 4153 tur
2487 4111 2569 4153 ex
2614 4087 2837 4154 audito
2881 4097 3106 4171 captae
3151 4108 3339 4154 arcae
3383 4088 3623 4152 nuncio
3668 4097 3928 4153 tantum
3952 4088 4249 4171 concepit

2314 4174 2622 4252 dolorem,
2682 4175 3068 4240 existimans
3122 4173 3251 4238 Dei
3308 4171 3555 4237 cultum
3610 4174 3781 4256 apud
3838 4173 4134 4238 homines
4176 4173 4245 4238 in

2312 4270 2755 4342 contemptum
2817 4260 3120 4343 deinceps
3166 4267 3547 4324 venturum:
3607 4279 3764 4324 sane
3806 4279 3932 4323 non
3978 4265 4079 4323 est
4122 4257 4243 4323 du-

2313 4346 2654 4411 bitandum
2709 4346 2866 4429 quin
2920 4346 3280 4410 maximum
3324 4344 3530 4428 ipsius
3572 4343 3880 4428 gaudium
3927 4341 4128 4407 fuerit
4171 4350 4243 4408 ut

2310 4432 2680 4498 sanctuario
2721 4454 2877 4497 suus
2913 4440 3287 4496 servaretur
3321 4430 3528 4495 honos
3563 4441 3630 4495 et
3664 4429 3965 4513 dignitas.
4021 4427 4245 4512 Digna

2310 4527 2468 4583 sunt
2515 4518 2644 4582 ista
2686 4517 3004 4601 singulari
3048 4515 3634 4596 animadversione,
3680 4521 3753 4580 ut
3786 4514 4003 4594 Helin,
4048 4535 4241 4595 quem

2311 4602 2613 4669 videmus
2656 4625 2786 4668 non
2825 4605 3023 4668 fuisse
3055 4601 3315 4685 quidem
3341 4613 3533 4668 antea
3557 4611 3739 4666 tanto
3760 4598 3976 4666 studio
3999 4607 4243 4681 quanto

2309 4689 2495 4754 illum
2541 4690 2827 4772 oportuit
2870 4687 3237 4772 praeditum
3280 4689 3349 4752 in
3389 4687 3511 4752 Dei
3547 4687 3728 4753 cultu
3765 4683 4205 4769 promovendo
4218 4707 4236 4765 3

2309 4776 2467 4857 quin
2538 4775 2668 4839 imo
2711 4776 2909 4841 fuisse
2954 4774 3141 4841 valde
3187 4775 3531 4839 remissum
3576 4782 3643 4837 et
3682 4771 4122 4854 negligentem
4167 4771 4238 4835 in

2308 4860 2681 4927 coercendis
2726 4861 2950 4926 liberis
2991 4860 3348 4944 flagitiosis,
3407 4867 3856 4922 verumtamen
3901 4856 4058 4939 ipsis
4100 4856 4239 4924 suis

2309 4947 2531 5014 liberis
2591 4968 2808 5013 arcam
2868 4946 2991 5012 Dei
3037 4945 3440 5029 praetulisse,
3501 4943 3625 5008 hac
3665 4943 3736 5006 in
3780 4951 3962 5024 parte
4004 4963 4238 5025 propo·

2306 5034 2506 5098 situm
2564 5033 2902 5116 exemplar
2958 5032 3306 5106 imitemur.
3395 5028 3487 5094 Ut
3545 5049 3778 5110 nempe
3835 5027 3890 5093 si
3948 5047 4080 5110 qua
4135 5028 4238 5092 in-

2308 5120 2561 5202 gruerit
2602 5119 2955 5193 calamitas,
2997 5127 3067 5183 et
3108 5117 3289 5182 Deus
3328 5113 3468 5196 ipse
3511 5114 3780 5196 affligat,
3826 5111 4047 5178 dolore
4088 5113 4235 5196 qui-

2308 5205 2457 5273 dem
2522 5227 2598 5271 eo
2665 5206 3028 5272 afficiamur
3083 5223 3210 5285 quo
3266 5220 3383 5286 par
3425 5209 3542 5280 est,
3600 5199 3714 5266 sed
3756 5199 3853 5264 ita
3895 5206 4117 5266 tamen
4159 5205 4236 5265 ut
