<?xml version="1.0" encoding="UTF-8"?>
<!DOCTYPE html PUBLIC "-//W3C//DTD XHTML 1.0 Transitional//EN"
    "http://www.w3.org/TR/xhtml1/DTD/xhtml1-transitional.dtd">
<html xmlns="http://www.w3.org/1999/xhtml" xml:lang="en" lang="en">
 <head>
  <title>
</title>
<meta http-equiv="Content-Type" content="text/html;charset=utf-8" />
  <meta name='ocr-system' content='tesseract 3.04.00' />
  <meta name='ocr-capabilities' content='ocr_page ocr_carea ocr_par ocr_line ocrx_word'/>
</head>
<body>
  <div class='ocr_page' id='page_1' title='image "./ioanniscalvinio07unkngoog_0839.png"; bbox 0 0 5059 6059; ppageno 0'>
   <div class='ocr_carea' id='block_1_1' title="bbox 334 363 447 425">
    <p class='ocr_par' dir='ltr' id='par_1_1' title="bbox 334 363 447 425">
     <span class='ocr_line' id='line_1_1' title="bbox 334 363 447 425; baseline 0 0"><span class='ocrx_word' id='word_1_1' title='bbox 334 363 366 425; x_wconf 82' lang='lat'><strong>7</strong></span> <span class='ocrx_word' id='word_1_2' title='bbox 369 363 447 425; x_wconf 78' lang='lat'><strong>09</strong></span> 
     </span>
    </p>
   </div>
   <div class='ocr_carea' id='block_1_2' title="bbox 1616 358 3017 429">
    <p class='ocr_par' dir='ltr' id='par_1_2' title="bbox 1616 358 3017 429">
     <span class='ocr_line' id='line_1_2' title="bbox 1616 358 3017 429; baseline -0.003 -1"><span class='ocrx_word' id='word_1_3' title='bbox 1616 364 1712 429; x_wconf 92' lang='lat' dir='ltr'><strong>IN</strong></span> <span class='ocrx_word' id='word_1_4' title='bbox 1758 363 1814 428; x_wconf 92' lang='grc' dir='ltr'><strong>Ι.</strong></span> <span class='ocrx_word' id='word_1_5' title='bbox 1862 363 2040 428; x_wconf 90' lang='lat' dir='ltr'><strong>LIB.</strong></span> <span class='ocrx_word' id='word_1_6' title='bbox 2089 358 2492 428; x_wconf 71' lang='lat' dir='ltr'><strong>SAMUEL.</strong></span> <span class='ocrx_word' id='word_1_7' title='bbox 2540 360 2741 425; x_wconf 82' lang='lat' dir='ltr'><strong>OAP.</strong></span> <span class='ocrx_word' id='word_1_8' title='bbox 2787 358 3017 425; x_wconf 86' lang='lat' dir='ltr'>XXX.</span> 
     </span>
    </p>
   </div>
   <div class='ocr_carea' id='block_1_3' title="bbox 4189 358 4318 424">
    <p class='ocr_par' dir='ltr' id='par_1_3' title="bbox 4189 358 4318 424">
     <span class='ocr_line' id='line_1_3' title="bbox 4189 358 4318 424; baseline 0 0"><span class='ocrx_word' id='word_1_9' title='bbox 4189 358 4318 424; x_wconf 78' lang='lat'><strong>‘110</strong></span> 
     </span>
    </p>
   </div>
   <div class='ocr_carea' id='block_1_4' title="bbox 329 545 4312 720">
    <p class='ocr_par' dir='ltr' id='par_1_4' title="bbox 329 545 4312 720">
     <span class='ocr_line' id='line_1_4' title="bbox 330 545 4312 634; baseline -0 -18"><span class='ocrx_word' id='word_1_10' title='bbox 330 572 469 616; x_wconf 90' lang='lat' dir='ltr'><strong>care</strong></span> <span class='ocrx_word' id='word_1_11' title='bbox 516 552 709 616; x_wconf 88' lang='lat' dir='ltr'><strong>liceat</strong></span> <span class='ocrx_word' id='word_1_12' title='bbox 766 551 906 615; x_wconf 90' lang='lat' dir='ltr'><strong>sine</strong></span> <span class='ocrx_word' id='word_1_13' title='bbox 968 552 1261 631; x_wconf 90' lang='lat' dir='ltr'><strong>testibus,</strong></span> <span class='ocrx_word' id='word_1_14' title='bbox 1320 573 1395 619; x_wconf 92' lang='lat' dir='ltr'><strong>ac</strong></span> <span class='ocrx_word' id='word_1_15' title='bbox 1457 552 1727 634; x_wconf 80' lang='lat' dir='ltr'>proinde</span> <span class='ocrx_word' id='word_1_16' title='bbox 1786 553 1928 616; x_wconf 85' lang='lat' dir='ltr'><strong>sine</strong></span> <span class='ocrx_word' id='word_1_17' title='bbox 1993 551 2263 614; x_wconf 79' lang='lat' dir='ltr'><strong>infamia</strong></span> <span class='ocrx_word' id='word_1_18' title='bbox 2367 557 2557 612; x_wconf 89' lang='lat' dir='ltr'><strong>runt:</strong></span> <span class='ocrx_word' id='word_1_19' title='bbox 2617 547 2727 611; x_wconf 91' lang='lat' dir='ltr'><strong>sed</strong></span> <span class='ocrx_word' id='word_1_20' title='bbox 2774 567 2907 611; x_wconf 93' lang='lat' dir='ltr'><strong>non</strong></span> <span class='ocrx_word' id='word_1_21' title='bbox 2941 558 3126 611; x_wconf 82' lang='lat' dir='ltr'><strong>sunt</strong></span> <span class='ocrx_word' id='word_1_22' title='bbox 3169 546 3283 610; x_wconf 90' lang='lat' dir='ltr'><strong>alii</strong></span> <span class='ocrx_word' id='word_1_23' title='bbox 3344 545 3664 629; x_wconf 88' lang='lat' dir='ltr'><strong>spoliandi</strong></span> <span class='ocrx_word' id='word_1_24' title='bbox 3727 557 3802 611; x_wconf 90' lang='lat' dir='ltr'><strong>ut</strong></span> <span class='ocrx_word' id='word_1_25' title='bbox 3844 548 4004 613; x_wconf 90' lang='lat' dir='ltr'><strong>alios</strong></span> <span class='ocrx_word' id='word_1_26' title='bbox 4050 550 4312 615; x_wconf 87' lang='lat' dir='ltr'><strong>vestias.</strong></span> 
     </span>
     <span class='ocr_line' id='line_1_5' title="bbox 329 633 4312 720; baseline -0.001 -17"><span class='ocrx_word' id='word_1_27' title='bbox 329 648 436 703; x_wconf 90' lang='lat' dir='ltr'><strong>aut</strong></span> <span class='ocrx_word' id='word_1_28' title='bbox 481 637 810 703; x_wconf 88' lang='lat' dir='ltr'><strong>dedecoris</strong></span> <span class='ocrx_word' id='word_1_29' title='bbox 855 649 1057 715; x_wconf 91' lang='lat' dir='ltr'><strong>metu,</strong></span> <span class='ocrx_word' id='word_1_30' title='bbox 1104 649 1321 704; x_wconf 88' lang='lat' dir='ltr'><strong>tamen</strong></span> <span class='ocrx_word' id='word_1_31' title='bbox 1369 639 1508 702; x_wconf 91' lang='lat' dir='ltr'><strong>solo</strong></span> <span class='ocrx_word' id='word_1_32' title='bbox 1546 636 1673 701; x_wconf 90' lang='lat' dir='ltr'><strong>Dei</strong></span> <span class='ocrx_word' id='word_1_33' title='bbox 1720 647 1895 701; x_wconf 90' lang='lat' dir='ltr'><strong>metu</strong></span> <span class='ocrx_word' id='word_1_34' title='bbox 1938 637 2003 699; x_wconf 91' lang='lat' dir='ltr'><strong>in</strong></span> <span class='ocrx_word' id='word_1_35' title='bbox 2051 637 2261 700; x_wconf 84' lang='lat' dir='ltr'><strong>officio</strong></span> <span class='ocrx_word' id='word_1_36' title='bbox 2369 634 2458 698; x_wconf 83' lang='lat' dir='ltr'><strong>Et</strong></span> <span class='ocrx_word' id='word_1_37' title='bbox 2502 654 2661 698; x_wconf 88' lang='lat' dir='ltr'><strong>sane</strong></span> <span class='ocrx_word' id='word_1_38' title='bbox 2706 653 2839 698; x_wconf 94' lang='lat' dir='ltr'><strong>non</strong></span> <span class='ocrx_word' id='word_1_39' title='bbox 2876 635 3260 716; x_wconf 75' lang='lat' dir='ltr'><strong>ignoramus</strong></span> <span class='ocrx_word' id='word_1_40' title='bbox 3305 633 3446 697; x_wconf 90' lang='lat' dir='ltr'><strong>Deo</strong></span> <span class='ocrx_word' id='word_1_41' title='bbox 3495 654 3626 698; x_wconf 92' lang='lat' dir='ltr'><strong>uon</strong></span> <span class='ocrx_word' id='word_1_42' title='bbox 3675 634 3929 715; x_wconf 87' lang='lat' dir='ltr'><strong>placere</strong></span> <span class='ocrx_word' id='word_1_43' title='bbox 3956 633 4312 720; x_wconf 80' lang='lat' dir='ltr'><strong>eleemosy-</strong></span> 
     </span>
    </p>
   </div>
   <div class='ocr_carea' id='block_1_5' title="bbox 326 722 2265 978">
    <p class='ocr_par' dir='ltr' id='par_1_5' title="bbox 326 722 2265 978">
     <span class='ocr_line' id='line_1_6' title="bbox 328 722 2260 807; baseline -0.002 -19"><span class='ocrx_word' id='word_1_44' title='bbox 328 723 783 788; x_wconf 88' lang='lat' dir='ltr'><strong>retinebimur:</strong></span> <span class='ocrx_word' id='word_1_45' title='bbox 847 725 1039 788; x_wconf 90' lang='lat' dir='ltr'><strong>modo</strong></span> <span class='ocrx_word' id='word_1_46' title='bbox 1084 744 1203 789; x_wconf 89' lang='lat' dir='ltr'><strong>nos</strong></span> <span class='ocrx_word' id='word_1_47' title='bbox 1263 725 1473 807; x_wconf 86' lang='lat' dir='ltr'><strong>ipsius</strong></span> <span class='ocrx_word' id='word_1_48' title='bbox 1516 723 1715 788; x_wconf 79' lang='lat' dir='ltr'><strong>verbo</strong></span> <span class='ocrx_word' id='word_1_49' title='bbox 1760 723 1899 805; x_wconf 88' lang='lat' dir='ltr'><strong>regi</strong></span> <span class='ocrx_word' id='word_1_50' title='bbox 1946 722 2260 797; x_wconf 90' lang='lat' dir='ltr'><strong>sinamus,</strong></span> 
     </span>
     <span class='ocr_line' id='line_1_7' title="bbox 326 808 2260 891; baseline -0.002 -17"><span class='ocrx_word' id='word_1_51' title='bbox 326 811 394 874; x_wconf 92' lang='lat' dir='ltr'><strong>iu</strong></span> <span class='ocrx_word' id='word_1_52' title='bbox 447 810 667 873; x_wconf 90' lang='lat' dir='ltr'><strong>animo</strong></span> <span class='ocrx_word' id='word_1_53' title='bbox 727 809 1011 874; x_wconf 85' lang='lat' dir='ltr'><strong>defixum</strong></span> <span class='ocrx_word' id='word_1_54' title='bbox 1074 810 1363 891; x_wconf 76' lang='lat' dir='ltr'><strong>penitius</strong></span> <span class='ocrx_word' id='word_1_55' title='bbox 1411 808 1769 874; x_wconf 85' lang='lat' dir='ltr'><strong>habeamus</strong></span> <span class='ocrx_word' id='word_1_56' title='bbox 1815 810 2030 873; x_wconf 89' lang='lat' dir='ltr'><strong>Deum</strong></span> <span class='ocrx_word' id='word_1_57' title='bbox 2090 828 2260 871; x_wconf 93' lang='lat' dir='ltr'><strong>nun-</strong></span> 
     </span>
     <span class='ocr_line' id='line_1_8' title="bbox 326 894 2265 978; baseline -0.002 -19"><span class='ocrx_word' id='word_1_58' title='bbox 326 915 511 977; x_wconf 86' lang='lat' dir='ltr'><strong>quam</strong></span> <span class='ocrx_word' id='word_1_59' title='bbox 576 895 1084 977; x_wconf 89' lang='lat' dir='ltr'><strong>permissurum,</strong></span> <span class='ocrx_word' id='word_1_60' title='bbox 1160 904 1237 958; x_wconf 90' lang='lat' dir='ltr'><strong>ut</strong></span> <span class='ocrx_word' id='word_1_61' title='bbox 1289 895 1461 978; x_wconf 89' lang='lat' dir='ltr'><strong>quod</strong></span> <span class='ocrx_word' id='word_1_62' title='bbox 1520 896 1726 977; x_wconf 88' lang='lat' dir='ltr'><strong>ipsius</strong></span> <span class='ocrx_word' id='word_1_63' title='bbox 1789 894 2105 959; x_wconf 87' lang='lat' dir='ltr'><strong>voluntati</strong></span> <span class='ocrx_word' id='word_1_64' title='bbox 2166 913 2265 955; x_wconf 91' lang='lat' dir='ltr'><strong>re-</strong></span> 
     </span>
    </p>
   </div>
   <div class='ocr_carea' id='block_1_6' title="bbox 322 978 2311 1064">
    <p class='ocr_par' dir='ltr' id='par_1_6' title="bbox 322 978 2311 1064">
     <span class='ocr_line' id='line_1_9' title="bbox 322 978 2311 1064; baseline -0.002 -20"><span class='ocrx_word' id='word_1_65' title='bbox 322 990 576 1064; x_wconf 77' lang='lat' dir='ltr'>pugnat</span> <span class='ocrx_word' id='word_1_66' title='bbox 633 982 718 1045; x_wconf 83' lang='lat' dir='ltr'><strong>sit</strong></span> <span class='ocrx_word' id='word_1_67' title='bbox 776 981 1163 1046; x_wconf 90' lang='lat' dir='ltr'><strong>diuturnum</strong></span> <span class='ocrx_word' id='word_1_68' title='bbox 1221 990 1286 1044; x_wconf 91' lang='lat' dir='ltr'><strong>et</strong></span> <span class='ocrx_word' id='word_1_69' title='bbox 1343 981 1628 1046; x_wconf 89' lang='lat' dir='ltr'><strong>inultum</strong></span> <span class='ocrx_word' id='word_1_70' title='bbox 1693 989 1975 1045; x_wconf 86' lang='lat' dir='ltr'><strong>maneat.</strong></span> <span class='ocrx_word' id='word_1_71' title='bbox 2067 978 2261 1042; x_wconf 85' lang='lat' dir='ltr'><strong>Vana</strong></span> <span class='ocrx_word' id='word_1_72' title='bbox 2310 1046 2311 1055; x_wconf 8' lang='grc' dir='ltr'>χ</span> 
     </span>
    </p>
   </div>
   <div class='ocr_carea' id='block_1_7' title="bbox 286 1066 2261 5359">
    <p class='ocr_par' dir='ltr' id='par_1_7' title="bbox 291 1066 2261 4155">
     <span class='ocr_line' id='line_1_10' title="bbox 323 1066 2260 1150; baseline -0.003 -18"><span class='ocrx_word' id='word_1_73' title='bbox 323 1068 519 1150; x_wconf 87' lang='lat' dir='ltr'><strong>igitur</strong></span> <span class='ocrx_word' id='word_1_74' title='bbox 556 1066 777 1130; x_wconf 90' lang='lat' dir='ltr'><strong>omnia</strong></span> <span class='ocrx_word' id='word_1_75' title='bbox 813 1067 1054 1149; x_wconf 88' lang='lat' dir='ltr'><strong>effugia</strong></span> <span class='ocrx_word' id='word_1_76' title='bbox 1089 1087 1209 1149; x_wconf 92' lang='lat' dir='ltr'><strong>pro</strong></span> <span class='ocrx_word' id='word_1_77' title='bbox 1248 1066 1421 1130; x_wconf 81' lang='lat' dir='ltr'><strong>virili</strong></span> <span class='ocrx_word' id='word_1_78' title='bbox 1446 1086 1813 1144; x_wconf 82' lang='lat' dir='ltr'><strong>caveamus,</strong></span> <span class='ocrx_word' id='word_1_79' title='bbox 1865 1068 2075 1130; x_wconf 87' lang='lat' dir='ltr'><strong>Deum</strong></span> <span class='ocrx_word' id='word_1_80' title='bbox 2118 1085 2260 1147; x_wconf 90' lang='lat' dir='ltr'><strong>per·</strong></span> 
     </span>
     <span class='ocr_line' id='line_1_11' title="bbox 322 1150 2258 1230; baseline -0.002 -14"><span class='ocrx_word' id='word_1_81' title='bbox 322 1152 498 1217; x_wconf 88' lang='lat' dir='ltr'><strong>suasi</strong></span> <span class='ocrx_word' id='word_1_82' title='bbox 540 1152 751 1217; x_wconf 87' lang='lat' dir='ltr'><strong>cordis</strong></span> <span class='ocrx_word' id='word_1_83' title='bbox 798 1152 1069 1216; x_wconf 88' lang='lat' dir='ltr'><strong>humani</strong></span> <span class='ocrx_word' id='word_1_84' title='bbox 1131 1151 1410 1217; x_wconf 89' lang='lat' dir='ltr'><strong>latebras</strong></span> <span class='ocrx_word' id='word_1_85' title='bbox 1470 1153 1768 1230; x_wconf 87' lang='lat' dir='ltr'><strong>scrutari,</strong></span> <span class='ocrx_word' id='word_1_86' title='bbox 1830 1164 1895 1215; x_wconf 91' lang='lat' dir='ltr'><strong>et</strong></span> <span class='ocrx_word' id='word_1_87' title='bbox 1939 1150 2258 1215; x_wconf 90' lang='lat' dir='ltr'><strong>malitiam</strong></span> 
     </span>
     <span class='ocr_line' id='line_1_12' title="bbox 320 1238 2261 1323; baseline -0.003 -20"><span class='ocrx_word' id='word_1_88' title='bbox 320 1238 608 1321; x_wconf 90' lang='lat' dir='ltr'><strong>ipsorum</strong></span> <span class='ocrx_word' id='word_1_89' title='bbox 654 1239 975 1321; x_wconf 86' lang='lat' dir='ltr'><strong>detegere.</strong></span> <span class='ocrx_word' id='word_1_90' title='bbox 1038 1238 1390 1303; x_wconf 87' lang='lat' dir='ltr'><strong>Praeterea</strong></span> <span class='ocrx_word' id='word_1_91' title='bbox 1433 1242 1793 1323; x_wconf 79' lang='lat' dir='ltr'><strong>cogitemus</strong></span> <span class='ocrx_word' id='word_1_92' title='bbox 1838 1259 1959 1302; x_wconf 88' lang='lat' dir='ltr'><strong>nos</strong></span> <span class='ocrx_word' id='word_1_93' title='bbox 2000 1238 2065 1301; x_wconf 92' lang='lat' dir='ltr'><strong>in</strong></span> <span class='ocrx_word' id='word_1_94' title='bbox 2111 1255 2261 1319; x_wconf 90' lang='lat' dir='ltr'><strong>pro-</strong></span> 
     </span>
     <span class='ocr_line' id='line_1_13' title="bbox 320 1323 2256 1407; baseline -0.002 -19"><span class='ocrx_word' id='word_1_95' title='bbox 320 1327 463 1407; x_wconf 89' lang='lat' dir='ltr'><strong>pria</strong></span> <span class='ocrx_word' id='word_1_96' title='bbox 506 1344 701 1388; x_wconf 87' lang='lat' dir='ltr'><strong>causa</strong></span> <span class='ocrx_word' id='word_1_97' title='bbox 761 1323 1086 1388; x_wconf 75' lang='lat' dir='ltr'><strong>caecutire</strong></span> <span class='ocrx_word' id='word_1_98' title='bbox 1145 1335 1211 1388; x_wconf 90' lang='lat' dir='ltr'><strong>et</strong></span> <span class='ocrx_word' id='word_1_99' title='bbox 1272 1325 1460 1391; x_wconf 84' lang='lat' dir='ltr'><strong>uobis</strong></span> <span class='ocrx_word' id='word_1_100' title='bbox 1513 1325 1673 1407; x_wconf 87' lang='lat' dir='ltr'><strong>ipsis</strong></span> <span class='ocrx_word' id='word_1_101' title='bbox 1719 1323 1979 1387; x_wconf 85' lang='lat' dir='ltr'><strong>delitias</strong></span> <span class='ocrx_word' id='word_1_102' title='bbox 2023 1323 2256 1386; x_wconf 77' lang='lat' dir='ltr'><strong>facere.</strong></span> 
     </span>
     <span class='ocr_line' id='line_1_14' title="bbox 318 1406 2258 1493; baseline -0.002 -17"><span class='ocrx_word' id='word_1_103' title='bbox 318 1409 450 1476; x_wconf 81' lang='lat' dir='ltr'><strong>Sed</strong></span> <span class='ocrx_word' id='word_1_104' title='bbox 497 1410 774 1475; x_wconf 90' lang='lat' dir='ltr'><strong>aliorum</strong></span> <span class='ocrx_word' id='word_1_105' title='bbox 822 1409 1014 1493; x_wconf 84' lang='lat' dir='ltr'><strong>longe</strong></span> <span class='ocrx_word' id='word_1_106' title='bbox 1047 1409 1220 1474; x_wconf 88' lang='lat' dir='ltr'><strong>aliud</strong></span> <span class='ocrx_word' id='word_1_107' title='bbox 1261 1432 1404 1475; x_wconf 90' lang='lat' dir='ltr'><strong>esse</strong></span> <span class='ocrx_word' id='word_1_108' title='bbox 1437 1410 1784 1477; x_wconf 86' lang='lat' dir='ltr'><strong>iudicium:</strong></span> <span class='ocrx_word' id='word_1_109' title='bbox 1831 1407 2102 1491; x_wconf 89' lang='lat' dir='ltr'><strong>ideoque</strong></span> <span class='ocrx_word' id='word_1_110' title='bbox 2136 1406 2258 1473; x_wconf 91' lang='lat' dir='ltr'><strong>hoc</strong></span> 
     </span>
     <span class='ocr_line' id='line_1_15' title="bbox 320 1495 2255 1579; baseline -0.003 -18"><span class='ocrx_word' id='word_1_111' title='bbox 320 1507 636 1577; x_wconf 88' lang='lat' dir='ltr'><strong>tanquam</strong></span> <span class='ocrx_word' id='word_1_112' title='bbox 681 1495 887 1560; x_wconf 89' lang='lat' dir='ltr'><strong>altero</strong></span> <span class='ocrx_word' id='word_1_113' title='bbox 946 1498 1169 1559; x_wconf 82' lang='lat' dir='ltr'><strong>fraeno</strong></span> <span class='ocrx_word' id='word_1_114' title='bbox 1213 1496 1609 1579; x_wconf 88' lang='lat' dir='ltr'><strong>cupiditates</strong></span> <span class='ocrx_word' id='word_1_115' title='bbox 1657 1507 1914 1560; x_wconf 85' lang='lat' dir='ltr'><strong>nostras</strong></span> <span class='ocrx_word' id='word_1_116' title='bbox 1959 1508 2255 1559; x_wconf 83' lang='lat' dir='ltr'><strong>coercea-</strong></span> 
     </span>
     <span class='ocr_line' id='line_1_16' title="bbox 318 1580 2258 1647; baseline -0.003 -1"><span class='ocrx_word' id='word_1_117' title='bbox 318 1603 487 1646; x_wconf 91' lang='lat' dir='ltr'><strong>mus.</strong></span> <span class='ocrx_word' id='word_1_118' title='bbox 578 1582 745 1646; x_wconf 87' lang='lat' dir='ltr'><strong>Nam</strong></span> <span class='ocrx_word' id='word_1_119' title='bbox 808 1582 863 1644; x_wconf 89' lang='lat' dir='ltr'><strong>si</strong></span> <span class='ocrx_word' id='word_1_120' title='bbox 925 1580 1267 1646; x_wconf 87' lang='lat' dir='ltr'><strong>hominum</strong></span> <span class='ocrx_word' id='word_1_121' title='bbox 1341 1581 1684 1647; x_wconf 78' lang='lat' dir='ltr'><strong>sententiis</strong></span> <span class='ocrx_word' id='word_1_122' title='bbox 1742 1582 2258 1646; x_wconf 80' lang='lat' dir='ltr'><strong>condemnamur</strong></span> 
     </span>
     <span class='ocr_line' id='line_1_17' title="bbox 316 1664 2257 1751; baseline -0.002 -19"><span class='ocrx_word' id='word_1_123' title='bbox 316 1668 510 1751; x_wconf 88' lang='lat' dir='ltr'><strong>quale</strong></span> <span class='ocrx_word' id='word_1_124' title='bbox 555 1668 679 1732; x_wconf 91' lang='lat' dir='ltr'><strong>Dei</strong></span> <span class='ocrx_word' id='word_1_125' title='bbox 725 1668 865 1730; x_wconf 89' lang='lat' dir='ltr'><strong>fore</strong></span> <span class='ocrx_word' id='word_1_126' title='bbox 899 1664 1205 1732; x_wconf 90' lang='lat' dir='ltr'><strong>iudicium</strong></span> <span class='ocrx_word' id='word_1_127' title='bbox 1253 1668 1320 1732; x_wconf 92' lang='lat' dir='ltr'><strong>in</strong></span> <span class='ocrx_word' id='word_1_128' title='bbox 1365 1687 1481 1732; x_wconf 89' lang='lat' dir='ltr'><strong>nos</strong></span> <span class='ocrx_word' id='word_1_129' title='bbox 1527 1666 1966 1733; x_wconf 83' lang='lat' dir='ltr'><strong>arbitramur?</strong></span> <span class='ocrx_word' id='word_1_130' title='bbox 2031 1664 2257 1745; x_wconf 77' lang='lat' dir='ltr'><strong>Quare</strong></span> 
     </span>
     <span class='ocr_line' id='line_1_18' title="bbox 315 1751 2259 1837; baseline -0.003 -18"><span class='ocrx_word' id='word_1_131' title='bbox 315 1756 373 1819; x_wconf 90' lang='lat' dir='ltr'><strong>si</strong></span> <span class='ocrx_word' id='word_1_132' title='bbox 421 1774 556 1818; x_wconf 89' lang='lat' dir='ltr'><strong>rem</strong></span> <span class='ocrx_word' id='word_1_133' title='bbox 620 1754 827 1837; x_wconf 90' lang='lat' dir='ltr'><strong>ipsam</strong></span> <span class='ocrx_word' id='word_1_134' title='bbox 886 1751 1029 1817; x_wconf 90' lang='lat' dir='ltr'><strong>sine</strong></span> <span class='ocrx_word' id='word_1_135' title='bbox 1089 1753 1221 1817; x_wconf 92' lang='lat' dir='ltr'><strong>ullo</strong></span> <span class='ocrx_word' id='word_1_136' title='bbox 1281 1755 1486 1819; x_wconf 78' lang='lat' dir='ltr'><strong>nostri</strong></span> <span class='ocrx_word' id='word_1_137' title='bbox 1548 1768 1841 1835; x_wconf 87' lang='lat' dir='ltr'><strong>respectu</strong></span> <span class='ocrx_word' id='word_1_138' title='bbox 1907 1751 2259 1835; x_wconf 82' lang='lat' dir='ltr'><strong>diligenter</strong></span> 
     </span>
     <span class='ocr_line' id='line_1_19' title="bbox 313 1838 2254 1922; baseline -0.003 -17"><span class='ocrx_word' id='word_1_139' title='bbox 313 1839 784 1922; x_wconf 79' lang='lat' dir='ltr'><strong>expendamus,</strong></span> <span class='ocrx_word' id='word_1_140' title='bbox 832 1839 1144 1920; x_wconf 79' lang='lat' dir='ltr'><strong>aequitati</strong></span> <span class='ocrx_word' id='word_1_141' title='bbox 1184 1838 1367 1904; x_wconf 89' lang='lat' dir='ltr'><strong>locus</strong></span> <span class='ocrx_word' id='word_1_142' title='bbox 1392 1839 1815 1922; x_wconf 86' lang='lat' dir='ltr'><strong>relinquetur.</strong></span> <span class='ocrx_word' id='word_1_143' title='bbox 1852 1850 1920 1903; x_wconf 91' lang='lat' dir='ltr'><strong>et</strong></span> <span class='ocrx_word' id='word_1_144' title='bbox 1944 1850 2254 1918; x_wconf 89' lang='lat' dir='ltr'><strong>tanquam</strong></span> 
     </span>
     <span class='ocr_line' id='line_1_20' title="bbox 312 1924 2257 1991; baseline -0.003 0"><span class='ocrx_word' id='word_1_145' title='bbox 312 1927 470 1991; x_wconf 91' lang='lat' dir='ltr'><strong>solis</strong></span> <span class='ocrx_word' id='word_1_146' title='bbox 507 1925 671 1990; x_wconf 83' lang='lat' dir='ltr'><strong>radii</strong></span> <span class='ocrx_word' id='word_1_147' title='bbox 711 1925 1143 1990; x_wconf 89' lang='lat' dir='ltr'><strong>conscientias</strong></span> <span class='ocrx_word' id='word_1_148' title='bbox 1182 1932 1439 1990; x_wconf 87' lang='lat' dir='ltr'><strong>nostras</strong></span> <span class='ocrx_word' id='word_1_149' title='bbox 1485 1924 1858 1990; x_wconf 85' lang='lat' dir='ltr'><strong>illustrabit.</strong></span> <span class='ocrx_word' id='word_1_150' title='bbox 1906 1925 2257 1990; x_wconf 88' lang='lat' dir='ltr'><strong>Praeterea</strong></span> 
     </span>
     <span class='ocr_line' id='line_1_21' title="bbox 305 2007 2253 2077; baseline -0.003 0"><span class='ocrx_word' id='word_1_151' title='bbox 305 2033 439 2077; x_wconf 87' lang='lat' dir='ltr'><strong>non</strong></span> <span class='ocrx_word' id='word_1_152' title='bbox 502 2020 754 2075; x_wconf 87' lang='lat' dir='ltr'><strong>tantum</strong></span> <span class='ocrx_word' id='word_1_153' title='bbox 817 2031 893 2074; x_wconf 92' lang='lat' dir='ltr'><strong>eo</strong></span> <span class='ocrx_word' id='word_1_154' title='bbox 949 2012 1079 2075; x_wconf 89' lang='lat' dir='ltr'><strong>fine</strong></span> <span class='ocrx_word' id='word_1_155' title='bbox 1148 2011 1487 2075; x_wconf 91' lang='lat' dir='ltr'><strong>hominum</strong></span> <span class='ocrx_word' id='word_1_156' title='bbox 1548 2011 1628 2075; x_wconf 89' lang='lat' dir='ltr'><strong>de</strong></span> <span class='ocrx_word' id='word_1_157' title='bbox 1698 2010 1883 2075; x_wconf 91' lang='lat' dir='ltr'><strong>nobis</strong></span> <span class='ocrx_word' id='word_1_158' title='bbox 1941 2007 2253 2074; x_wconf 89' lang='lat' dir='ltr'><strong>iudicium</strong></span> 
     </span>
     <span class='ocr_line' id='line_1_22' title="bbox 305 2094 2253 2181; baseline -0.002 -19"><span class='ocrx_word' id='word_1_159' title='bbox 305 2108 568 2181; x_wconf 88' lang='lat' dir='ltr'><strong>oportet</strong></span> <span class='ocrx_word' id='word_1_160' title='bbox 611 2096 870 2173; x_wconf 91' lang='lat' dir='ltr'><strong>intueri,</strong></span> <span class='ocrx_word' id='word_1_161' title='bbox 919 2117 1003 2160; x_wconf 91' lang='lat' dir='ltr'><strong>ne</strong></span> <span class='ocrx_word' id='word_1_162' title='bbox 1038 2094 1287 2180; x_wconf 89' lang='lat' dir='ltr'><strong>pudore</strong></span> <span class='ocrx_word' id='word_1_163' title='bbox 1311 2097 1676 2162; x_wconf 88' lang='lat' dir='ltr'><strong>afficiamur</strong></span> <span class='ocrx_word' id='word_1_164' title='bbox 1710 2096 2044 2180; x_wconf 84' lang='lat' dir='ltr'><strong>suffragiis</strong></span> <span class='ocrx_word' id='word_1_165' title='bbox 2086 2095 2253 2177; x_wconf 88' lang='lat' dir='ltr'><strong>ipso·</strong></span> 
     </span>
     <span class='ocr_line' id='line_1_23' title="bbox 304 2179 2254 2259; baseline -0.004 -10"><span class='ocrx_word' id='word_1_166' title='bbox 304 2204 462 2249; x_wconf 86' lang='lat' dir='ltr'><strong>rum</strong></span> <span class='ocrx_word' id='word_1_167' title='bbox 507 2182 822 2259; x_wconf 89' lang='lat' dir='ltr'><strong>damnati,</strong></span> <span class='ocrx_word' id='word_1_168' title='bbox 864 2182 976 2247; x_wconf 90' lang='lat' dir='ltr'><strong>sed</strong></span> <span class='ocrx_word' id='word_1_169' title='bbox 1015 2182 1304 2247; x_wconf 86' lang='lat' dir='ltr'><strong>maxime</strong></span> <span class='ocrx_word' id='word_1_170' title='bbox 1340 2203 1423 2247; x_wconf 90' lang='lat' dir='ltr'><strong>ne</strong></span> <span class='ocrx_word' id='word_1_171' title='bbox 1456 2184 1563 2249; x_wconf 91' lang='lat' dir='ltr'><strong>cui</strong></span> <span class='ocrx_word' id='word_1_172' title='bbox 1586 2188 1789 2248; x_wconf 90' lang='lat' dir='ltr'><strong>simus</strong></span> <span class='ocrx_word' id='word_1_173' title='bbox 1819 2179 2254 2247; x_wconf 87' lang='lat' dir='ltr'><strong>offendiculo:</strong></span> 
     </span>
     <span class='ocr_line' id='line_1_24' title="bbox 302 2267 2253 2353; baseline -0.003 -19"><span class='ocrx_word' id='word_1_174' title='bbox 302 2267 855 2353; x_wconf 88' lang='lat' dir='ltr'><strong>quemadmodum</strong></span> <span class='ocrx_word' id='word_1_175' title='bbox 912 2277 1089 2333; x_wconf 88' lang='lat' dir='ltr'><strong>recte</strong></span> <span class='ocrx_word' id='word_1_176' title='bbox 1131 2287 1252 2333; x_wconf 89' lang='lat' dir='ltr'><strong>nos</strong></span> <span class='ocrx_word' id='word_1_177' title='bbox 1296 2267 1382 2331; x_wconf 92' lang='lat' dir='ltr'><strong>D.</strong></span> <span class='ocrx_word' id='word_1_178' title='bbox 1430 2269 1680 2334; x_wconf 87' lang='lat' dir='ltr'><strong>Paulus</strong></span> <span class='ocrx_word' id='word_1_179' title='bbox 1737 2267 2061 2343; x_wconf 90' lang='lat' dir='ltr'><strong>admouet,</strong></span> <span class='ocrx_word' id='word_1_180' title='bbox 2124 2286 2253 2330; x_wconf 89' lang='lat' dir='ltr'><strong>non</strong></span> 
     </span>
     <span class='ocr_line' id='line_1_25' title="bbox 306 2351 2254 2431; baseline -0.002 -12"><span class='ocrx_word' id='word_1_181' title='bbox 306 2366 570 2420; x_wconf 83' lang='lat' dir='ltr'><strong>tautum</strong></span> <span class='ocrx_word' id='word_1_182' title='bbox 630 2374 849 2419; x_wconf 86' lang='lat' dir='ltr'><strong>coram</strong></span> <span class='ocrx_word' id='word_1_183' title='bbox 908 2352 1085 2431; x_wconf 87' lang='lat' dir='ltr'><strong>Deo,</strong></span> <span class='ocrx_word' id='word_1_184' title='bbox 1163 2353 1278 2419; x_wconf 90' lang='lat' dir='ltr'><strong>sed</strong></span> <span class='ocrx_word' id='word_1_185' title='bbox 1339 2357 1535 2418; x_wconf 89' lang='lat' dir='ltr'><strong>etiam</strong></span> <span class='ocrx_word' id='word_1_186' title='bbox 1596 2375 1813 2420; x_wconf 91' lang='lat' dir='ltr'><strong>coram</strong></span> <span class='ocrx_word' id='word_1_187' title='bbox 1885 2351 2254 2417; x_wconf 90' lang='lat' dir='ltr'><strong>hominibus</strong></span> 
     </span>
     <span class='ocr_line' id='line_1_26' title="bbox 306 2439 2253 2523; baseline -0.002 -17"><span class='ocrx_word' id='word_1_188' title='bbox 306 2443 556 2507; x_wconf 89' lang='lat' dir='ltr'><strong>bonum</strong></span> <span class='ocrx_word' id='word_1_189' title='bbox 615 2459 988 2522; x_wconf 90' lang='lat' dir='ltr'><strong>procurare,</strong></span> <span class='ocrx_word' id='word_1_190' title='bbox 1055 2446 1131 2503; x_wconf 88' lang='lat' dir='ltr'><strong>ut</strong></span> <span class='ocrx_word' id='word_1_191' title='bbox 1199 2440 1279 2504; x_wconf 92' lang='lat' dir='ltr'><strong>de</strong></span> <span class='ocrx_word' id='word_1_192' title='bbox 1341 2439 1529 2504; x_wconf 86' lang='lat' dir='ltr'><strong>nobis</strong></span> <span class='ocrx_word' id='word_1_193' title='bbox 1592 2440 1770 2523; x_wconf 90' lang='lat' dir='ltr'><strong>loqui</strong></span> <span class='ocrx_word' id='word_1_194' title='bbox 1830 2440 2001 2503; x_wconf 90' lang='lat' dir='ltr'><strong>male</strong></span> <span class='ocrx_word' id='word_1_195' title='bbox 2062 2458 2253 2502; x_wconf 91' lang='lat' dir='ltr'><strong>nemo</strong></span> 
     </span>
     <span class='ocr_line' id='line_1_27' title="bbox 302 2525 2252 2611; baseline -0.002 -20"><span class='ocrx_word' id='word_1_196' title='bbox 302 2527 547 2611; x_wconf 89' lang='lat' dir='ltr'><strong>possit:</strong></span> <span class='ocrx_word' id='word_1_197' title='bbox 597 2545 812 2607; x_wconf 88' lang='lat' dir='ltr'><strong>neque</strong></span> <span class='ocrx_word' id='word_1_198' title='bbox 857 2525 1031 2590; x_wconf 88' lang='lat' dir='ltr'><strong>malo</strong></span> <span class='ocrx_word' id='word_1_199' title='bbox 1067 2525 1370 2608; x_wconf 89' lang='lat' dir='ltr'><strong>exemplo</strong></span> <span class='ocrx_word' id='word_1_200' title='bbox 1405 2526 1577 2591; x_wconf 88' lang='lat' dir='ltr'><strong>laedi</strong></span> <span class='ocrx_word' id='word_1_201' title='bbox 1618 2547 1827 2609; x_wconf 86' lang='lat' dir='ltr'><strong>neque</strong></span> <span class='ocrx_word' id='word_1_202' title='bbox 1851 2526 1977 2590; x_wconf 91' lang='lat' dir='ltr'><strong>Dei</strong></span> <span class='ocrx_word' id='word_1_203' title='bbox 2016 2544 2252 2589; x_wconf 92' lang='lat' dir='ltr'><strong>nomen</strong></span> 
     </span>
     <span class='ocr_line' id='line_1_28' title="bbox 299 2610 2250 2696; baseline -0.002 -18"><span class='ocrx_word' id='word_1_204' title='bbox 299 2610 709 2696; x_wconf 87' lang='lat' dir='ltr'><strong>blasphemis</strong></span> <span class='ocrx_word' id='word_1_205' title='bbox 747 2611 1087 2676; x_wconf 91' lang='lat' dir='ltr'><strong>hominum</strong></span> <span class='ocrx_word' id='word_1_206' title='bbox 1116 2611 1379 2676; x_wconf 88' lang='lat' dir='ltr'><strong>vocibus</strong></span> <span class='ocrx_word' id='word_1_207' title='bbox 1408 2625 1780 2694; x_wconf 78' lang='lat' dir='ltr'><strong>exponatur</strong></span> <span class='ocrx_word' id='word_1_208' title='bbox 1809 2610 2250 2677; x_wconf 88' lang='lat' dir='ltr'><strong>lacerandum.</strong></span> 
     </span>
     <span class='ocr_line' id='line_1_29' title="bbox 298 2695 2253 2781; baseline -0.003 -17"><span class='ocrx_word' id='word_1_209' title='bbox 298 2696 880 2780; x_wconf 76' lang='lat' dir='ltr'><strong>Quemadmodum</strong></span> <span class='ocrx_word' id='word_1_210' title='bbox 928 2695 1121 2761; x_wconf 91' lang='lat' dir='ltr'><strong>hodie</strong></span> <span class='ocrx_word' id='word_1_211' title='bbox 1166 2697 1468 2762; x_wconf 82' lang='lat' dir='ltr'><strong>videmus</strong></span> <span class='ocrx_word' id='word_1_212' title='bbox 1514 2698 1803 2781; x_wconf 87' lang='lat' dir='ltr'><strong>papistas</strong></span> <span class='ocrx_word' id='word_1_213' title='bbox 1847 2708 1911 2763; x_wconf 81' lang='lat' dir='ltr'><strong>et</strong></span> <span class='ocrx_word' id='word_1_214' title='bbox 1960 2696 2253 2761; x_wconf 87' lang='lat' dir='ltr'><strong>veritatis</strong></span> 
     </span>
     <span class='ocr_line' id='line_1_30' title="bbox 300 2782 2252 2866; baseline -0.003 -15"><span class='ocrx_word' id='word_1_215' title='bbox 300 2788 530 2851; x_wconf 88' lang='lat' dir='ltr'><strong>hostes</strong></span> <span class='ocrx_word' id='word_1_216' title='bbox 574 2803 832 2866; x_wconf 88' lang='lat' dir='ltr'><strong>semper</strong></span> <span class='ocrx_word' id='word_1_217' title='bbox 889 2784 957 2847; x_wconf 92' lang='lat' dir='ltr'><strong>in</strong></span> <span class='ocrx_word' id='word_1_218' title='bbox 1016 2782 1271 2847; x_wconf 90' lang='lat' dir='ltr'><strong>insidiis</strong></span> <span class='ocrx_word' id='word_1_219' title='bbox 1330 2804 1491 2860; x_wconf 88' lang='lat' dir='ltr'><strong>esse,</strong></span> <span class='ocrx_word' id='word_1_220' title='bbox 1556 2794 1623 2848; x_wconf 83' lang='lat' dir='ltr'><strong>et</strong></span> <span class='ocrx_word' id='word_1_221' title='bbox 1664 2783 2069 2849; x_wconf 86' lang='lat' dir='ltr'><strong>occasionem</strong></span> <span class='ocrx_word' id='word_1_222' title='bbox 2114 2801 2252 2846; x_wconf 91' lang='lat' dir='ltr'><strong>om-</strong></span> 
     </span>
     <span class='ocr_line' id='line_1_31' title="bbox 300 2867 2249 2952; baseline -0.002 -18"><span class='ocrx_word' id='word_1_223' title='bbox 300 2892 463 2935; x_wconf 88' lang='lat' dir='ltr'><strong>nem</strong></span> <span class='ocrx_word' id='word_1_224' title='bbox 510 2867 856 2952; x_wconf 89' lang='lat' dir='ltr'><strong>explorare</strong></span> <span class='ocrx_word' id='word_1_225' title='bbox 901 2868 1133 2933; x_wconf 88' lang='lat' dir='ltr'><strong>salutis</strong></span> <span class='ocrx_word' id='word_1_226' title='bbox 1168 2867 1533 2934; x_wconf 86' lang='lat' dir='ltr'><strong>doctrinam</strong></span> <span class='ocrx_word' id='word_1_227' title='bbox 1558 2870 1923 2935; x_wconf 89' lang='lat' dir='ltr'><strong>maledictis</strong></span> <span class='ocrx_word' id='word_1_228' title='bbox 1961 2867 2249 2951; x_wconf 87' lang='lat' dir='ltr'><strong>proscin-</strong></span> 
     </span>
     <span class='ocr_line' id='line_1_32' title="bbox 298 2953 2250 3022; baseline -0.002 -1"><span class='ocrx_word' id='word_1_229' title='bbox 298 2956 544 3022; x_wconf 87' lang='lat' dir='ltr'><strong>dendi:</strong></span> <span class='ocrx_word' id='word_1_230' title='bbox 603 2965 667 3019; x_wconf 90' lang='lat' dir='ltr'><strong>et</strong></span> <span class='ocrx_word' id='word_1_231' title='bbox 713 2954 987 3018; x_wconf 91' lang='lat' dir='ltr'><strong>Domini</strong></span> <span class='ocrx_word' id='word_1_232' title='bbox 1048 2954 1257 3018; x_wconf 84' lang='lat' dir='ltr'><strong>nostri</strong></span> <span class='ocrx_word' id='word_1_233' title='bbox 1299 2953 1453 3019; x_wconf 91' lang='lat' dir='ltr'><strong>Iesu</strong></span> <span class='ocrx_word' id='word_1_234' title='bbox 1501 2955 1749 3020; x_wconf 85' lang='lat' dir='ltr'><strong>Christi</strong></span> <span class='ocrx_word' id='word_1_235' title='bbox 1795 2974 2034 3019; x_wconf 90' lang='lat' dir='ltr'><strong>nomeu</strong></span> <span class='ocrx_word' id='word_1_236' title='bbox 2080 2953 2250 3018; x_wconf 88' lang='lat' dir='ltr'><strong>lace-</strong></span> 
     </span>
     <span class='ocr_line' id='line_1_33' title="bbox 292 3039 2252 3123; baseline -0.003 -14"><span class='ocrx_word' id='word_1_237' title='bbox 292 3040 532 3109; x_wconf 83' lang='lat' dir='ltr'><strong>randi:</strong></span> <span class='ocrx_word' id='word_1_238' title='bbox 573 3039 850 3122; x_wconf 88' lang='lat' dir='ltr'><strong>ideoque</strong></span> <span class='ocrx_word' id='word_1_239' title='bbox 894 3060 1015 3105; x_wconf 90' lang='lat' dir='ltr'><strong>nos</strong></span> <span class='ocrx_word' id='word_1_240' title='bbox 1051 3050 1230 3103; x_wconf 91' lang='lat' dir='ltr'><strong>tanto</strong></span> <span class='ocrx_word' id='word_1_241' title='bbox 1253 3041 1706 3123; x_wconf 82' lang='lat' dir='ltr'><strong>vigilantiores</strong></span> <span class='ocrx_word' id='word_1_242' title='bbox 1742 3062 1883 3106; x_wconf 89' lang='lat' dir='ltr'><strong>esse</strong></span> <span class='ocrx_word' id='word_1_243' title='bbox 1919 3040 2252 3118; x_wconf 83' lang='lat' dir='ltr'><strong>convenit,</strong></span> 
     </span>
     <span class='ocr_line' id='line_1_34' title="bbox 294 3124 2250 3211; baseline -0.004 -16"><span class='ocrx_word' id='word_1_244' title='bbox 294 3150 394 3195; x_wconf 88' lang='lat' dir='ltr'><strong>ne</strong></span> <span class='ocrx_word' id='word_1_245' title='bbox 437 3147 628 3211; x_wconf 89' lang='lat' dir='ltr'><strong>qnam</strong></span> <span class='ocrx_word' id='word_1_246' title='bbox 676 3125 812 3190; x_wconf 89' lang='lat' dir='ltr'><strong>illis</strong></span> <span class='ocrx_word' id='word_1_247' title='bbox 847 3127 1246 3192; x_wconf 88' lang='lat' dir='ltr'><strong>occasionem</strong></span> <span class='ocrx_word' id='word_1_248' title='bbox 1285 3145 1479 3209; x_wconf 87' lang='lat' dir='ltr'><strong>quam</strong></span> <span class='ocrx_word' id='word_1_249' title='bbox 1518 3137 1846 3210; x_wconf 87' lang='lat' dir='ltr'><strong>quaerunt</strong></span> <span class='ocrx_word' id='word_1_250' title='bbox 1880 3124 2250 3191; x_wconf 89' lang='lat' dir='ltr'><strong>offendiculi</strong></span> 
     </span>
     <span class='ocr_line' id='line_1_35' title="bbox 295 3211 2249 3300; baseline -0.002 -21"><span class='ocrx_word' id='word_1_251' title='bbox 295 3214 755 3300; x_wconf 85' lang='lat' dir='ltr'><strong>praebeamus.</strong></span> <span class='ocrx_word' id='word_1_252' title='bbox 804 3211 998 3277; x_wconf 89' lang='lat' dir='ltr'><strong>Hanc</strong></span> <span class='ocrx_word' id='word_1_253' title='bbox 1039 3212 1245 3295; x_wconf 86' lang='lat' dir='ltr'><strong>igitur</strong></span> <span class='ocrx_word' id='word_1_254' title='bbox 1287 3212 1484 3277; x_wconf 89' lang='lat' dir='ltr'><strong>etiam</strong></span> <span class='ocrx_word' id='word_1_255' title='bbox 1530 3211 1614 3277; x_wconf 93' lang='lat' dir='ltr'><strong>ob</strong></span> <span class='ocrx_word' id='word_1_256' title='bbox 1659 3234 1921 3279; x_wconf 89' lang='lat' dir='ltr'><strong>causam</strong></span> <span class='ocrx_word' id='word_1_257' title='bbox 1967 3232 2089 3277; x_wconf 89' lang='lat' dir='ltr'><strong>nos</strong></span> <span class='ocrx_word' id='word_1_258' title='bbox 2133 3211 2249 3275; x_wconf 89' lang='lat' dir='ltr'><strong>ho·</strong></span> 
     </span>
     <span class='ocr_line' id='line_1_36' title="bbox 292 3297 2249 3381; baseline -0.003 -14"><span class='ocrx_word' id='word_1_259' title='bbox 292 3302 559 3367; x_wconf 85' lang='lat' dir='ltr'><strong>minum</strong></span> <span class='ocrx_word' id='word_1_260' title='bbox 599 3298 844 3364; x_wconf 88' lang='lat' dir='ltr'><strong>iudicia</strong></span> <span class='ocrx_word' id='word_1_261' title='bbox 866 3308 934 3362; x_wconf 89' lang='lat' dir='ltr'><strong>et</strong></span> <span class='ocrx_word' id='word_1_262' title='bbox 953 3298 1313 3363; x_wconf 89' lang='lat' dir='ltr'><strong>sententias</strong></span> <span class='ocrx_word' id='word_1_263' title='bbox 1338 3297 1416 3363; x_wconf 90' lang='lat' dir='ltr'><strong>de</strong></span> <span class='ocrx_word' id='word_1_264' title='bbox 1441 3298 1625 3365; x_wconf 90' lang='lat' dir='ltr'><strong>uobis</strong></span> <span class='ocrx_word' id='word_1_265' title='bbox 1649 3312 1940 3364; x_wconf 88' lang='lat' dir='ltr'><strong>metuere</strong></span> <span class='ocrx_word' id='word_1_266' title='bbox 1975 3306 2249 3381; x_wconf 81' lang='lat' dir='ltr'><strong>oportet,</strong></span> 
     </span>
     <span class='ocr_line' id='line_1_37' title="bbox 296 3384 2250 3466; baseline -0.002 -15"><span class='ocrx_word' id='word_1_267' title='bbox 296 3402 385 3452; x_wconf 86' lang='lat' dir='ltr'><strong>ut</strong></span> <span class='ocrx_word' id='word_1_268' title='bbox 430 3386 502 3449; x_wconf 92' lang='lat' dir='ltr'><strong>in</strong></span> <span class='ocrx_word' id='word_1_269' title='bbox 549 3384 760 3449; x_wconf 84' lang='lat' dir='ltr'><strong>officio</strong></span> <span class='ocrx_word' id='word_1_270' title='bbox 793 3384 1214 3462; x_wconf 89' lang='lat' dir='ltr'><strong>retineamur,</strong></span> <span class='ocrx_word' id='word_1_271' title='bbox 1260 3395 1328 3448; x_wconf 92' lang='lat' dir='ltr'><strong>et</strong></span> <span class='ocrx_word' id='word_1_272' title='bbox 1358 3384 1602 3449; x_wconf 88' lang='lat' dir='ltr'><strong>stultae</strong></span> <span class='ocrx_word' id='word_1_273' title='bbox 1647 3393 1911 3451; x_wconf 86' lang='lat' dir='ltr'><strong>nostrae</strong></span> <span class='ocrx_word' id='word_1_274' title='bbox 1957 3384 2250 3466; x_wconf 89' lang='lat' dir='ltr'><strong>opinioni</strong></span> 
     </span>
     <span class='ocr_line' id='line_1_38' title="bbox 292 3467 2250 3552; baseline -0.002 -14"><span class='ocrx_word' id='word_1_275' title='bbox 292 3471 790 3543; x_wconf 86' lang='lat' dir='ltr'><strong>renunciemus,</strong></span> <span class='ocrx_word' id='word_1_276' title='bbox 850 3490 982 3551; x_wconf 85' lang='lat' dir='ltr'><strong>qua</strong></span> <span class='ocrx_word' id='word_1_277' title='bbox 1038 3470 1422 3552; x_wconf 89' lang='lat' dir='ltr'><strong>plerumque</strong></span> <span class='ocrx_word' id='word_1_278' title='bbox 1481 3490 1936 3537; x_wconf 82' lang='lat' dir='ltr'><strong>excaecamur:</strong></span> <span class='ocrx_word' id='word_1_279' title='bbox 1992 3477 2061 3536; x_wconf 91' lang='lat' dir='ltr'><strong>et</strong></span> <span class='ocrx_word' id='word_1_280' title='bbox 2116 3467 2250 3534; x_wconf 88' lang='lat' dir='ltr'><strong>dia·</strong></span> 
     </span>
     <span class='ocr_line' id='line_1_39' title="bbox 294 3555 2252 3638; baseline -0.001 -16"><span class='ocrx_word' id='word_1_281' title='bbox 294 3558 498 3622; x_wconf 88' lang='lat' dir='ltr'><strong>bolus</strong></span> <span class='ocrx_word' id='word_1_282' title='bbox 539 3556 922 3638; x_wconf 87' lang='lat' dir='ltr'><strong>ingeniosus</strong></span> <span class='ocrx_word' id='word_1_283' title='bbox 963 3567 1065 3619; x_wconf 89' lang='lat' dir='ltr'><strong>est</strong></span> <span class='ocrx_word' id='word_1_284' title='bbox 1105 3557 1174 3620; x_wconf 91' lang='lat' dir='ltr'><strong>in</strong></span> <span class='ocrx_word' id='word_1_285' title='bbox 1200 3556 1424 3621; x_wconf 91' lang='lat' dir='ltr'><strong>multis</strong></span> <span class='ocrx_word' id='word_1_286' title='bbox 1448 3557 1813 3622; x_wconf 88' lang='lat' dir='ltr'><strong>rationibus</strong></span> <span class='ocrx_word' id='word_1_287' title='bbox 1842 3555 2252 3623; x_wconf 83' lang='lat' dir='ltr'><strong>inveniendis</strong></span> 
     </span>
     <span class='ocr_line' id='line_1_40' title="bbox 291 3639 2251 3728; baseline -0.001 -21"><span class='ocrx_word' id='word_1_288' title='bbox 291 3642 549 3728; x_wconf 88' lang='lat' dir='ltr'><strong>quibus</strong></span> <span class='ocrx_word' id='word_1_289' title='bbox 593 3642 893 3707; x_wconf 90' lang='lat' dir='ltr'><strong>incautos</strong></span> <span class='ocrx_word' id='word_1_290' title='bbox 937 3641 1199 3706; x_wconf 90' lang='lat' dir='ltr'><strong>obruat:</strong></span> <span class='ocrx_word' id='word_1_291' title='bbox 1247 3653 1315 3706; x_wconf 90' lang='lat' dir='ltr'><strong>et</strong></span> <span class='ocrx_word' id='word_1_292' title='bbox 1356 3642 1585 3708; x_wconf 90' lang='lat' dir='ltr'><strong>multis</strong></span> <span class='ocrx_word' id='word_1_293' title='bbox 1629 3643 1917 3726; x_wconf 90' lang='lat' dir='ltr'><strong>undique</strong></span> <span class='ocrx_word' id='word_1_294' title='bbox 1952 3639 2251 3707; x_wconf 86' lang='lat' dir='ltr'><strong>hostibus</strong></span> 
     </span>
     <span class='ocr_line' id='line_1_41' title="bbox 291 3726 2250 3812; baseline -0.002 -17"><span class='ocrx_word' id='word_1_295' title='bbox 291 3729 654 3812; x_wconf 78' lang='lat' dir='ltr'><strong>cingimur,</strong></span> <span class='ocrx_word' id='word_1_296' title='bbox 696 3728 805 3810; x_wconf 91' lang='lat' dir='ltr'><strong>qui</strong></span> <span class='ocrx_word' id='word_1_297' title='bbox 844 3736 1106 3792; x_wconf 88' lang='lat' dir='ltr'><strong>nostras</strong></span> <span class='ocrx_word' id='word_1_298' title='bbox 1148 3728 1435 3792; x_wconf 84' lang='lat' dir='ltr'><strong>actiones</strong></span> <span class='ocrx_word' id='word_1_299' title='bbox 1471 3728 1846 3811; x_wconf 83' lang='lat' dir='ltr'><strong>explorant:</strong></span> <span class='ocrx_word' id='word_1_300' title='bbox 1896 3726 2131 3793; x_wconf 90' lang='lat' dir='ltr'><strong>deinde</strong></span> <span class='ocrx_word' id='word_1_301' title='bbox 2167 3726 2250 3792; x_wconf 88' lang='lat' dir='ltr'><strong>ad</strong></span> 
     </span>
     <span class='ocr_line' id='line_1_42' title="bbox 292 3812 2248 3897; baseline -0.002 -16"><span class='ocrx_word' id='word_1_302' title='bbox 292 3813 622 3881; x_wconf 87' lang='lat' dir='ltr'><strong>iudicium</strong></span> <span class='ocrx_word' id='word_1_303' title='bbox 692 3812 991 3877; x_wconf 82' lang='lat' dir='ltr'><strong>divinum</strong></span> <span class='ocrx_word' id='word_1_304' title='bbox 1057 3812 1535 3896; x_wconf 85' lang='lat' dir='ltr'><strong>assurgendum</strong></span> <span class='ocrx_word' id='word_1_305' title='bbox 1602 3824 1736 3894; x_wconf 88' lang='lat' dir='ltr'><strong>est,</strong></span> <span class='ocrx_word' id='word_1_306' title='bbox 1804 3824 1871 3878; x_wconf 89' lang='lat' dir='ltr'><strong>et</strong></span> <span class='ocrx_word' id='word_1_307' title='bbox 1934 3813 2096 3897; x_wconf 87' lang='lat' dir='ltr'><strong>quid</strong></span> <span class='ocrx_word' id='word_1_308' title='bbox 2165 3832 2248 3877; x_wconf 89' lang='lat' dir='ltr'><strong>ex</strong></span> 
     </span>
     <span class='ocr_line' id='line_1_43' title="bbox 293 3898 2248 3985; baseline -0.002 -19"><span class='ocrx_word' id='word_1_309' title='bbox 293 3900 517 3985; x_wconf 88' lang='lat' dir='ltr'><strong>ipsius</strong></span> <span class='ocrx_word' id='word_1_310' title='bbox 550 3899 754 3965; x_wconf 80' lang='lat' dir='ltr'><strong>verbo</strong></span> <span class='ocrx_word' id='word_1_311' title='bbox 800 3898 995 3964; x_wconf 89' lang='lat' dir='ltr'><strong>liceat</strong></span> <span class='ocrx_word' id='word_1_312' title='bbox 1028 3898 1377 3983; x_wconf 83' lang='lat' dir='ltr'><strong>diligenter</strong></span> <span class='ocrx_word' id='word_1_313' title='bbox 1399 3899 1923 3981; x_wconf 89' lang='lat' dir='ltr'><strong>expendendum,</strong></span> <span class='ocrx_word' id='word_1_314' title='bbox 1972 3921 2048 3965; x_wconf 89' lang='lat' dir='ltr'><strong>ac</strong></span> <span class='ocrx_word' id='word_1_315' title='bbox 2090 3899 2248 3981; x_wconf 88' lang='lat' dir='ltr'><strong>quid</strong></span> 
     </span>
     <span class='ocr_line' id='line_1_44' title="bbox 293 3984 2251 4068; baseline -0.002 -16"><span class='ocrx_word' id='word_1_316' title='bbox 293 3987 604 4068; x_wconf 84' lang='lat' dir='ltr'><strong>aequitas</strong></span> <span class='ocrx_word' id='word_1_317' title='bbox 648 3985 875 4051; x_wconf 91' lang='lat' dir='ltr'><strong>iubeat</strong></span> <span class='ocrx_word' id='word_1_318' title='bbox 914 3984 1484 4068; x_wconf 86' lang='lat' dir='ltr'><strong>considerandum,</strong></span> <span class='ocrx_word' id='word_1_319' title='bbox 1545 4006 1629 4050; x_wconf 90' lang='lat' dir='ltr'><strong>ne</strong></span> <span class='ocrx_word' id='word_1_320' title='bbox 1684 3985 2004 4051; x_wconf 83' lang='lat' dir='ltr'><strong>adversus</strong></span> <span class='ocrx_word' id='word_1_321' title='bbox 2048 3985 2251 4057; x_wconf 81' lang='lat' dir='ltr'><strong>insita</strong></span> 
     </span>
     <span class='ocr_line' id='line_1_45' title="bbox 300 4071 1907 4155; baseline -0.001 -17"><span class='ocrx_word' id='word_1_322' title='bbox 300 4082 588 4138; x_wconf 85' lang='lat' dir='ltr'><strong>naturae</strong></span> <span class='ocrx_word' id='word_1_323' title='bbox 632 4071 955 4155; x_wconf 78' lang='lat' dir='ltr'><strong>principia</strong></span> <span class='ocrx_word' id='word_1_324' title='bbox 997 4071 1161 4136; x_wconf 91' lang='lat' dir='ltr'><strong>iuris</strong></span> <span class='ocrx_word' id='word_1_325' title='bbox 1205 4078 1272 4136; x_wconf 89' lang='lat' dir='ltr'><strong>et</strong></span> <span class='ocrx_word' id='word_1_326' title='bbox 1315 4072 1503 4153; x_wconf 90' lang='lat' dir='ltr'><strong>aequi</strong></span> <span class='ocrx_word' id='word_1_327' title='bbox 1550 4092 1907 4154; x_wconf 84' lang='lat' dir='ltr'><strong>peccemus.</strong></span> 
     </span>
    </p>

    <p class='ocr_par' dir='ltr' id='par_1_8' title="bbox 286 4156 2252 5359">
     <span class='ocr_line' id='line_1_46' title="bbox 482 4156 2252 4240; baseline -0.001 -18"><span class='ocrx_word' id='word_1_328' title='bbox 482 4156 741 4222; x_wconf 89' lang='lat' dir='ltr'><strong>Deinde</strong></span> <span class='ocrx_word' id='word_1_329' title='bbox 804 4157 1101 4240; x_wconf 89' lang='lat' dir='ltr'><strong>sequitur</strong></span> <span class='ocrx_word' id='word_1_330' title='bbox 1152 4158 1220 4221; x_wconf 93' lang='lat' dir='ltr'><strong>in</strong></span> <span class='ocrx_word' id='word_1_331' title='bbox 1279 4164 1623 4222; x_wconf 85' lang='lat' dir='ltr'><strong>contextu:</strong></span> <span class='ocrx_word' id='word_1_332' title='bbox 1700 4156 2025 4222; x_wconf 64' lang='lat' dir='ltr'><strong>Man-sisse</strong></span> <span class='ocrx_word' id='word_1_333' title='bbox 2079 4157 2252 4221; x_wconf 73' lang='lat' dir='ltr'><strong>istud</strong></span> 
     </span>
     <span class='ocr_line' id='line_1_47' title="bbox 294 4241 2250 4325; baseline -0.003 -13"><span class='ocrx_word' id='word_1_334' title='bbox 294 4247 610 4312; x_wconf 67' lang='lat' dir='ltr'><strong>statmm</strong></span> <span class='ocrx_word' id='word_1_335' title='bbox 652 4242 731 4307; x_wconf 84' lang='lat' dir='ltr'><strong>ab</strong></span> <span class='ocrx_word' id='word_1_336' title='bbox 773 4242 883 4309; x_wconf 80' lang='lat' dir='ltr'><strong>hoc</strong></span> <span class='ocrx_word' id='word_1_337' title='bbox 919 4243 1023 4309; x_wconf 78' lang='lat' dir='ltr'><strong>die</strong></span> <span class='ocrx_word' id='word_1_338' title='bbox 1046 4244 1127 4308; x_wconf 73' lang='lat' dir='ltr'><strong>&#39;in</strong></span> <span class='ocrx_word' id='word_1_339' title='bbox 1156 4242 1412 4324; x_wconf 77' lang='lat' dir='ltr'><strong>populo,</strong></span> <span class='ocrx_word' id='word_1_340' title='bbox 1454 4245 1658 4324; x_wconf 77' lang='lat' dir='ltr'><strong>utqui</strong></span> <span class='ocrx_word' id='word_1_341' title='bbox 1691 4244 1777 4308; x_wconf 79' lang='lat' dir='ltr'><strong>ad</strong></span> <span class='ocrx_word' id='word_1_342' title='bbox 1812 4241 2250 4325; x_wconf 60' lang='lat' dir='ltr'><strong>inmedimenta</strong></span> 
     </span>
     <span class='ocr_line' id='line_1_48' title="bbox 295 4329 2251 4412; baseline -0.002 -16"><span class='ocrx_word' id='word_1_343' title='bbox 295 4330 763 4396; x_wconf 74' lang='lat' dir='ltr'><strong>remansissent</strong></span> <span class='ocrx_word' id='word_1_344' title='bbox 806 4329 1060 4410; x_wconf 76' lang='lat' dir='ltr'><strong>pariter</strong></span> <span class='ocrx_word' id='word_1_345' title='bbox 1118 4329 1435 4409; x_wconf 75' lang='lat' dir='ltr'><strong>praedam</strong></span> <span class='ocrx_word' id='word_1_346' title='bbox 1487 4348 1630 4394; x_wconf 80' lang='lat' dir='ltr'><strong>cum</strong></span> <span class='ocrx_word' id='word_1_347' title='bbox 1686 4329 1776 4394; x_wconf 77' lang='lat' dir='ltr'><strong>iis</strong></span> <span class='ocrx_word' id='word_1_348' title='bbox 1844 4330 1956 4410; x_wconf 76' lang='lat' dir='ltr'><strong>qai</strong></span> <span class='ocrx_word' id='word_1_349' title='bbox 1994 4348 2251 4412; x_wconf 75' lang='lat' dir='ltr'><strong>puynae</strong></span> 
     </span>
     <span class='ocr_line' id='line_1_49' title="bbox 298 4412 2247 4497; baseline -0.002 -16"><span class='ocrx_word' id='word_1_350' title='bbox 298 4415 741 4497; x_wconf 65' lang='lat' dir='ltr'><strong>interfuissent</strong></span> <span class='ocrx_word' id='word_1_351' title='bbox 769 4416 1185 4497; x_wconf 66' lang='lat' dir='ltr'><strong>partirentur.</strong></span> <span class='ocrx_word' id='word_1_352' title='bbox 1245 4413 1381 4479; x_wconf 82' lang='lat' dir='ltr'><strong>Sed</strong></span> <span class='ocrx_word' id='word_1_353' title='bbox 1427 4414 1613 4480; x_wconf 88' lang='lat' dir='ltr'><strong>nobis</strong></span> <span class='ocrx_word' id='word_1_354' title='bbox 1657 4415 1728 4479; x_wconf 92' lang='lat' dir='ltr'><strong>in</strong></span> <span class='ocrx_word' id='word_1_355' title='bbox 1773 4415 1917 4479; x_wconf 89' lang='lat' dir='ltr'><strong>istis</strong></span> <span class='ocrx_word' id='word_1_356' title='bbox 1962 4412 2074 4478; x_wconf 87' lang='lat' dir='ltr'><strong>diu</strong></span> <span class='ocrx_word' id='word_1_357' title='bbox 2115 4433 2247 4478; x_wconf 94' lang='lat' dir='ltr'><strong>non</strong></span> 
     </span>
     <span class='ocr_line' id='line_1_50' title="bbox 300 4499 2246 4585; baseline -0.002 -18"><span class='ocrx_word' id='word_1_358' title='bbox 300 4512 414 4567; x_wconf 88' lang='lat' dir='ltr'><strong>est</strong></span> <span class='ocrx_word' id='word_1_359' title='bbox 453 4500 913 4576; x_wconf 88' lang='lat' dir='ltr'><strong>insistendum,</strong></span> <span class='ocrx_word' id='word_1_360' title='bbox 956 4521 1123 4583; x_wconf 88' lang='lat' dir='ltr'><strong>quae</strong></span> <span class='ocrx_word' id='word_1_361' title='bbox 1153 4499 1326 4565; x_wconf 90' lang='lat' dir='ltr'><strong>dicta</strong></span> <span class='ocrx_word' id='word_1_362' title='bbox 1362 4513 1515 4566; x_wconf 84' lang='lat' dir='ltr'><strong>sunt</strong></span> <span class='ocrx_word' id='word_1_363' title='bbox 1549 4502 1851 4585; x_wconf 90' lang='lat' dir='ltr'><strong>superius</strong></span> <span class='ocrx_word' id='word_1_364' title='bbox 1890 4499 2246 4565; x_wconf 81' lang='lat' dir='ltr'><strong>sufficiant:</strong></span> 
     </span>
     <span class='ocr_line' id='line_1_51' title="bbox 290 4585 2249 4670; baseline -0.002 -17"><span class='ocrx_word' id='word_1_365' title='bbox 290 4588 531 4669; x_wconf 82' lang='lat' dir='ltr'><strong>itaque</strong></span> <span class='ocrx_word' id='word_1_366' title='bbox 574 4585 656 4649; x_wconf 89' lang='lat' dir='ltr'><strong>ad</strong></span> <span class='ocrx_word' id='word_1_367' title='bbox 702 4585 1043 4669; x_wconf 80' lang='lat' dir='ltr'><strong>sequentia</strong></span> <span class='ocrx_word' id='word_1_368' title='bbox 1072 4596 1500 4663; x_wconf 85' lang='lat' dir='ltr'><strong>transeamus,</strong></span> <span class='ocrx_word' id='word_1_369' title='bbox 1547 4587 1617 4651; x_wconf 92' lang='lat' dir='ltr'><strong>in</strong></span> <span class='ocrx_word' id='word_1_370' title='bbox 1662 4586 1901 4670; x_wconf 91' lang='lat' dir='ltr'><strong>quibus</strong></span> <span class='ocrx_word' id='word_1_371' title='bbox 1945 4585 2249 4651; x_wconf 87' lang='lat' dir='ltr'><strong>audimus</strong></span> 
     </span>
     <span class='ocr_line' id='line_1_52' title="bbox 290 4671 2252 4753; baseline -0.002 -13"><span class='ocrx_word' id='word_1_372' title='bbox 290 4672 625 4741; x_wconf 76' lang='lat' dir='ltr'><strong>Davidem</strong></span> <span class='ocrx_word' id='word_1_373' title='bbox 670 4672 926 4738; x_wconf 78' lang='lat' dir='ltr'><strong>misisse</strong></span> <span class='ocrx_word' id='word_1_374' title='bbox 990 4674 1067 4739; x_wconf 79' lang='lat' dir='ltr'><strong>de</strong></span> <span class='ocrx_word' id='word_1_375' title='bbox 1134 4690 1208 4735; x_wconf 82' lang='lat' dir='ltr'><strong>ea</strong></span> <span class='ocrx_word' id='word_1_376' title='bbox 1260 4672 1513 4753; x_wconf 79' lang='lat' dir='ltr'><strong>praeda</strong></span> <span class='ocrx_word' id='word_1_377' title='bbox 1573 4671 1926 4737; x_wconf 71' lang='lat' dir='ltr'><strong>senioribus</strong></span> <span class='ocrx_word' id='word_1_378' title='bbox 1971 4671 2252 4736; x_wconf 78' lang='lat' dir='ltr'><strong>Iehudae</strong></span> 
     </span>
     <span class='ocr_line' id='line_1_53' title="bbox 290 4756 2248 4838; baseline -0.002 -13"><span class='ocrx_word' id='word_1_379' title='bbox 290 4757 535 4825; x_wconf 76' lang='lat' dir='ltr'><strong>amicis</strong></span> <span class='ocrx_word' id='word_1_380' title='bbox 590 4758 748 4836; x_wconf 75' lang='grc' dir='ltr'><strong>εαίε,</strong></span> <span class='ocrx_word' id='word_1_381' title='bbox 805 4758 1099 4824; x_wconf 71' lang='lat' dir='ltr'><strong>dicendo:</strong></span> <span class='ocrx_word' id='word_1_382' title='bbox 1164 4756 1326 4823; x_wconf 82' lang='lat' dir='ltr'><strong>Ecce</strong></span> <span class='ocrx_word' id='word_1_383' title='bbox 1379 4757 1552 4823; x_wconf 77' lang='lat' dir='ltr'><strong>vobis</strong></span> <span class='ocrx_word' id='word_1_384' title='bbox 1608 4760 1841 4824; x_wconf 78' lang='lat' dir='ltr'><strong>donum</strong></span> <span class='ocrx_word' id='word_1_385' title='bbox 1895 4759 1973 4823; x_wconf 77' lang='lat' dir='ltr'><strong>de</strong></span> <span class='ocrx_word' id='word_1_386' title='bbox 1998 4758 2248 4838; x_wconf 76' lang='lat' dir='ltr'><strong>praeda</strong></span> 
     </span>
     <span class='ocr_line' id='line_1_54' title="bbox 286 4842 2249 4927; baseline -0.002 -17"><span class='ocrx_word' id='word_1_387' title='bbox 286 4845 579 4910; x_wconf 71' lang='lat' dir='ltr'><strong>hostium</strong></span> <span class='ocrx_word' id='word_1_388' title='bbox 599 4843 886 4910; x_wconf 76' lang='lat' dir='ltr'><strong>lehovae.</strong></span> <span class='ocrx_word' id='word_1_389' title='bbox 931 4842 1151 4908; x_wconf 80' lang='lat' dir='ltr'><strong>David</strong></span> <span class='ocrx_word' id='word_1_390' title='bbox 1198 4843 1322 4909; x_wconf 90' lang='lat' dir='ltr'><strong>hac</strong></span> <span class='ocrx_word' id='word_1_391' title='bbox 1356 4864 1514 4909; x_wconf 89' lang='lat' dir='ltr'><strong>usus</strong></span> <span class='ocrx_word' id='word_1_392' title='bbox 1548 4844 2016 4927; x_wconf 87' lang='lat' dir='ltr'><strong>protestatione</strong></span> <span class='ocrx_word' id='word_1_393' title='bbox 2053 4853 2249 4908; x_wconf 83' lang='lat' dir='ltr'><strong>testa-</strong></span> 
     </span>
     <span class='ocr_line' id='line_1_55' title="bbox 288 4929 2248 5013; baseline -0.001 -17"><span class='ocrx_word' id='word_1_394' title='bbox 288 4944 418 4997; x_wconf 82' lang='lat' dir='ltr'><strong>tus</strong></span> <span class='ocrx_word' id='word_1_395' title='bbox 464 4938 566 4995; x_wconf 84' lang='lat' dir='ltr'><strong>est</strong></span> <span class='ocrx_word' id='word_1_396' title='bbox 605 4951 678 4995; x_wconf 88' lang='lat' dir='ltr'><strong>se</strong></span> <span class='ocrx_word' id='word_1_397' title='bbox 721 4930 803 4995; x_wconf 88' lang='lat' dir='ltr'><strong>de</strong></span> <span class='ocrx_word' id='word_1_398' title='bbox 847 4950 966 4995; x_wconf 92' lang='lat' dir='ltr'><strong>suo</strong></span> <span class='ocrx_word' id='word_1_399' title='bbox 1008 4929 1180 5012; x_wconf 90' lang='lat' dir='ltr'><strong>quod</strong></span> <span class='ocrx_word' id='word_1_400' title='bbox 1239 4929 1530 5013; x_wconf 86' lang='lat' dir='ltr'><strong>legitime</strong></span> <span class='ocrx_word' id='word_1_401' title='bbox 1587 4930 1954 5013; x_wconf 85' lang='lat' dir='ltr'><strong>acquisivit,</strong></span> <span class='ocrx_word' id='word_1_402' title='bbox 2014 4949 2248 5013; x_wconf 90' lang='lat' dir='ltr'><strong>nempe</strong></span> 
     </span>
     <span class='ocr_line' id='line_1_56' title="bbox 288 5014 2246 5099; baseline -0.002 -16"><span class='ocrx_word' id='word_1_403' title='bbox 288 5019 388 5083; x_wconf 86' lang='lat' dir='ltr'><strong>de</strong></span> <span class='ocrx_word' id='word_1_404' title='bbox 448 5016 673 5098; x_wconf 88' lang='lat' dir='ltr'><strong>spoliis</strong></span> <span class='ocrx_word' id='word_1_405' title='bbox 730 5016 1015 5081; x_wconf 87' lang='lat' dir='ltr'><strong>hostium</strong></span> <span class='ocrx_word' id='word_1_406' title='bbox 1076 5014 1203 5080; x_wconf 89' lang='lat' dir='ltr'><strong>Dei</strong></span> <span class='ocrx_word' id='word_1_407' title='bbox 1260 5024 1331 5081; x_wconf 86' lang='lat' dir='ltr'><strong>et</strong></span> <span class='ocrx_word' id='word_1_408' title='bbox 1400 5014 1731 5081; x_wconf 77' lang='lat' dir='ltr'><strong>israelitici</strong></span> <span class='ocrx_word' id='word_1_409' title='bbox 1790 5015 2045 5099; x_wconf 88' lang='lat' dir='ltr'><strong>populi,</strong></span> <span class='ocrx_word' id='word_1_410' title='bbox 2115 5035 2246 5080; x_wconf 92' lang='lat' dir='ltr'><strong>non</strong></span> 
     </span>
     <span class='ocr_line' id='line_1_57' title="bbox 288 5100 2246 5186; baseline -0.002 -16"><span class='ocrx_word' id='word_1_411' title='bbox 288 5112 531 5170; x_wconf 79' lang='lat' dir='ltr'><strong>autem</strong></span> <span class='ocrx_word' id='word_1_412' title='bbox 575 5102 655 5167; x_wconf 90' lang='lat' dir='ltr'><strong>de</strong></span> <span class='ocrx_word' id='word_1_413' title='bbox 698 5102 927 5185; x_wconf 88' lang='lat' dir='ltr'><strong>iniqua</strong></span> <span class='ocrx_word' id='word_1_414' title='bbox 970 5100 1215 5184; x_wconf 89' lang='lat' dir='ltr'><strong>praeda</strong></span> <span class='ocrx_word' id='word_1_415' title='bbox 1258 5111 1328 5166; x_wconf 91' lang='lat' dir='ltr'><strong>et</strong></span> <span class='ocrx_word' id='word_1_416' title='bbox 1384 5102 1617 5183; x_wconf 83' lang='lat' dir='ltr'><strong>rapina</strong></span> <span class='ocrx_word' id='word_1_417' title='bbox 1660 5102 1909 5186; x_wconf 87' lang='lat' dir='ltr'><strong>largiri.</strong></span> <span class='ocrx_word' id='word_1_418' title='bbox 1998 5101 2246 5167; x_wconf 84' lang='lat' dir='ltr'><strong>Multos</strong></span> 
     </span>
     <span class='ocr_line' id='line_1_58' title="bbox 287 5185 2249 5271; baseline -0.002 -15"><span class='ocrx_word' id='word_1_419' title='bbox 287 5189 487 5256; x_wconf 87' lang='lat' dir='ltr'><strong>enim</strong></span> <span class='ocrx_word' id='word_1_420' title='bbox 523 5188 745 5254; x_wconf 81' lang='lat' dir='ltr'><strong>videas</strong></span> <span class='ocrx_word' id='word_1_421' title='bbox 779 5187 1101 5267; x_wconf 87' lang='lat' dir='ltr'><strong>liberales,</strong></span> <span class='ocrx_word' id='word_1_422' title='bbox 1138 5188 1339 5251; x_wconf 90' lang='lat' dir='ltr'><strong>immo</strong></span> <span class='ocrx_word' id='word_1_423' title='bbox 1361 5187 1670 5271; x_wconf 86' lang='lat' dir='ltr'><strong>prodigos</strong></span> <span class='ocrx_word' id='word_1_424' title='bbox 1704 5190 1772 5253; x_wconf 90' lang='lat' dir='ltr'><strong>in</strong></span> <span class='ocrx_word' id='word_1_425' title='bbox 1799 5185 2249 5253; x_wconf 88' lang='lat' dir='ltr'><strong>distribuendo</strong></span> 
     </span>
     <span class='ocr_line' id='line_1_59' title="bbox 288 5272 2248 5359; baseline -0.003 -18"><span class='ocrx_word' id='word_1_426' title='bbox 288 5287 372 5341; x_wconf 79' lang='lat' dir='ltr'><strong>et</strong></span> <span class='ocrx_word' id='word_1_427' title='bbox 418 5272 783 5359; x_wconf 84' lang='lat' dir='ltr'><strong>largiendo,</strong></span> <span class='ocrx_word' id='word_1_428' title='bbox 840 5273 1013 5358; x_wconf 89' lang='lat' dir='ltr'><strong>quod</strong></span> <span class='ocrx_word' id='word_1_429' title='bbox 1057 5272 1299 5338; x_wconf 92' lang='lat' dir='ltr'><strong>iniuste</strong></span> <span class='ocrx_word' id='word_1_430' title='bbox 1343 5282 1411 5337; x_wconf 88' lang='lat' dir='ltr'><strong>et</strong></span> <span class='ocrx_word' id='word_1_431' title='bbox 1451 5273 1642 5340; x_wconf 88' lang='lat' dir='ltr'><strong>malis</strong></span> <span class='ocrx_word' id='word_1_432' title='bbox 1687 5274 1939 5340; x_wconf 87' lang='lat' dir='ltr'><strong>artibus</strong></span> <span class='ocrx_word' id='word_1_433' title='bbox 1981 5292 2248 5356; x_wconf 89' lang='lat' dir='ltr'><strong>pepere-</strong></span> 
     </span>
    </p>
   </div>
   <div class='ocr_carea' id='block_1_8' title="bbox 2348 718 4314 5420">
    <p class='ocr_par' dir='ltr' id='par_1_9' title="bbox 2348 718 4314 4236">
     <span class='ocr_line' id='line_1_60' title="bbox 2366 718 4314 803; baseline 0.002 -21"><span class='ocrx_word' id='word_1_434' title='bbox 2366 740 2517 783; x_wconf 90' lang='lat' dir='ltr'><strong>nam</strong></span> <span class='ocrx_word' id='word_1_435' title='bbox 2587 740 2752 800; x_wconf 90' lang='lat' dir='ltr'><strong>quae</strong></span> <span class='ocrx_word' id='word_1_436' title='bbox 2810 718 3058 802; x_wconf 90' lang='lat' dir='ltr'><strong>species</strong></span> <span class='ocrx_word' id='word_1_437' title='bbox 3125 727 3227 784; x_wconf 88' lang='lat' dir='ltr'><strong>est</strong></span> <span class='ocrx_word' id='word_1_438' title='bbox 3285 719 3613 803; x_wconf 84' lang='lat' dir='ltr'><strong>caritatis,</strong></span> <span class='ocrx_word' id='word_1_439' title='bbox 3673 721 3727 783; x_wconf 91' lang='lat' dir='ltr'><strong>si</strong></span> <span class='ocrx_word' id='word_1_440' title='bbox 3787 720 3981 784; x_wconf 89' lang='lat' dir='ltr'><strong>malis</strong></span> <span class='ocrx_word' id='word_1_441' title='bbox 4042 719 4314 801; x_wconf 89' lang='lat' dir='ltr'><strong>artibus,</strong></span> 
     </span>
     <span class='ocr_line' id='line_1_61' title="bbox 2363 803 4311 887; baseline 0.003 -19"><span class='ocrx_word' id='word_1_442' title='bbox 2363 803 2704 869; x_wconf 85' lang='lat' dir='ltr'><strong>fraudibus</strong></span> <span class='ocrx_word' id='word_1_443' title='bbox 2751 816 2814 868; x_wconf 87' lang='lat' dir='ltr'><strong>et</strong></span> <span class='ocrx_word' id='word_1_444' title='bbox 2857 805 3102 887; x_wconf 90' lang='lat' dir='ltr'><strong>rapinis</strong></span> <span class='ocrx_word' id='word_1_445' title='bbox 3148 825 3300 885; x_wconf 86' lang='lat' dir='ltr'><strong>opes</strong></span> <span class='ocrx_word' id='word_1_446' title='bbox 3347 814 3573 887; x_wconf 85' lang='lat' dir='ltr'><strong>partae</strong></span> <span class='ocrx_word' id='word_1_447' title='bbox 3618 818 3792 869; x_wconf 83' lang='lat' dir='ltr'><strong>sunt.</strong></span> <span class='ocrx_word' id='word_1_448' title='bbox 3876 804 4100 886; x_wconf 76' lang='lat' dir='ltr'><strong>Quare</strong></span> <span class='ocrx_word' id='word_1_449' title='bbox 4145 826 4311 887; x_wconf 87' lang='lat' dir='ltr'><strong>quos</strong></span> 
     </span>
     <span class='ocr_line' id='line_1_62' title="bbox 2364 890 4310 973; baseline 0.002 -20"><span class='ocrx_word' id='word_1_450' title='bbox 2364 892 2666 954; x_wconf 83' lang='lat' dir='ltr'><strong>videmus</strong></span> <span class='ocrx_word' id='word_1_451' title='bbox 2711 893 2775 954; x_wconf 92' lang='lat' dir='ltr'><strong>in</strong></span> <span class='ocrx_word' id='word_1_452' title='bbox 2822 902 3063 972; x_wconf 88' lang='lat' dir='ltr'><strong>papatu</strong></span> <span class='ocrx_word' id='word_1_453' title='bbox 3102 890 3445 954; x_wconf 82' lang='lat' dir='ltr'><strong>fraudibus</strong></span> <span class='ocrx_word' id='word_1_454' title='bbox 3483 902 3548 954; x_wconf 88' lang='lat' dir='ltr'><strong>et</strong></span> <span class='ocrx_word' id='word_1_455' title='bbox 3579 891 3827 973; x_wconf 90' lang='lat' dir='ltr'><strong>rapinis</strong></span> <span class='ocrx_word' id='word_1_456' title='bbox 3862 891 4310 973; x_wconf 88' lang='lat' dir='ltr'><strong>locupletatos,</strong></span> 
     </span>
     <span class='ocr_line' id='line_1_63' title="bbox 2363 976 4314 1043; baseline 0.003 -5"><span class='ocrx_word' id='word_1_457' title='bbox 2363 976 2575 1039; x_wconf 85' lang='lat' dir='ltr'><strong>multa</strong></span> <span class='ocrx_word' id='word_1_458' title='bbox 2633 976 2870 1040; x_wconf 90' lang='lat' dir='ltr'><strong>deinde</strong></span> <span class='ocrx_word' id='word_1_459' title='bbox 2929 976 3202 1040; x_wconf 87' lang='lat' dir='ltr'><strong>delubra</strong></span> <span class='ocrx_word' id='word_1_460' title='bbox 3260 987 3324 1039; x_wconf 92' lang='lat' dir='ltr'><strong>et</strong></span> <span class='ocrx_word' id='word_1_461' title='bbox 3384 976 3836 1041; x_wconf 79' lang='lat' dir='ltr'><strong>anniversaria</strong></span> <span class='ocrx_word' id='word_1_462' title='bbox 3898 997 4084 1042; x_wconf 87' lang='lat' dir='ltr'><strong>sacra</strong></span> <span class='ocrx_word' id='word_1_463' title='bbox 4129 978 4314 1043; x_wconf 84' lang='lat' dir='ltr'><strong>insti-</strong></span> 
     </span>
     <span class='ocr_line' id='line_1_64' title="bbox 2364 1060 4310 1143; baseline 0.002 -19"><span class='ocrx_word' id='word_1_464' title='bbox 2364 1076 2579 1139; x_wconf 86' lang='lat' dir='ltr'><strong>tuere,</strong></span> <span class='ocrx_word' id='word_1_465' title='bbox 2640 1062 2951 1140; x_wconf 89' lang='lat' dir='ltr'><strong>sciamus,</strong></span> <span class='ocrx_word' id='word_1_466' title='bbox 3012 1063 3134 1125; x_wconf 89' lang='lat' dir='ltr'><strong>etsi</strong></span> <span class='ocrx_word' id='word_1_467' title='bbox 3197 1060 3365 1125; x_wconf 93' lang='lat' dir='ltr'><strong>bono</strong></span> <span class='ocrx_word' id='word_1_468' title='bbox 3428 1061 3644 1143; x_wconf 90' lang='lat' dir='ltr'><strong>aliquo</strong></span> <span class='ocrx_word' id='word_1_469' title='bbox 3703 1062 4127 1127; x_wconf 87' lang='lat' dir='ltr'><strong>fundamento</strong></span> <span class='ocrx_word' id='word_1_470' title='bbox 4187 1063 4310 1128; x_wconf 88' lang='lat' dir='ltr'><strong>niti</strong></span> 
     </span>
     <span class='ocr_line' id='line_1_65' title="bbox 2364 1144 4309 1231; baseline 0.002 -21"><span class='ocrx_word' id='word_1_471' title='bbox 2364 1147 2728 1222; x_wconf 84' lang='lat' dir='ltr'><strong>videantur,</strong></span> <span class='ocrx_word' id='word_1_472' title='bbox 2786 1149 2928 1212; x_wconf 90' lang='lat' dir='ltr'><strong>Deo</strong></span> <span class='ocrx_word' id='word_1_473' title='bbox 2974 1162 3194 1211; x_wconf 88' lang='lat' dir='ltr'><strong>tamen</strong></span> <span class='ocrx_word' id='word_1_474' title='bbox 3241 1148 3531 1211; x_wconf 87' lang='lat' dir='ltr'><strong>maxime</strong></span> <span class='ocrx_word' id='word_1_475' title='bbox 3577 1144 3941 1229; x_wconf 89' lang='lat' dir='ltr'><strong>displicere,</strong></span> <span class='ocrx_word' id='word_1_476' title='bbox 4001 1162 4067 1211; x_wconf 90' lang='lat' dir='ltr'><strong>et</strong></span> <span class='ocrx_word' id='word_1_477' title='bbox 4109 1169 4309 1231; x_wconf 90' lang='lat' dir='ltr'><strong>qnae-</strong></span> 
     </span>
     <span class='ocr_line' id='line_1_66' title="bbox 2361 1231 4306 1317; baseline 0.003 -21"><span class='ocrx_word' id='word_1_478' title='bbox 2361 1252 2620 1314; x_wconf 89' lang='lat' dir='ltr'><strong>cunque</strong></span> <span class='ocrx_word' id='word_1_479' title='bbox 2673 1233 3044 1297; x_wconf 87' lang='lat' dir='ltr'><strong>obtulerant</strong></span> <span class='ocrx_word' id='word_1_480' title='bbox 3100 1231 3286 1299; x_wconf 86' lang='lat' dir='ltr'><strong>foeda</strong></span> <span class='ocrx_word' id='word_1_481' title='bbox 3345 1234 3412 1296; x_wconf 93' lang='lat' dir='ltr'><strong>iu</strong></span> <span class='ocrx_word' id='word_1_482' title='bbox 3475 1234 3681 1314; x_wconf 91' lang='lat' dir='ltr'><strong>ipsius</strong></span> <span class='ocrx_word' id='word_1_483' title='bbox 3738 1254 3883 1299; x_wconf 90' lang='lat' dir='ltr'><strong>esse</strong></span> <span class='ocrx_word' id='word_1_484' title='bbox 3935 1247 4306 1317; x_wconf 88' lang='lat' dir='ltr'><strong>conspectu.</strong></span> 
     </span>
     <span class='ocr_line' id='line_1_67' title="bbox 2362 1317 4305 1403; baseline 0.002 -21"><span class='ocrx_word' id='word_1_485' title='bbox 2362 1317 2541 1398; x_wconf 80' lang='lat' dir='ltr'><strong>Quid</strong></span> <span class='ocrx_word' id='word_1_486' title='bbox 2586 1322 2680 1383; x_wconf 91' lang='lat' dir='ltr'><strong>ita</strong></span> <span class='ocrx_word' id='word_1_487' title='bbox 2728 1319 2925 1382; x_wconf 82' lang='lat' dir='ltr'><strong>vero?</strong></span> <span class='ocrx_word' id='word_1_488' title='bbox 2986 1317 3243 1401; x_wconf 87' lang='lat' dir='ltr'><strong>Nempe</strong></span> <span class='ocrx_word' id='word_1_489' title='bbox 3290 1318 3504 1382; x_wconf 92' lang='lat' dir='ltr'><strong>Deum</strong></span> <span class='ocrx_word' id='word_1_490' title='bbox 3571 1319 3784 1384; x_wconf 78' lang='lat' dir='ltr'><strong>facere</strong></span> <span class='ocrx_word' id='word_1_491' title='bbox 3829 1340 4093 1384; x_wconf 89' lang='lat' dir='ltr'><strong>suarum</strong></span> <span class='ocrx_word' id='word_1_492' title='bbox 4141 1322 4305 1403; x_wconf 89' lang='lat' dir='ltr'><strong>rapi·</strong></span> 
     </span>
     <span class='ocr_line' id='line_1_68' title="bbox 2361 1404 4305 1487; baseline 0.003 -20"><span class='ocrx_word' id='word_1_493' title='bbox 2361 1423 2596 1469; x_wconf 91' lang='lat' dir='ltr'><strong>narum</strong></span> <span class='ocrx_word' id='word_1_494' title='bbox 2651 1417 2719 1469; x_wconf 89' lang='lat' dir='ltr'><strong>et</strong></span> <span class='ocrx_word' id='word_1_495' title='bbox 2775 1405 3242 1485; x_wconf 73' lang='lat' dir='ltr'><strong>maleficiorum</strong></span> <span class='ocrx_word' id='word_1_496' title='bbox 3303 1404 3684 1487; x_wconf 86' lang='lat' dir='ltr'><strong>participem</strong></span> <span class='ocrx_word' id='word_1_497' title='bbox 3742 1406 3910 1469; x_wconf 82' lang='lat' dir='ltr'><strong>velle</strong></span> <span class='ocrx_word' id='word_1_498' title='bbox 3966 1404 4305 1473; x_wconf 84' lang='lat' dir='ltr'><strong>videntur:</strong></span> 
     </span>
     <span class='ocr_line' id='line_1_69' title="bbox 2361 1489 4305 1575; baseline 0.003 -23"><span class='ocrx_word' id='word_1_499' title='bbox 2361 1502 2428 1553; x_wconf 87' lang='lat' dir='ltr'><strong>et</strong></span> <span class='ocrx_word' id='word_1_500' title='bbox 2452 1489 3052 1575; x_wconf 89' lang='lat' dir='ltr'><strong>blaspheminarum</strong></span> <span class='ocrx_word' id='word_1_501' title='bbox 3078 1511 3348 1554; x_wconf 89' lang='lat' dir='ltr'><strong>suarum</strong></span> <span class='ocrx_word' id='word_1_502' title='bbox 3372 1498 3758 1574; x_wconf 87' lang='lat' dir='ltr'><strong>consortem,</strong></span> <span class='ocrx_word' id='word_1_503' title='bbox 3801 1493 3905 1555; x_wconf 89' lang='lat' dir='ltr'><strong>ius</strong></span> <span class='ocrx_word' id='word_1_504' title='bbox 3933 1504 3998 1554; x_wconf 91' lang='lat' dir='ltr'><strong>et</strong></span> <span class='ocrx_word' id='word_1_505' title='bbox 4023 1512 4305 1573; x_wconf 90' lang='lat' dir='ltr'><strong>aequum</strong></span> 
     </span>
     <span class='ocr_line' id='line_1_70' title="bbox 2360 1574 4306 1665; baseline 0.001 -25"><span class='ocrx_word' id='word_1_506' title='bbox 2360 1597 2553 1665; x_wconf 83' lang='lat' dir='ltr'><strong>omne</strong></span> <span class='ocrx_word' id='word_1_507' title='bbox 2599 1584 2994 1658; x_wconf 84' lang='lat' dir='ltr'><strong>pervertere.</strong></span> <span class='ocrx_word' id='word_1_508' title='bbox 3082 1576 3225 1640; x_wconf 91' lang='lat' dir='ltr'><strong>Nae</strong></span> <span class='ocrx_word' id='word_1_509' title='bbox 3270 1574 3678 1659; x_wconf 87' lang='lat' dir='ltr'><strong>blasphemia</strong></span> <span class='ocrx_word' id='word_1_510' title='bbox 3723 1586 3826 1641; x_wconf 89' lang='lat' dir='ltr'><strong>est</strong></span> <span class='ocrx_word' id='word_1_511' title='bbox 3877 1578 4111 1660; x_wconf 85' lang='lat' dir='ltr'><strong>ingens</strong></span> <span class='ocrx_word' id='word_1_512' title='bbox 4156 1599 4306 1642; x_wconf 91' lang='lat' dir='ltr'><strong>cum</strong></span> 
     </span>
     <span class='ocr_line' id='line_1_71' title="bbox 2360 1661 4305 1743; baseline 0.003 -19"><span class='ocrx_word' id='word_1_513' title='bbox 2360 1662 2710 1743; x_wconf 86' lang='lat' dir='ltr'><strong>iniquitate</strong></span> <span class='ocrx_word' id='word_1_514' title='bbox 2755 1662 3121 1726; x_wconf 89' lang='lat' dir='ltr'><strong>coniuncta.</strong></span> <span class='ocrx_word' id='word_1_515' title='bbox 3168 1661 3614 1740; x_wconf 81' lang='lat' dir='ltr'><strong>Quamobrem</strong></span> <span class='ocrx_word' id='word_1_516' title='bbox 3660 1664 3715 1727; x_wconf 90' lang='lat' dir='ltr'><strong>si</strong></span> <span class='ocrx_word' id='word_1_517' title='bbox 3761 1662 3933 1728; x_wconf 91' lang='lat' dir='ltr'><strong>dona</strong></span> <span class='ocrx_word' id='word_1_518' title='bbox 3979 1685 4062 1727; x_wconf 85' lang='lat' dir='ltr'><strong>ex</strong></span> <span class='ocrx_word' id='word_1_519' title='bbox 4108 1662 4305 1730; x_wconf 85' lang='lat' dir='ltr'><strong>rebus</strong></span> 
     </span>
     <span class='ocr_line' id='line_1_72' title="bbox 2360 1746 4304 1829; baseline 0.002 -19"><span class='ocrx_word' id='word_1_520' title='bbox 2360 1749 2530 1811; x_wconf 90' lang='lat' dir='ltr'><strong>male</strong></span> <span class='ocrx_word' id='word_1_521' title='bbox 2567 1749 2771 1829; x_wconf 89' lang='lat' dir='ltr'><strong>partis</strong></span> <span class='ocrx_word' id='word_1_522' title='bbox 2791 1747 2938 1811; x_wconf 89' lang='lat' dir='ltr'><strong>Deo</strong></span> <span class='ocrx_word' id='word_1_523' title='bbox 2961 1746 3408 1823; x_wconf 87' lang='lat' dir='ltr'><strong>obtulerimus,</strong></span> <span class='ocrx_word' id='word_1_524' title='bbox 3454 1758 3706 1814; x_wconf 89' lang='lat' dir='ltr'><strong>certum</strong></span> <span class='ocrx_word' id='word_1_525' title='bbox 3743 1758 3846 1814; x_wconf 88' lang='lat' dir='ltr'><strong>est</strong></span> <span class='ocrx_word' id='word_1_526' title='bbox 3879 1769 4010 1813; x_wconf 92' lang='lat' dir='ltr'><strong>non</strong></span> <span class='ocrx_word' id='word_1_527' title='bbox 4043 1758 4304 1814; x_wconf 87' lang='lat' dir='ltr'><strong>tautum</strong></span> 
     </span>
     <span class='ocr_line' id='line_1_73' title="bbox 2357 1833 4307 1917; baseline 0.002 -21"><span class='ocrx_word' id='word_1_528' title='bbox 2357 1833 2623 1917; x_wconf 87' lang='lat' dir='ltr'><strong>ingrata</strong></span> <span class='ocrx_word' id='word_1_529' title='bbox 2667 1834 2836 1899; x_wconf 84' lang='lat' dir='ltr'><strong>fore:</strong></span> <span class='ocrx_word' id='word_1_530' title='bbox 2900 1833 3011 1898; x_wconf 86' lang='lat' dir='ltr'><strong>sed</strong></span> <span class='ocrx_word' id='word_1_531' title='bbox 3070 1834 3265 1897; x_wconf 88' lang='lat' dir='ltr'><strong>etiam</strong></span> <span class='ocrx_word' id='word_1_532' title='bbox 3329 1834 3683 1897; x_wconf 83' lang='lat' dir='ltr'><strong>offerentes</strong></span> <span class='ocrx_word' id='word_1_533' title='bbox 3739 1854 3779 1897; x_wconf 87' lang='lat' dir='ltr'><strong>a</strong></span> <span class='ocrx_word' id='word_1_534' title='bbox 3823 1833 3969 1899; x_wconf 91' lang='lat' dir='ltr'><strong>Deo</strong></span> <span class='ocrx_word' id='word_1_535' title='bbox 4013 1837 4307 1900; x_wconf 89' lang='lat' dir='ltr'><strong>reiicien·</strong></span> 
     </span>
     <span class='ocr_line' id='line_1_74' title="bbox 2360 1918 4301 2003; baseline 0.003 -22"><span class='ocrx_word' id='word_1_536' title='bbox 2360 1918 2495 1996; x_wconf 88' lang='lat' dir='ltr'><strong>dos,</strong></span> <span class='ocrx_word' id='word_1_537' title='bbox 2542 1929 2607 1982; x_wconf 92' lang='lat' dir='ltr'><strong>et</strong></span> <span class='ocrx_word' id='word_1_538' title='bbox 2653 1919 2992 1983; x_wconf 89' lang='lat' dir='ltr'><strong>hominum</strong></span> <span class='ocrx_word' id='word_1_539' title='bbox 3038 1920 3325 2001; x_wconf 89' lang='lat' dir='ltr'><strong>ipsorum</strong></span> <span class='ocrx_word' id='word_1_540' title='bbox 3374 1919 3705 2003; x_wconf 85' lang='lat' dir='ltr'><strong>suffragiis</strong></span> <span class='ocrx_word' id='word_1_541' title='bbox 3756 1919 4301 1987; x_wconf 87' lang='lat' dir='ltr'><strong>condemnandos.</strong></span> 
     </span>
     <span class='ocr_line' id='line_1_75' title="bbox 2358 2004 4305 2089; baseline 0.002 -21"><span class='ocrx_word' id='word_1_542' title='bbox 2358 2004 2553 2070; x_wconf 90' lang='lat' dir='ltr'><strong>Hanc</strong></span> <span class='ocrx_word' id='word_1_543' title='bbox 2595 2005 2676 2070; x_wconf 95' lang='lat' dir='ltr'><strong>ob</strong></span> <span class='ocrx_word' id='word_1_544' title='bbox 2715 2024 2980 2070; x_wconf 90' lang='lat' dir='ltr'><strong>causam</strong></span> <span class='ocrx_word' id='word_1_545' title='bbox 3029 2024 3150 2069; x_wconf 93' lang='lat' dir='ltr'><strong>nos</strong></span> <span class='ocrx_word' id='word_1_546' title='bbox 3193 2005 3373 2070; x_wconf 88' lang='lat' dir='ltr'><strong>iubet</strong></span> <span class='ocrx_word' id='word_1_547' title='bbox 3427 2005 3753 2087; x_wconf 86' lang='lat' dir='ltr'><strong>scriptura</strong></span> <span class='ocrx_word' id='word_1_548' title='bbox 3797 2006 3878 2070; x_wconf 92' lang='lat' dir='ltr'><strong>de</strong></span> <span class='ocrx_word' id='word_1_549' title='bbox 3923 2027 4041 2071; x_wconf 92' lang='lat' dir='ltr'><strong>suo</strong></span> <span class='ocrx_word' id='word_1_550' title='bbox 4085 2027 4305 2089; x_wconf 90' lang='lat' dir='ltr'><strong>quem-</strong></span> 
     </span>
     <span class='ocr_line' id='line_1_76' title="bbox 2357 2090 4300 2175; baseline 0.003 -22"><span class='ocrx_word' id='word_1_551' title='bbox 2357 2111 2484 2173; x_wconf 90' lang='lat' dir='ltr'><strong>que</strong></span> <span class='ocrx_word' id='word_1_552' title='bbox 2530 2092 2710 2155; x_wconf 78' lang='lat' dir='ltr'><strong>fonte</strong></span> <span class='ocrx_word' id='word_1_553' title='bbox 2758 2091 2998 2171; x_wconf 86' lang='lat' dir='ltr'><strong>bibere,</strong></span> <span class='ocrx_word' id='word_1_554' title='bbox 3059 2093 3244 2157; x_wconf 91' lang='lat' dir='ltr'><strong>cuius</strong></span> <span class='ocrx_word' id='word_1_555' title='bbox 3289 2091 3482 2154; x_wconf 84' lang='lat' dir='ltr'><strong>rivuli</strong></span> <span class='ocrx_word' id='word_1_556' title='bbox 3531 2090 3882 2157; x_wconf 86' lang='lat' dir='ltr'><strong>decurrant</strong></span> <span class='ocrx_word' id='word_1_557' title='bbox 3925 2092 3996 2155; x_wconf 93' lang='lat' dir='ltr'><strong>in</strong></span> <span class='ocrx_word' id='word_1_558' title='bbox 4041 2113 4300 2175; x_wconf 86' lang='lat' dir='ltr'><strong>egenos.</strong></span> 
     </span>
     <span class='ocr_line' id='line_1_77' title="bbox 2358 2175 4301 2261; baseline 0.001 -21"><span class='ocrx_word' id='word_1_559' title='bbox 2358 2177 2510 2255; x_wconf 79' lang='lat' dir='ltr'><strong>Qua</strong></span> <span class='ocrx_word' id='word_1_560' title='bbox 2569 2175 3002 2241; x_wconf 90' lang='lat' dir='ltr'><strong>similitudine</strong></span> <span class='ocrx_word' id='word_1_561' title='bbox 3062 2177 3320 2259; x_wconf 90' lang='lat' dir='ltr'><strong>sapiens</strong></span> <span class='ocrx_word' id='word_1_562' title='bbox 3381 2176 3491 2241; x_wconf 92' lang='lat' dir='ltr'><strong>ille</strong></span> <span class='ocrx_word' id='word_1_563' title='bbox 3543 2176 3813 2242; x_wconf 75' lang='lat' dir='ltr'><strong>Salomo</strong></span> <span class='ocrx_word' id='word_1_564' title='bbox 3885 2178 4301 2261; x_wconf 82' lang='lat' dir='ltr'><strong>significavit,</strong></span> 
     </span>
     <span class='ocr_line' id='line_1_78' title="bbox 2357 2264 4303 2346; baseline 0.001 -19"><span class='ocrx_word' id='word_1_565' title='bbox 2357 2283 2678 2345; x_wconf 90' lang='lat' dir='ltr'><strong>quemque</strong></span> <span class='ocrx_word' id='word_1_566' title='bbox 2736 2272 3035 2345; x_wconf 88' lang='lat' dir='ltr'><strong>oportere</strong></span> <span class='ocrx_word' id='word_1_567' title='bbox 3095 2274 3469 2326; x_wconf 84' lang='lat' dir='ltr'><strong>contentum</strong></span> <span class='ocrx_word' id='word_1_568' title='bbox 3544 2264 3625 2327; x_wconf 89' lang='lat' dir='ltr'><strong>iis</strong></span> <span class='ocrx_word' id='word_1_569' title='bbox 3685 2283 3827 2328; x_wconf 87' lang='lat' dir='ltr'><strong>esse</strong></span> <span class='ocrx_word' id='word_1_570' title='bbox 3882 2284 4048 2346; x_wconf 89' lang='lat' dir='ltr'><strong>quae</strong></span> <span class='ocrx_word' id='word_1_571' title='bbox 4115 2264 4303 2330; x_wconf 87' lang='lat' dir='ltr'><strong>nobis</strong></span> 
     </span>
     <span class='ocr_line' id='line_1_79' title="bbox 2359 2348 4302 2432; baseline 0.001 -19"><span class='ocrx_word' id='word_1_572' title='bbox 2359 2350 2542 2413; x_wconf 89' lang='lat' dir='ltr'><strong>Deus</strong></span> <span class='ocrx_word' id='word_1_573' title='bbox 2600 2349 2898 2432; x_wconf 90' lang='lat' dir='ltr'><strong>largitur,</strong></span> <span class='ocrx_word' id='word_1_574' title='bbox 2959 2360 3024 2413; x_wconf 89' lang='lat' dir='ltr'><strong>et</strong></span> <span class='ocrx_word' id='word_1_575' title='bbox 3080 2348 3407 2414; x_wconf 84' lang='lat' dir='ltr'><strong>cavendas</strong></span> <span class='ocrx_word' id='word_1_576' title='bbox 3461 2369 3604 2413; x_wconf 87' lang='lat' dir='ltr'><strong>esse</strong></span> <span class='ocrx_word' id='word_1_577' title='bbox 3662 2348 3958 2432; x_wconf 83' lang='lat' dir='ltr'><strong>praedas,</strong></span> <span class='ocrx_word' id='word_1_578' title='bbox 4016 2350 4302 2432; x_wconf 87' lang='lat' dir='ltr'><strong>rapinas,</strong></span> 
     </span>
     <span class='ocr_line' id='line_1_80' title="bbox 2356 2433 4302 2517; baseline 0.002 -19"><span class='ocrx_word' id='word_1_579' title='bbox 2356 2434 2625 2499; x_wconf 85' lang='lat' dir='ltr'><strong>fraudes</strong></span> <span class='ocrx_word' id='word_1_580' title='bbox 2683 2446 2748 2499; x_wconf 86' lang='lat' dir='ltr'><strong>et</strong></span> <span class='ocrx_word' id='word_1_581' title='bbox 2798 2435 3168 2500; x_wconf 84' lang='lat' dir='ltr'><strong>avaritiam.</strong></span> <span class='ocrx_word' id='word_1_582' title='bbox 3254 2433 3479 2514; x_wconf 77' lang='lat' dir='ltr'><strong>Quare</strong></span> <span class='ocrx_word' id='word_1_583' title='bbox 3538 2435 3593 2499; x_wconf 92' lang='lat' dir='ltr'><strong>si</strong></span> <span class='ocrx_word' id='word_1_584' title='bbox 3638 2435 3811 2498; x_wconf 89' lang='lat' dir='ltr'><strong>iuste</strong></span> <span class='ocrx_word' id='word_1_585' title='bbox 3857 2436 4302 2517; x_wconf 88' lang='lat' dir='ltr'><strong>possideamus</strong></span> 
     </span>
     <span class='ocr_line' id='line_1_81' title="bbox 2357 2519 4299 2603; baseline 0.002 -19"><span class='ocrx_word' id='word_1_586' title='bbox 2357 2519 2529 2603; x_wconf 91' lang='lat' dir='ltr'><strong>quod</strong></span> <span class='ocrx_word' id='word_1_587' title='bbox 2574 2541 2615 2585; x_wconf 91' lang='lat' dir='ltr'><strong>a</strong></span> <span class='ocrx_word' id='word_1_588' title='bbox 2658 2520 2803 2584; x_wconf 94' lang='lat' dir='ltr'><strong>Deo</strong></span> <span class='ocrx_word' id='word_1_589' title='bbox 2862 2542 2979 2584; x_wconf 88' lang='lat' dir='ltr'><strong>nos</strong></span> <span class='ocrx_word' id='word_1_590' title='bbox 3037 2520 3361 2602; x_wconf 86' lang='lat' dir='ltr'><strong>accepisse</strong></span> <span class='ocrx_word' id='word_1_591' title='bbox 3404 2522 3656 2585; x_wconf 90' lang='lat' dir='ltr'><strong>sincere</strong></span> <span class='ocrx_word' id='word_1_592' title='bbox 3715 2521 4014 2602; x_wconf 87' lang='lat' dir='ltr'><strong>profiteri</strong></span> <span class='ocrx_word' id='word_1_593' title='bbox 4073 2541 4299 2603; x_wconf 89' lang='lat' dir='ltr'><strong>possu-</strong></span> 
     </span>
     <span class='ocr_line' id='line_1_82' title="bbox 2357 2604 4298 2686; baseline 0.001 -16"><span class='ocrx_word' id='word_1_594' title='bbox 2357 2627 2522 2685; x_wconf 90' lang='lat' dir='ltr'><strong>mus,</strong></span> <span class='ocrx_word' id='word_1_595' title='bbox 2582 2614 2721 2671; x_wconf 84' lang='lat' dir='ltr'><strong>tum</strong></span> <span class='ocrx_word' id='word_1_596' title='bbox 2769 2627 2925 2669; x_wconf 82' lang='lat' dir='ltr'><strong>vere</strong></span> <span class='ocrx_word' id='word_1_597' title='bbox 2982 2607 3425 2686; x_wconf 84' lang='lat' dir='ltr'><strong>eleemosynas</strong></span> <span class='ocrx_word' id='word_1_598' title='bbox 3485 2605 3660 2682; x_wconf 90' lang='lat' dir='ltr'><strong>dare,</strong></span> <span class='ocrx_word' id='word_1_599' title='bbox 3719 2617 3786 2670; x_wconf 91' lang='lat' dir='ltr'><strong>et</strong></span> <span class='ocrx_word' id='word_1_600' title='bbox 3843 2604 4298 2673; x_wconf 87' lang='lat' dir='ltr'><strong>liberalitatem</strong></span> 
     </span>
     <span class='ocr_line' id='line_1_83' title="bbox 2357 2690 4300 2776; baseline 0.001 -19"><span class='ocrx_word' id='word_1_601' title='bbox 2357 2713 2516 2776; x_wconf 86' lang='lat' dir='ltr'><strong>erga</strong></span> <span class='ocrx_word' id='word_1_602' title='bbox 2560 2693 2892 2775; x_wconf 89' lang='lat' dir='ltr'><strong>proximos</strong></span> <span class='ocrx_word' id='word_1_603' title='bbox 2940 2690 3246 2755; x_wconf 81' lang='lat' dir='ltr'><strong>exercere</strong></span> <span class='ocrx_word' id='word_1_604' title='bbox 3291 2690 3666 2772; x_wconf 88' lang='lat' dir='ltr'><strong>poterimus,</strong></span> <span class='ocrx_word' id='word_1_605' title='bbox 3712 2711 3878 2774; x_wconf 87' lang='lat' dir='ltr'><strong>quae</strong></span> <span class='ocrx_word' id='word_1_606' title='bbox 3921 2691 4105 2757; x_wconf 86' lang='lat' dir='ltr'><strong>Deus</strong></span> <span class='ocrx_word' id='word_1_607' title='bbox 4154 2703 4300 2758; x_wconf 91' lang='lat' dir='ltr'><strong>tan-</strong></span> 
     </span>
     <span class='ocr_line' id='line_1_84' title="bbox 2357 2776 4301 2863; baseline -0.001 -20"><span class='ocrx_word' id='word_1_608' title='bbox 2357 2798 2554 2860; x_wconf 91' lang='lat' dir='ltr'><strong>quam</strong></span> <span class='ocrx_word' id='word_1_609' title='bbox 2635 2790 2826 2863; x_wconf 88' lang='lat' dir='ltr'><strong>grata</strong></span> <span class='ocrx_word' id='word_1_610' title='bbox 2890 2777 3211 2843; x_wconf 85' lang='lat' dir='ltr'><strong>sacrificia</strong></span> <span class='ocrx_word' id='word_1_611' title='bbox 3277 2788 3378 2843; x_wconf 91' lang='lat' dir='ltr'><strong>est</strong></span> <span class='ocrx_word' id='word_1_612' title='bbox 3434 2776 3800 2843; x_wconf 87' lang='lat' dir='ltr'><strong>habiturus.</strong></span> <span class='ocrx_word' id='word_1_613' title='bbox 3890 2778 4036 2844; x_wconf 90' lang='lat' dir='ltr'><strong>Hac</strong></span> <span class='ocrx_word' id='word_1_614' title='bbox 4097 2779 4301 2863; x_wconf 88' lang='lat' dir='ltr'><strong>igitur</strong></span> 
     </span>
     <span class='ocr_line' id='line_1_85' title="bbox 2356 2861 4299 2947; baseline -0.001 -17"><span class='ocrx_word' id='word_1_615' title='bbox 2356 2864 2693 2930; x_wconf 86' lang='lat' dir='ltr'><strong>occasione</strong></span> <span class='ocrx_word' id='word_1_616' title='bbox 2716 2862 2934 2929; x_wconf 86' lang='lat' dir='ltr'><strong>David</strong></span> <span class='ocrx_word' id='word_1_617' title='bbox 2982 2884 3259 2928; x_wconf 89' lang='lat' dir='ltr'><strong>munera</strong></span> <span class='ocrx_word' id='word_1_618' title='bbox 3303 2884 3469 2947; x_wconf 90' lang='lat' dir='ltr'><strong>quae</strong></span> <span class='ocrx_word' id='word_1_619' title='bbox 3508 2861 3589 2927; x_wconf 92' lang='lat' dir='ltr'><strong>ad</strong></span> <span class='ocrx_word' id='word_1_620' title='bbox 3626 2864 3914 2928; x_wconf 87' lang='lat' dir='ltr'><strong>seniores</strong></span> <span class='ocrx_word' id='word_1_621' title='bbox 3952 2864 4131 2929; x_wconf 89' lang='lat' dir='ltr'><strong>misit</strong></span> <span class='ocrx_word' id='word_1_622' title='bbox 4158 2885 4299 2929; x_wconf 88' lang='lat' dir='ltr'><strong>esse</strong></span> 
     </span>
     <span class='ocr_line' id='line_1_86' title="bbox 2357 2947 4298 3033; baseline 0.001 -20"><span class='ocrx_word' id='word_1_623' title='bbox 2357 2950 2523 3014; x_wconf 88' lang='lat' dir='ltr'><strong>dixit</strong></span> <span class='ocrx_word' id='word_1_624' title='bbox 2566 2949 2774 3033; x_wconf 90' lang='lat' dir='ltr'><strong>spolia</strong></span> <span class='ocrx_word' id='word_1_625' title='bbox 2820 2950 3118 3015; x_wconf 90' lang='lat' dir='ltr'><strong>hostibus</strong></span> <span class='ocrx_word' id='word_1_626' title='bbox 3161 2947 3386 3031; x_wconf 90' lang='lat' dir='ltr'><strong>populi</strong></span> <span class='ocrx_word' id='word_1_627' title='bbox 3410 2949 3535 3014; x_wconf 91' lang='lat' dir='ltr'><strong>Dei</strong></span> <span class='ocrx_word' id='word_1_628' title='bbox 3583 2950 3749 3012; x_wconf 87' lang='lat' dir='ltr'><strong>iuste</strong></span> <span class='ocrx_word' id='word_1_629' title='bbox 3796 2948 4103 3014; x_wconf 87' lang='lat' dir='ltr'><strong>detracta.</strong></span> <span class='ocrx_word' id='word_1_630' title='bbox 4154 2950 4298 3015; x_wconf 91' lang='lat' dir='ltr'><strong>Deo</strong></span> 
     </span>
     <span class='ocr_line' id='line_1_87' title="bbox 2354 3033 4295 3118; baseline 0.001 -19"><span class='ocrx_word' id='word_1_631' title='bbox 2354 3035 2479 3118; x_wconf 89' lang='lat' dir='ltr'><strong>ipsi</strong></span> <span class='ocrx_word' id='word_1_632' title='bbox 2524 3038 2866 3101; x_wconf 83' lang='lat' dir='ltr'><strong>victoriam</strong></span> <span class='ocrx_word' id='word_1_633' title='bbox 2913 3033 3323 3111; x_wconf 86' lang='lat' dir='ltr'><strong>concedente,</strong></span> <span class='ocrx_word' id='word_1_634' title='bbox 3383 3046 3582 3115; x_wconf 90' lang='lat' dir='ltr'><strong>atque</strong></span> <span class='ocrx_word' id='word_1_635' title='bbox 3625 3033 3941 3099; x_wconf 84' lang='lat' dir='ltr'><strong>adversus</strong></span> <span class='ocrx_word' id='word_1_636' title='bbox 3999 3034 4148 3101; x_wconf 91' lang='lat' dir='ltr'><strong>illos</strong></span> <span class='ocrx_word' id='word_1_637' title='bbox 4192 3055 4295 3100; x_wconf 88' lang='lat' dir='ltr'><strong>ar·</strong></span> 
     </span>
     <span class='ocr_line' id='line_1_88' title="bbox 2358 3120 4296 3201; baseline 0.001 -16"><span class='ocrx_word' id='word_1_638' title='bbox 2358 3133 2602 3201; x_wconf 90' lang='lat' dir='ltr'><strong>mante,</strong></span> <span class='ocrx_word' id='word_1_639' title='bbox 2662 3132 2741 3186; x_wconf 92' lang='lat' dir='ltr'><strong>ut</strong></span> <span class='ocrx_word' id='word_1_640' title='bbox 2794 3122 3081 3186; x_wconf 89' lang='lat' dir='ltr'><strong>maxime</strong></span> <span class='ocrx_word' id='word_1_641' title='bbox 3136 3122 3380 3185; x_wconf 82' lang='lat' dir='ltr'><strong>iustum</strong></span> <span class='ocrx_word' id='word_1_642' title='bbox 3441 3120 3632 3185; x_wconf 88' lang='lat' dir='ltr'><strong>fuerit</strong></span> <span class='ocrx_word' id='word_1_643' title='bbox 3695 3120 3932 3184; x_wconf 88' lang='lat' dir='ltr'><strong>bellum</strong></span> <span class='ocrx_word' id='word_1_644' title='bbox 3980 3121 4296 3187; x_wconf 83' lang='lat' dir='ltr'><strong>adversus</strong></span> 
     </span>
     <span class='ocr_line' id='line_1_89' title="bbox 2355 3205 4294 3289; baseline 0.001 -18"><span class='ocrx_word' id='word_1_645' title='bbox 2355 3207 2657 3273; x_wconf 88' lang='lat' dir='ltr'><strong>inimicos</strong></span> <span class='ocrx_word' id='word_1_646' title='bbox 2700 3209 3010 3273; x_wconf 86' lang='lat' dir='ltr'><strong>ecclesiae</strong></span> <span class='ocrx_word' id='word_1_647' title='bbox 3040 3206 3165 3271; x_wconf 89' lang='lat' dir='ltr'><strong>Dei</strong></span> <span class='ocrx_word' id='word_1_648' title='bbox 3216 3226 3409 3289; x_wconf 90' lang='lat' dir='ltr'><strong>quam</strong></span> <span class='ocrx_word' id='word_1_649' title='bbox 3458 3205 3878 3289; x_wconf 84' lang='lat' dir='ltr'><strong>pessumdare</strong></span> <span class='ocrx_word' id='word_1_650' title='bbox 3921 3206 4294 3274; x_wconf 90' lang='lat' dir='ltr'><strong>studebant.</strong></span> 
     </span>
     <span class='ocr_line' id='line_1_90' title="bbox 2357 3290 4296 3376; baseline -0.001 -17"><span class='ocrx_word' id='word_1_651' title='bbox 2357 3291 2448 3359; x_wconf 80' lang='lat' dir='ltr'><strong>Se</strong></span> <span class='ocrx_word' id='word_1_652' title='bbox 2491 3295 2711 3376; x_wconf 88' lang='lat' dir='ltr'><strong>itaque</strong></span> <span class='ocrx_word' id='word_1_653' title='bbox 2770 3316 2904 3359; x_wconf 91' lang='lat' dir='ltr'><strong>non</strong></span> <span class='ocrx_word' id='word_1_654' title='bbox 2951 3292 3088 3359; x_wconf 87' lang='lat' dir='ltr'><strong>suis</strong></span> <span class='ocrx_word' id='word_1_655' title='bbox 3130 3291 3488 3358; x_wconf 90' lang='lat' dir='ltr'><strong>commodis</strong></span> <span class='ocrx_word' id='word_1_656' title='bbox 3533 3290 3878 3369; x_wconf 90' lang='lat' dir='ltr'><strong>studuisse,</strong></span> <span class='ocrx_word' id='word_1_657' title='bbox 3941 3314 4069 3357; x_wconf 90' lang='lat' dir='ltr'><strong>non</strong></span> <span class='ocrx_word' id='word_1_658' title='bbox 4115 3294 4182 3357; x_wconf 81' lang='lat' dir='ltr'><strong>vi</strong></span> <span class='ocrx_word' id='word_1_659' title='bbox 4229 3307 4296 3358; x_wconf 91' lang='lat' dir='ltr'><strong>et</strong></span> 
     </span>
     <span class='ocr_line' id='line_1_91' title="bbox 2353 3377 4295 3463; baseline 0 -19"><span class='ocrx_word' id='word_1_660' title='bbox 2353 3381 2604 3462; x_wconf 89' lang='lat' dir='ltr'><strong>rapinis</strong></span> <span class='ocrx_word' id='word_1_661' title='bbox 2649 3401 2785 3444; x_wconf 90' lang='lat' dir='ltr'><strong>rem</strong></span> <span class='ocrx_word' id='word_1_662' title='bbox 2833 3399 3074 3463; x_wconf 88' lang='lat' dir='ltr'><strong>augere</strong></span> <span class='ocrx_word' id='word_1_663' title='bbox 3123 3378 3406 3444; x_wconf 85' lang='lat' dir='ltr'><strong>voluisse</strong></span> <span class='ocrx_word' id='word_1_664' title='bbox 3448 3377 3562 3442; x_wconf 92' lang='lat' dir='ltr'><strong>sed</strong></span> <span class='ocrx_word' id='word_1_665' title='bbox 3609 3400 3647 3442; x_wconf 90' lang='lat' dir='ltr'><strong>a</strong></span> <span class='ocrx_word' id='word_1_666' title='bbox 3695 3378 3817 3442; x_wconf 88' lang='lat' dir='ltr'><strong>Dei</strong></span> <span class='ocrx_word' id='word_1_667' title='bbox 3863 3398 4065 3442; x_wconf 85' lang='lat' dir='ltr'><strong>manu</strong></span> <span class='ocrx_word' id='word_1_668' title='bbox 4108 3379 4295 3462; x_wconf 90' lang='lat' dir='ltr'><strong>quid·</strong></span> 
     </span>
     <span class='ocr_line' id='line_1_92' title="bbox 2352 3463 4292 3548; baseline 0.001 -19"><span class='ocrx_word' id='word_1_669' title='bbox 2352 3465 2505 3547; x_wconf 89' lang='lat' dir='ltr'><strong>quid</strong></span> <span class='ocrx_word' id='word_1_670' title='bbox 2534 3465 2763 3531; x_wconf 89' lang='lat' dir='ltr'><strong>habuit</strong></span> <span class='ocrx_word' id='word_1_671' title='bbox 2782 3466 3125 3548; x_wconf 88' lang='lat' dir='ltr'><strong>accepisse.</strong></span> <span class='ocrx_word' id='word_1_672' title='bbox 3193 3463 3388 3529; x_wconf 83' lang='lat' dir='ltr'><strong>Multi</strong></span> <span class='ocrx_word' id='word_1_673' title='bbox 3429 3484 3586 3527; x_wconf 86' lang='lat' dir='ltr'><strong>sane</strong></span> <span class='ocrx_word' id='word_1_674' title='bbox 3609 3472 3836 3529; x_wconf 89' lang='lat' dir='ltr'><strong>contra</strong></span> <span class='ocrx_word' id='word_1_675' title='bbox 3883 3464 4023 3529; x_wconf 91' lang='lat' dir='ltr'><strong>Deo</strong></span> <span class='ocrx_word' id='word_1_676' title='bbox 4047 3466 4292 3547; x_wconf 84' lang='lat' dir='ltr'><strong>gratias</strong></span> 
     </span>
     <span class='ocr_line' id='line_1_93' title="bbox 2351 3550 4292 3635; baseline 0 -19"><span class='ocrx_word' id='word_1_677' title='bbox 2351 3572 2549 3634; x_wconf 88' lang='lat' dir='ltr'><strong>agere</strong></span> <span class='ocrx_word' id='word_1_678' title='bbox 2591 3551 2825 3629; x_wconf 89' lang='lat' dir='ltr'><strong>solent,</strong></span> <span class='ocrx_word' id='word_1_679' title='bbox 2882 3572 3082 3635; x_wconf 89' lang='lat' dir='ltr'><strong>quum</strong></span> <span class='ocrx_word' id='word_1_680' title='bbox 3130 3551 3321 3615; x_wconf 90' lang='lat' dir='ltr'><strong>malis</strong></span> <span class='ocrx_word' id='word_1_681' title='bbox 3365 3550 3615 3614; x_wconf 86' lang='lat' dir='ltr'><strong>artibus</strong></span> <span class='ocrx_word' id='word_1_682' title='bbox 3662 3570 3797 3612; x_wconf 91' lang='lat' dir='ltr'><strong>rem</strong></span> <span class='ocrx_word' id='word_1_683' title='bbox 3842 3553 4179 3628; x_wconf 83' lang='lat' dir='ltr'><strong>auxerint,</strong></span> <span class='ocrx_word' id='word_1_684' title='bbox 4226 3564 4292 3616; x_wconf 93' lang='lat' dir='ltr'><strong>et</strong></span> 
     </span>
     <span class='ocr_line' id='line_1_94' title="bbox 2352 3634 4288 3718; baseline 0.001 -18"><span class='ocrx_word' id='word_1_685' title='bbox 2352 3639 2526 3703; x_wconf 88' lang='lat' dir='ltr'><strong>inter</strong></span> <span class='ocrx_word' id='word_1_686' title='bbox 2569 3648 2861 3704; x_wconf 87' lang='lat' dir='ltr'><strong>caeteros</strong></span> <span class='ocrx_word' id='word_1_687' title='bbox 2904 3639 3104 3703; x_wconf 89' lang='lat' dir='ltr'><strong>etiam</strong></span> <span class='ocrx_word' id='word_1_688' title='bbox 3164 3636 3286 3701; x_wconf 84' lang='lat' dir='ltr'><strong>viri</strong></span> <span class='ocrx_word' id='word_1_689' title='bbox 3343 3635 3673 3718; x_wconf 89' lang='lat' dir='ltr'><strong>principes</strong></span> <span class='ocrx_word' id='word_1_690' title='bbox 3728 3634 3938 3700; x_wconf 86' lang='lat' dir='ltr'><strong>titulis</strong></span> <span class='ocrx_word' id='word_1_691' title='bbox 3997 3635 4141 3701; x_wconf 84' lang='lat' dir='ltr'><strong>istis</strong></span> <span class='ocrx_word' id='word_1_692' title='bbox 4187 3638 4288 3701; x_wconf 89' lang='lat' dir='ltr'><strong>in-</strong></span> 
     </span>
     <span class='ocr_line' id='line_1_95' title="bbox 2352 3720 4294 3809; baseline 0 -20"><span class='ocrx_word' id='word_1_693' title='bbox 2352 3723 2763 3809; x_wconf 84' lang='lat' dir='ltr'><strong>signiuntur.-</strong></span> <span class='ocrx_word' id='word_1_694' title='bbox 2808 3722 2936 3788; x_wconf 86' lang='lat' dir='ltr'><strong>Dei</strong></span> <span class='ocrx_word' id='word_1_695' title='bbox 2981 3723 3192 3808; x_wconf 87' lang='lat' dir='ltr'><strong>gratia</strong></span> <span class='ocrx_word' id='word_1_696' title='bbox 3237 3721 3539 3804; x_wconf 86' lang='lat' dir='ltr'><strong>princeps</strong></span> <span class='ocrx_word' id='word_1_697' title='bbox 3581 3720 3781 3786; x_wconf 86' lang='lat' dir='ltr'><strong>huius</strong></span> <span class='ocrx_word' id='word_1_698' title='bbox 3823 3720 3931 3784; x_wconf 83' lang='lat' dir='ltr'><strong>vel</strong></span> <span class='ocrx_word' id='word_1_699' title='bbox 3974 3722 4150 3787; x_wconf 91' lang='lat' dir='ltr'><strong>illius</strong></span> <span class='ocrx_word' id='word_1_700' title='bbox 4192 3743 4294 3789; x_wconf 88' lang='lat' dir='ltr'><strong>re·</strong></span> 
     </span>
     <span class='ocr_line' id='line_1_96' title="bbox 2352 3806 4289 3892; baseline 0.001 -19"><span class='ocrx_word' id='word_1_701' title='bbox 2352 3811 2590 3892; x_wconf 87' lang='lat' dir='ltr'><strong>gionis,</strong></span> <span class='ocrx_word' id='word_1_702' title='bbox 2637 3830 2832 3891; x_wconf 89' lang='lat' dir='ltr'><strong>quam</strong></span> <span class='ocrx_word' id='word_1_703' title='bbox 2879 3822 3097 3876; x_wconf 88' lang='lat' dir='ltr'><strong>tamen</strong></span> <span class='ocrx_word' id='word_1_704' title='bbox 3143 3807 3278 3873; x_wconf 88' lang='lat' dir='ltr'><strong>sola</strong></span> <span class='ocrx_word' id='word_1_705' title='bbox 3322 3806 3428 3871; x_wconf 82' lang='lat' dir='ltr'><strong>vel</strong></span> <span class='ocrx_word' id='word_1_706' title='bbox 3477 3806 3834 3871; x_wconf 89' lang='lat' dir='ltr'><strong>ambitione</strong></span> <span class='ocrx_word' id='word_1_707' title='bbox 3872 3807 3974 3871; x_wconf 85' lang='lat' dir='ltr'><strong>vel</strong></span> <span class='ocrx_word' id='word_1_708' title='bbox 4012 3808 4289 3875; x_wconf 87' lang='lat' dir='ltr'><strong>avaritia</strong></span> 
     </span>
     <span class='ocr_line' id='line_1_97' title="bbox 2353 3891 4294 3978; baseline -0.001 -17"><span class='ocrx_word' id='word_1_709' title='bbox 2353 3898 2494 3961; x_wconf 86' lang='lat' dir='ltr'><strong>sine</strong></span> <span class='ocrx_word' id='word_1_710' title='bbox 2539 3898 2682 3959; x_wconf 89' lang='lat' dir='ltr'><strong>iure</strong></span> <span class='ocrx_word' id='word_1_711' title='bbox 2725 3903 3148 3978; x_wconf 87' lang='lat' dir='ltr'><strong>occuparunt.</strong></span> <span class='ocrx_word' id='word_1_712' title='bbox 3195 3894 3428 3976; x_wconf 85' lang='lat' dir='ltr'><strong>Longe</strong></span> <span class='ocrx_word' id='word_1_713' title='bbox 3458 3891 3648 3956; x_wconf 89' lang='lat' dir='ltr'><strong>aliter</strong></span> <span class='ocrx_word' id='word_1_714' title='bbox 3672 3893 3925 3957; x_wconf 78' lang='lat' dir='ltr'><strong>David:</strong></span> <span class='ocrx_word' id='word_1_715' title='bbox 3972 3893 4084 3958; x_wconf 87' lang='lat' dir='ltr'><strong>sed</strong></span> <span class='ocrx_word' id='word_1_716' title='bbox 4129 3914 4294 3977; x_wconf 88' lang='lat' dir='ltr'><strong>quo·</strong></span> 
     </span>
     <span class='ocr_line' id='line_1_98' title="bbox 2352 3978 4294 4064; baseline 0 -18"><span class='ocrx_word' id='word_1_717' title='bbox 2352 3985 2530 4046; x_wconf 88' lang='lat' dir='ltr'><strong>niam</strong></span> <span class='ocrx_word' id='word_1_718' title='bbox 2577 3981 2717 4064; x_wconf 88' lang='lat' dir='ltr'><strong>ipso</strong></span> <span class='ocrx_word' id='word_1_719' title='bbox 2753 3980 2897 4045; x_wconf 88' lang='lat' dir='ltr'><strong>Deo</strong></span> <span class='ocrx_word' id='word_1_720' title='bbox 2957 3982 3120 4045; x_wconf 90' lang='lat' dir='ltr'><strong>duce</strong></span> <span class='ocrx_word' id='word_1_721' title='bbox 3173 4000 3320 4043; x_wconf 89' lang='lat' dir='ltr'><strong>cum</strong></span> <span class='ocrx_word' id='word_1_722' title='bbox 3379 3978 3673 4044; x_wconf 89' lang='lat' dir='ltr'><strong>hostibus</strong></span> <span class='ocrx_word' id='word_1_723' title='bbox 3731 3998 4135 4061; x_wconf 87' lang='lat' dir='ltr'><strong>congressus,</strong></span> <span class='ocrx_word' id='word_1_724' title='bbox 4191 3991 4294 4045; x_wconf 86' lang='lat' dir='ltr'><strong>est</strong></span> 
     </span>
     <span class='ocr_line' id='line_1_99' title="bbox 2349 4063 4290 4147; baseline -0.001 -15"><span class='ocrx_word' id='word_1_725' title='bbox 2349 4069 2551 4132; x_wconf 87' lang='lat' dir='ltr'><strong>etiam</strong></span> <span class='ocrx_word' id='word_1_726' title='bbox 2599 4067 2889 4131; x_wconf 89' lang='lat' dir='ltr'><strong>detracta</strong></span> <span class='ocrx_word' id='word_1_727' title='bbox 2930 4065 3225 4132; x_wconf 89' lang='lat' dir='ltr'><strong>hostibus</strong></span> <span class='ocrx_word' id='word_1_728' title='bbox 3270 4065 3481 4147; x_wconf 88' lang='lat' dir='ltr'><strong>spolia</strong></span> <span class='ocrx_word' id='word_1_729' title='bbox 3533 4078 3601 4129; x_wconf 92' lang='lat' dir='ltr'><strong>et</strong></span> <span class='ocrx_word' id='word_1_730' title='bbox 3643 4063 3950 4146; x_wconf 86' lang='lat' dir='ltr'><strong>praedam</strong></span> <span class='ocrx_word' id='word_1_731' title='bbox 3997 4063 4139 4129; x_wconf 90' lang='lat' dir='ltr'><strong>Deo</strong></span> <span class='ocrx_word' id='word_1_732' title='bbox 4183 4086 4290 4131; x_wconf 90' lang='lat' dir='ltr'><strong>ac-</strong></span> 
     </span>
     <span class='ocr_line' id='line_1_100' title="bbox 2348 4155 2869 4236; baseline -0.004 -15"><span class='ocrx_word' id='word_1_733' title='bbox 2348 4165 2607 4236; x_wconf 85' lang='lat' dir='ltr'><strong>ceptam</strong></span> <span class='ocrx_word' id='word_1_734' title='bbox 2653 4155 2869 4219; x_wconf 83' lang='lat' dir='ltr'><strong>refert.</strong></span> 
     </span>
    </p>

    <p class='ocr_par' dir='ltr' id='par_1_10' title="bbox 2348 4235 4297 5354">
     <span class='ocr_line' id='line_1_101' title="bbox 2524 4235 4290 4305; baseline -0.003 0"><span class='ocrx_word' id='word_1_735' title='bbox 2524 4238 2872 4305; x_wconf 83' lang='lat' dir='ltr'><strong>Caeterum</strong></span> <span class='ocrx_word' id='word_1_736' title='bbox 2933 4260 3062 4304; x_wconf 91' lang='lat' dir='ltr'><strong>non</strong></span> <span class='ocrx_word' id='word_1_737' title='bbox 3121 4236 3436 4303; x_wconf 88' lang='lat' dir='ltr'><strong>debemus</strong></span> <span class='ocrx_word' id='word_1_738' title='bbox 3487 4237 3751 4300; x_wconf 89' lang='lat' dir='ltr'><strong>inanem</strong></span> <span class='ocrx_word' id='word_1_739' title='bbox 3800 4255 3940 4299; x_wconf 89' lang='lat' dir='ltr'><strong>esse</strong></span> <span class='ocrx_word' id='word_1_740' title='bbox 3985 4235 4290 4300; x_wconf 86' lang='lat' dir='ltr'><strong>arbitrari</strong></span> 
     </span>
     <span class='ocr_line' id='line_1_102' title="bbox 2355 4319 4292 4406; baseline -0.002 -15"><span class='ocrx_word' id='word_1_741' title='bbox 2355 4326 2798 4391; x_wconf 86' lang='lat' dir='ltr'><strong>recitationem</strong></span> <span class='ocrx_word' id='word_1_742' title='bbox 2824 4344 3047 4389; x_wconf 88' lang='lat' dir='ltr'><strong>eorum</strong></span> <span class='ocrx_word' id='word_1_743' title='bbox 3072 4322 3155 4388; x_wconf 85' lang='lat' dir='ltr'><strong>ad</strong></span> <span class='ocrx_word' id='word_1_744' title='bbox 3190 4344 3357 4406; x_wconf 91' lang='lat' dir='ltr'><strong>quos</strong></span> <span class='ocrx_word' id='word_1_745' title='bbox 3379 4320 3598 4388; x_wconf 83' lang='lat' dir='ltr'><strong>David</strong></span> <span class='ocrx_word' id='word_1_746' title='bbox 3642 4319 3976 4403; x_wconf 86' lang='lat' dir='ltr'><strong>sigillatim</strong></span> <span class='ocrx_word' id='word_1_747' title='bbox 4013 4340 4292 4387; x_wconf 89' lang='lat' dir='ltr'><strong>munera</strong></span> 
     </span>
     <span class='ocr_line' id='line_1_103' title="bbox 2350 4406 4289 4492; baseline -0.002 -16"><span class='ocrx_word' id='word_1_748' title='bbox 2350 4413 2479 4477; x_wconf 91' lang='lat' dir='ltr'><strong>ista</strong></span> <span class='ocrx_word' id='word_1_749' title='bbox 2537 4410 2792 4476; x_wconf 87' lang='lat' dir='ltr'><strong>misisse</strong></span> <span class='ocrx_word' id='word_1_750' title='bbox 2851 4410 3090 4475; x_wconf 88' lang='lat' dir='ltr'><strong>dicitur</strong></span> <span class='ocrx_word' id='word_1_751' title='bbox 3146 4428 3420 4492; x_wconf 90' lang='lat' dir='ltr'><strong>quorum</strong></span> <span class='ocrx_word' id='word_1_752' title='bbox 3483 4406 3773 4473; x_wconf 91' lang='lat' dir='ltr'><strong>omnium</strong></span> <span class='ocrx_word' id='word_1_753' title='bbox 3833 4406 3957 4469; x_wconf 87' lang='lat' dir='ltr'><strong>etsi</strong></span> <span class='ocrx_word' id='word_1_754' title='bbox 4019 4407 4289 4473; x_wconf 89' lang='lat' dir='ltr'><strong>nomina</strong></span> 
     </span>
     <span class='ocr_line' id='line_1_104' title="bbox 2353 4490 4293 4576; baseline -0.003 -14"><span class='ocrx_word' id='word_1_755' title='bbox 2353 4519 2481 4562; x_wconf 88' lang='lat' dir='ltr'><strong>non</strong></span> <span class='ocrx_word' id='word_1_756' title='bbox 2524 4508 2964 4576; x_wconf 90' lang='lat' dir='ltr'><strong>recensentur,</strong></span> <span class='ocrx_word' id='word_1_757' title='bbox 3011 4494 3205 4561; x_wconf 90' lang='lat' dir='ltr'><strong>urbes</strong></span> <span class='ocrx_word' id='word_1_758' title='bbox 3247 4508 3468 4560; x_wconf 88' lang='lat' dir='ltr'><strong>tamen</strong></span> <span class='ocrx_word' id='word_1_759' title='bbox 3513 4494 3583 4556; x_wconf 88' lang='lat' dir='ltr'><strong>iu</strong></span> <span class='ocrx_word' id='word_1_760' title='bbox 3629 4490 3863 4574; x_wconf 88' lang='lat' dir='ltr'><strong>quibus</strong></span> <span class='ocrx_word' id='word_1_761' title='bbox 3909 4490 4293 4557; x_wconf 88' lang='lat' dir='ltr'><strong>habitabant</strong></span> 
     </span>
     <span class='ocr_line' id='line_1_105' title="bbox 2353 4576 4290 4667; baseline -0.003 -20"><span class='ocrx_word' id='word_1_762' title='bbox 2353 4583 2686 4667; x_wconf 87' lang='lat' dir='ltr'><strong>designari</strong></span> <span class='ocrx_word' id='word_1_763' title='bbox 2730 4590 2834 4647; x_wconf 90' lang='lat' dir='ltr'><strong>sat</strong></span> <span class='ocrx_word' id='word_1_764' title='bbox 2877 4595 2996 4665; x_wconf 89' lang='lat' dir='ltr'><strong>est,</strong></span> <span class='ocrx_word' id='word_1_765' title='bbox 3039 4594 3118 4647; x_wconf 93' lang='lat' dir='ltr'><strong>ut</strong></span> <span class='ocrx_word' id='word_1_766' title='bbox 3161 4600 3470 4666; x_wconf 87' lang='lat' dir='ltr'><strong>magnam</strong></span> <span class='ocrx_word' id='word_1_767' title='bbox 3513 4576 3714 4643; x_wconf 83' lang='lat' dir='ltr'><strong>fuisse</strong></span> <span class='ocrx_word' id='word_1_768' title='bbox 3757 4576 4020 4640; x_wconf 87' lang='lat' dir='ltr'><strong>illorum</strong></span> <span class='ocrx_word' id='word_1_769' title='bbox 4065 4577 4290 4642; x_wconf 89' lang='lat' dir='ltr'><strong>multi·</strong></span> 
     </span>
     <span class='ocr_line' id='line_1_106' title="bbox 2350 4662 4290 4751; baseline -0.003 -17"><span class='ocrx_word' id='word_1_770' title='bbox 2350 4669 2651 4734; x_wconf 89' lang='lat' dir='ltr'><strong>tudinem</strong></span> <span class='ocrx_word' id='word_1_771' title='bbox 2698 4678 3032 4751; x_wconf 89' lang='lat' dir='ltr'><strong>appareat.</strong></span> <span class='ocrx_word' id='word_1_772' title='bbox 3119 4667 3330 4732; x_wconf 90' lang='lat' dir='ltr'><strong>Porro</strong></span> <span class='ocrx_word' id='word_1_773' title='bbox 3374 4662 3643 4729; x_wconf 88' lang='lat' dir='ltr'><strong>nomina</strong></span> <span class='ocrx_word' id='word_1_774' title='bbox 3685 4662 4029 4746; x_wconf 88' lang='lat' dir='ltr'><strong>regionum</strong></span> <span class='ocrx_word' id='word_1_775' title='bbox 4074 4665 4290 4730; x_wconf 82' lang='lat' dir='ltr'><strong>varia·</strong></span> 
     </span>
     <span class='ocr_line' id='line_1_107' title="bbox 2351 4748 4291 4837; baseline -0.003 -17"><span class='ocrx_word' id='word_1_776' title='bbox 2351 4775 2520 4833; x_wconf 90' lang='lat' dir='ltr'><strong>rum,</strong></span> <span class='ocrx_word' id='word_1_777' title='bbox 2580 4754 2705 4820; x_wconf 91' lang='lat' dir='ltr'><strong>etsi</strong></span> <span class='ocrx_word' id='word_1_778' title='bbox 2748 4775 2878 4818; x_wconf 89' lang='lat' dir='ltr'><strong>nou</strong></span> <span class='ocrx_word' id='word_1_779' title='bbox 2923 4753 3152 4837; x_wconf 89' lang='lat' dir='ltr'><strong>procul</strong></span> <span class='ocrx_word' id='word_1_780' title='bbox 3191 4751 3444 4829; x_wconf 87' lang='lat' dir='ltr'><strong>dissita,</strong></span> <span class='ocrx_word' id='word_1_781' title='bbox 3504 4758 3817 4832; x_wconf 87' lang='lat' dir='ltr'><strong>tanquam</strong></span> <span class='ocrx_word' id='word_1_782' title='bbox 3881 4749 3948 4812; x_wconf 92' lang='lat' dir='ltr'><strong>in</strong></span> <span class='ocrx_word' id='word_1_783' title='bbox 4002 4748 4291 4834; x_wconf 86' lang='lat' dir='ltr'><strong>imagine</strong></span> 
     </span>
     <span class='ocr_line' id='line_1_108' title="bbox 2349 4833 4293 4923; baseline -0.004 -16"><span class='ocrx_word' id='word_1_784' title='bbox 2349 4842 2505 4908; x_wconf 84' lang='lat' dir='ltr'><strong>viva</strong></span> <span class='ocrx_word' id='word_1_785' title='bbox 2549 4840 2736 4905; x_wconf 90' lang='lat' dir='ltr'><strong>nobis</strong></span> <span class='ocrx_word' id='word_1_786' title='bbox 2791 4846 3287 4923; x_wconf 86' lang='lat' dir='ltr'><strong>repraesentant</strong></span> <span class='ocrx_word' id='word_1_787' title='bbox 3328 4844 3488 4921; x_wconf 91' lang='lat' dir='ltr'><strong>quot</strong></span> <span class='ocrx_word' id='word_1_788' title='bbox 3544 4835 3787 4900; x_wconf 88' lang='lat' dir='ltr'><strong>amicos</strong></span> <span class='ocrx_word' id='word_1_789' title='bbox 3843 4833 4164 4913; x_wconf 89' lang='lat' dir='ltr'><strong>habuerit,</strong></span> <span class='ocrx_word' id='word_1_790' title='bbox 4225 4847 4293 4901; x_wconf 86' lang='lat' dir='ltr'><strong>et</strong></span> 
     </span>
     <span class='ocr_line' id='line_1_109' title="bbox 2348 4920 4293 5010; baseline -0.004 -19"><span class='ocrx_word' id='word_1_791' title='bbox 2348 4928 2418 4991; x_wconf 92' lang='lat' dir='ltr'><strong>in</strong></span> <span class='ocrx_word' id='word_1_792' title='bbox 2478 4938 2641 5009; x_wconf 90' lang='lat' dir='ltr'><strong>quot</strong></span> <span class='ocrx_word' id='word_1_793' title='bbox 2698 4926 2855 4991; x_wconf 88' lang='lat' dir='ltr'><strong>locis</strong></span> <span class='ocrx_word' id='word_1_794' title='bbox 2935 4927 3253 5010; x_wconf 83' lang='lat' dir='ltr'><strong>profugus</strong></span> <span class='ocrx_word' id='word_1_795' title='bbox 3310 4922 3543 5002; x_wconf 86' lang='lat' dir='ltr'><strong>fuerit,</strong></span> <span class='ocrx_word' id='word_1_796' title='bbox 3613 4920 4133 5004; x_wconf 85' lang='lat' dir='ltr'><strong>quae,doctrina</strong></span> <span class='ocrx_word' id='word_1_797' title='bbox 4189 4932 4293 4987; x_wconf 84' lang='lat' dir='ltr'><strong>est</strong></span> 
     </span>
     <span class='ocr_line' id='line_1_110' title="bbox 2348 5005 4288 5096; baseline -0.003 -19"><span class='ocrx_word' id='word_1_798' title='bbox 2348 5012 2534 5078; x_wconf 91' lang='lat' dir='ltr'><strong>nobis</strong></span> <span class='ocrx_word' id='word_1_799' title='bbox 2591 5012 2787 5096; x_wconf 87' lang='lat' dir='ltr'><strong>longe</strong></span> <span class='ocrx_word' id='word_1_800' title='bbox 2848 5013 3066 5077; x_wconf 90' lang='lat' dir='ltr'><strong>utilior</strong></span> <span class='ocrx_word' id='word_1_801' title='bbox 3123 5030 3315 5093; x_wconf 90' lang='lat' dir='ltr'><strong>quam</strong></span> <span class='ocrx_word' id='word_1_802' title='bbox 3378 5028 3532 5091; x_wconf 90' lang='lat' dir='ltr'><strong>prae</strong></span> <span class='ocrx_word' id='word_1_803' title='bbox 3576 5027 3648 5071; x_wconf 91' lang='lat' dir='ltr'><strong>se</strong></span> <span class='ocrx_word' id='word_1_804' title='bbox 3688 5007 3876 5071; x_wconf 86' lang='lat' dir='ltr'><strong>ferat.</strong></span> <span class='ocrx_word' id='word_1_805' title='bbox 3966 5005 4288 5072; x_wconf 83' lang='lat' dir='ltr'><strong>Davidem</strong></span> 
     </span>
     <span class='ocr_line' id='line_1_111' title="bbox 2349 5093 4290 5181; baseline -0.002 -19"><span class='ocrx_word' id='word_1_806' title='bbox 2349 5099 2524 5163; x_wconf 91' lang='lat' dir='ltr'><strong>enim</strong></span> <span class='ocrx_word' id='word_1_807' title='bbox 2579 5097 2773 5179; x_wconf 83' lang='lat' dir='ltr'><strong>longo</strong></span> <span class='ocrx_word' id='word_1_808' title='bbox 2833 5106 3125 5181; x_wconf 89' lang='lat' dir='ltr'><strong>tempore</strong></span> <span class='ocrx_word' id='word_1_809' title='bbox 3178 5096 3382 5161; x_wconf 87' lang='lat' dir='ltr'><strong>fuisse</strong></span> <span class='ocrx_word' id='word_1_810' title='bbox 3440 5093 3775 5173; x_wconf 90' lang='lat' dir='ltr'><strong>miserum,</strong></span> <span class='ocrx_word' id='word_1_811' title='bbox 3841 5103 3907 5156; x_wconf 91' lang='lat' dir='ltr'><strong>et</strong></span> <span class='ocrx_word' id='word_1_812' title='bbox 3962 5093 4029 5157; x_wconf 92' lang='lat' dir='ltr'><strong>in</strong></span> <span class='ocrx_word' id='word_1_813' title='bbox 4089 5093 4290 5160; x_wconf 84' lang='lat' dir='ltr'><strong>variis</strong></span> 
     </span>
     <span class='ocr_line' id='line_1_112' title="bbox 2350 5178 4291 5257; baseline -0.002 -9"><span class='ocrx_word' id='word_1_814' title='bbox 2350 5205 2603 5250; x_wconf 88' lang='lat' dir='ltr'><strong>errasse</strong></span> <span class='ocrx_word' id='word_1_815' title='bbox 2634 5182 2794 5249; x_wconf 88' lang='lat' dir='ltr'><strong>locis</strong></span> <span class='ocrx_word' id='word_1_816' title='bbox 2815 5185 3082 5248; x_wconf 90' lang='lat' dir='ltr'><strong>minime</strong></span> <span class='ocrx_word' id='word_1_817' title='bbox 3106 5182 3376 5246; x_wconf 89' lang='lat' dir='ltr'><strong>dubium</strong></span> <span class='ocrx_word' id='word_1_818' title='bbox 3404 5188 3522 5257; x_wconf 90' lang='lat' dir='ltr'><strong>est,</strong></span> <span class='ocrx_word' id='word_1_819' title='bbox 3560 5178 3968 5244; x_wconf 91' lang='lat' dir='ltr'><strong>simillimum</strong></span> <span class='ocrx_word' id='word_1_820' title='bbox 3992 5178 4291 5244; x_wconf 80' lang='lat' dir='ltr'><strong>aviculae</strong></span> 
     </span>
     <span class='ocr_line' id='line_1_113' title="bbox 2349 5262 4297 5354; baseline -0.002 -19"><span class='ocrx_word' id='word_1_821' title='bbox 2349 5291 2516 5354; x_wconf 88' lang='lat' dir='ltr'><strong>quae</strong></span> <span class='ocrx_word' id='word_1_822' title='bbox 2552 5269 2783 5336; x_wconf 90' lang='lat' dir='ltr'><strong>nullibi</strong></span> <span class='ocrx_word' id='word_1_823' title='bbox 2819 5274 3078 5336; x_wconf 89' lang='lat' dir='ltr'><strong>firmum</strong></span> <span class='ocrx_word' id='word_1_824' title='bbox 3123 5267 3355 5351; x_wconf 90' lang='lat' dir='ltr'><strong>pedem</strong></span> <span class='ocrx_word' id='word_1_825' title='bbox 3398 5268 3602 5351; x_wconf 86' lang='lat' dir='ltr'><strong>figere</strong></span> <span class='ocrx_word' id='word_1_826' title='bbox 3645 5271 3877 5348; x_wconf 88' lang='lat' dir='ltr'><strong>potest.</strong></span> <span class='ocrx_word' id='word_1_827' title='bbox 3943 5262 4087 5328; x_wconf 91' lang='lat' dir='ltr'><strong>Iam</strong></span> <span class='ocrx_word' id='word_1_828' title='bbox 4132 5286 4297 5332; x_wconf 78' lang='lat' dir='ltr'><strong>vero</strong></span> 
     </span>
    </p>

    <p class='ocr_par' dir='ltr' id='par_1_11' title="bbox 3778 5364 3881 5420">
     <span class='ocr_line' id='line_1_114' title="bbox 3778 5364 3881 5420; baseline 0 -25"><span class='ocrx_word' id='word_1_829' title='bbox 3778 5364 3881 5420; x_wconf 60' lang='lat'><strong>45*</strong></span> 
     </span>
    </p>
   </div>
  </div>
 </body>
</html>
