5059 6059
857 316 983 381 207

857 525 1055 588 quam
1122 505 1388 570 virtutis
1456 526 1677 571 amore
1744 513 1809 571 et
1872 504 2088 571 studio
2173 503 2525 571 ducuntur.
2635 504 2805 570 Nam

858 591 1272 673 triumphare
1317 600 1383 655 et
1423 591 1495 656 in
1541 592 1801 656 theatro
1846 591 2164 675 conspici,
2232 605 2426 673 atque
2471 590 2554 655 ab
2597 592 2809 655 omni-

859 677 982 743 bus
1047 677 1352 741 honorari
1416 678 1706 761 cupiunt,
1775 675 1900 743 Dei
1966 697 2121 741 vero
2179 676 2425 742 nullam
2486 677 2808 741 rationem

858 763 1120 827 habent.
1233 764 1338 828 Ab
1404 764 1527 827 isto
1589 764 1809 828 furore
1872 762 2089 827 David
2159 764 2283 827 fuit
2349 762 2808 840 alienissimae,

855 850 966 931 qui
1013 848 1132 914 etsi
1197 848 1491 933 graviter
1547 848 1793 915 ferebat
1849 848 2070 932 populi
2122 848 2469 914 Israelitici
2529 850 2807 932 ignomi-

859 936 1055 1011 niam,
1109 954 1244 998 non
1301 955 1379 999 ea
1436 944 1655 998 tamen
1715 947 1975 999 tantum
2018 935 2287 1000 affectus
2343 948 2443 999 est
2488 947 2810 1016 quantum

858 1019 986 1085 Dei
1031 1020 1274 1104 gloria,
1337 1041 1531 1103 quam
1591 1021 1671 1087 ab
1729 1021 1844 1085 illo
1891 1020 2338 1086 incircumciso
2382 1021 2551 1084 laedi
2595 1021 2813 1085 audie-

857 1106 985 1172 bat.
1045 1106 1226 1172 Hinc
1269 1105 1419 1170 illae
1465 1107 1671 1189 ipsius
1717 1128 1925 1182 voces,
1972 1106 2186 1172 Deine
2231 1107 2514 1170 viventis
2561 1107 2808 1172 exerci-

860 1203 1001 1257 tum
1067 1193 1559 1258 incircumcisus
1623 1191 1733 1258 ille
1798 1192 1997 1257 habet
2059 1191 2392 1257 ludibrio?
2483 1192 2632 1257 Non
2699 1193 2809 1269 ait,

858 1277 1170 1428 gipuline
1213 1291 1277 1342 et
1321 1278 1539 1360 gentis
1579 1299 1761 1343 meae
1786 1279 2077 1361 gloriam,
2123 1278 2254 1354 sed,
2304 1277 2500 1343 illene
2529 1280 2810 1342 viventis

930 1365 988 1428 ei
1034 1363 1307 1447 gloriam
1352 1365 1620 1446 impune
1665 1364 1894 1442 laedet,
1941 1363 2061 1429 sub
2101 1364 2287 1429 cuius
2343 1365 2648 1447 auspiciis
2694 1363 2813 1428 mi-

861 1449 1169 1515 litamus?
1259 1449 1446 1514 Istud
1505 1450 1882 1532 cxemplum
1951 1451 2312 1528 imitemur,
2381 1462 2454 1513 ut
2518 1451 2576 1514 si
2642 1447 2812 1532 quod

862 1531 1199 1603 ecclesiam
1244 1534 1371 1598 Dei
1432 1535 1561 1600 tale
1616 1536 2037 1618 opprobrium
2097 1537 2308 1618 feriat,
2370 1558 2494 1599 non
2554 1547 2810 1600 tantum

861 1622 975 1690 alii
1020 1622 1295 1686 aliorum
1342 1622 1706 1703 opprobriis
1749 1635 1817 1686 et
1849 1621 2110 1686 iniuriis
2146 1622 2527 1697 afficiamur,
2575 1637 2636 1685 et
2677 1643 2816 1685 mu-

860 1719 1051 1774 tuum
1098 1705 1421 1770 auxilium
1467 1706 1914 1789 praebeamus,
1958 1707 2070 1772 sed
2119 1710 2401 1771 maxime
2437 1707 2564 1771 Dei
2612 1707 2816 1790 gloria

860 1812 1270 1872 moveamur,
1317 1811 1509 1874 quam
1550 1794 1745 1858 rebus
1779 1793 2082 1858 omnibus
2107 1795 2587 1875 pretiotissimis
2622 1794 2815 1876 longe

864 1888 1360 1963 anteponamus.
1469 1879 1669 1958 Nam,
1727 1880 2025 1956 obsecro,
2087 1878 2304 1942 Deum
2359 1879 2439 1944 ab
2506 1880 2816 1961 improbis

863 1966 1036 2032 affici
1104 1963 1514 2030 contumeliis
1540 2014 1554 2043 ,
1620 1977 1687 2029 et
1751 1974 2239 2031 sacrosanctum
2307 1965 2513 2048 ipsius
2583 1987 2812 2030 nomen

864 2049 1231 2118 conculcari
1290 2070 1419 2131 qua
1474 2061 1695 2114 mente
1754 2050 2117 2116 ferremus?
2208 2050 2343 2115 Nos
2403 2070 2560 2133 ergo
2622 2049 2815 2115 DaviÎ‡

862 2138 1012 2202 dem
1055 2137 1326 2214 imitati,
1388 2157 1517 2199 non
1579 2137 1745 2201 tanti
1791 2138 2104 2200 faciamus
2146 2136 2366 2200 illatas
2413 2137 2596 2201 nobis
2641 2139 2814 2200 iniu-

862 2224 998 2288 rias
1063 2220 1145 2286 ab
1211 2220 1597 2298 incredulis,
1665 2232 1729 2286 et
1796 2242 1998 2305 purae
2060 2221 2393 2305 religionis
2460 2223 2816 2285 coniuratis

864 2307 1183 2384 hostibus,
1230 2307 1353 2371 etsi
1378 2307 1482 2371 vel
1507 2309 1578 2371 in
1619 2308 1846 2372 faciem
1886 2308 2226 2391 despuant,
2267 2318 2335 2371 et
2380 2307 2815 2389 blasphemias

865 2414 1093 2460 omnes
1150 2404 1459 2476 tanquam
1519 2395 1702 2459 virus
1760 2394 1828 2458 in
1890 2415 2008 2459 nos
2049 2402 2373 2467 evomant,
2419 2394 2815 2475 triumphos-

866 2500 995 2563 que
1050 2499 1200 2543 suos
1253 2479 1631 2557 instituant,
1691 2488 1764 2544 ut
1821 2480 2184 2563 ignominia
2226 2491 2291 2542 et
2337 2478 2649 2544 dedecore
2698 2500 2812 2543 nos

864 2566 1165 2641 obruant,
1211 2585 1294 2627 ne
1339 2565 1606 2646 inquam
1654 2587 1770 2630 nos
1813 2566 1908 2629 ita
1952 2565 2393 2648 respiciamus,
2438 2567 2594 2647 quin
2634 2585 2814 2647 prae-

867 2653 1056 2732 cipue
1112 2650 1238 2714 Dei
1296 2649 1542 2733 gloriae
1593 2651 1805 2716 studio
1862 2651 2263 2728 ferveamus,
2321 2663 2387 2716 et
2443 2650 2809 2716 istiusmodi

866 2735 1216 2818 vituperiis
1271 2738 1508 2819 exponi
1571 2736 1933 2802 doleamus:
1991 2749 2058 2802 et
2113 2736 2285 2820 quod
2341 2738 2433 2801 ait
2492 2737 2811 2820 propheta

864 2822 1133 2888 Psalmo
1177 2821 1260 2886 69
1307 2842 1458 2886 vere
1502 2820 1689 2887 nobis
1734 2822 2093 2888 tribuatur:
2168 2823 2335 2904 Quia
2375 2824 2551 2888 zelus
2591 2823 2811 2887 domus

863 2915 1008 2974 tuae
1064 2908 1268 2990 exedit
1321 2928 1433 2987 me,
1486 2912 1543 2971 et
1601 2909 1940 2989 opprobria
1985 2908 2247 2991 probris
2309 2908 2714 2989 afficientium
2756 2914 2812 2972 te

863 2995 1152 3061 accidunt
1190 2993 1367 3057 mihi.
1437 2992 1536 3057 Ne
1573 2995 1797 3076 itaque
1843 3006 1976 3058 tam
2015 2994 2224 3076 nostri
2269 3007 2562 3058 amantes
2606 2997 2809 3059 simus

862 3090 941 3148 ut
984 3088 1276 3144 nostram
1319 3077 1536 3162 potius
1579 3101 1774 3162 quam
1818 3079 2091 3144 Domini
2134 3079 2410 3163 gloriam
2453 3081 2626 3144 tueri
2668 3093 2807 3145 stu-

864 3167 1164 3245 deamus,
1228 3165 1340 3230 sed
1384 3166 1523 3230 zelo
1568 3166 1783 3248 potius
1828 3166 2070 3249 gloriae
2115 3165 2242 3230 Dei
2288 3165 2675 3243 exedamur,
2735 3175 2810 3229 ut

864 3254 922 3319 si
985 3251 1157 3317 laedi
1220 3251 1372 3315 ullis
1437 3251 1789 3334 impiorum
1859 3252 2128 3317 vocibus
2194 3252 2375 3316 illam
2444 3251 2806 3329 audiamus,

865 3358 1253 3422 rumpamur
1311 3339 1530 3418 potius
1581 3359 1774 3420 quam
1822 3357 1952 3401 non
1999 3337 2407 3403 ulciscamur.
2496 3337 2667 3403 Nam
2718 3338 2808 3401 ita

866 3446 939 3489 re
991 3426 1137 3507 ipsa
1195 3422 1760 3505 comprobabimus
1816 3444 1934 3488 nos
1979 3443 2132 3488 vera
2177 3445 2317 3488 esse
2361 3423 2512 3489 Iesu
2560 3424 2807 3504 Christi

868 3508 1142 3574 Domini
1203 3509 1413 3573 nostri
1480 3510 1801 3586 membra,
1884 3529 2086 3591 quum
2155 3510 2482 3574 Davidem
2553 3510 2671 3573 hac
2738 3509 2803 3572 in

868 3604 1056 3677 parte
1122 3595 1526 3659 studebimus
1591 3596 1868 3672 imitari,
1938 3596 2050 3677 qui
2117 3596 2322 3674 nost-ri
2385 3596 2619 3676 capitis
2687 3595 2808 3659 fuit

867 3682 1107 3764 figura,
1181 3680 1289 3745 cui
1352 3700 1467 3745 nos
1523 3681 1720 3744 etiam
1777 3693 2032 3762 oportet
2090 3681 2500 3746 conformari.
2613 3680 2802 3761 Quod

867 3786 1030 3833 vero
1055 3764 1436 3832 Goliathum
1477 3779 1663 3830 vocat
1705 3767 2225 3840 incircumcisum,
2272 3766 2545 3849 perinde
2591 3781 2689 3830 est
2735 3788 2810 3830 ac

870 3853 926 3918 si
950 3851 1278 3917 ethnicum
1304 3864 1369 3915 et
1390 3851 1797 3917 incredulum
1826 3852 2016 3918 dicat.
2078 3854 2262 3917 Tunc
2299 3854 2472 3916 enim
2501 3851 2811 3917 Israelitis

871 3938 1277 4024 circumcisio
1319 3937 1490 4001 idem
1535 3949 1691 4015 erat,
1738 3936 1909 4019 quod
1956 3937 2148 4001 hodie
2194 3939 2381 4002 nobis
2427 3938 2807 4021 baptismus,

871 4042 1110 4105 nempe
1165 4022 1453 4104 sigillum
1513 4044 1639 4106 quo
1696 4022 1877 4089 Deus
1934 4023 2161 4088 foedus
2219 4042 2366 4088 cum
2424 4023 2810 4088 Abrahaino

872 4110 1110 4174 initum
1167 4108 1646 4192 obsignaverat,
1708 4109 1880 4191 quod
1939 4108 2021 4174 ad
2075 4109 2281 4191 ipsius
2325 4121 2621 4192 posteros
2669 4130 2808 4191 per-

872 4195 1160 4272 tinebat,
1268 4203 1337 4258 ut
1448 4193 1529 4258 ab
1639 4195 1903 4259 humani
2005 4195 2263 4278 generis
2362 4195 2814 4260 maledictione

871 4279 1162 4366 generali
1206 4281 1671 4343 eximerentur.
1745 4279 1963 4359 Quare
2007 4278 2487 4345 observandum
2531 4282 2810 4345 circum-

868 4367 1177 4433 cisionem
1247 4377 1312 4430 et
1377 4365 1834 4449 praeputium,
1900 4365 2069 4448 quod
2140 4376 2415 4442 vocant,
2497 4365 2809 4448 populum

868 4460 933 4518 et
993 4452 1331 4517 ecclesiam
1383 4450 1508 4516 Dei
1566 4450 1938 4515 distinxisse
1997 4471 2035 4515 a
2090 4452 2358 4533 reliquis
2417 4453 2817 4529 nationibus,

868 4559 1036 4621 quae
1081 4540 1216 4602 irae
1261 4548 1329 4601 et
1371 4536 1813 4601 maledictioni
1858 4537 1987 4601 Dei
2040 4548 2230 4601 erant
2272 4537 2610 4603 obnoxiae.
2702 4537 2812 4603 SiÂ«-

871 4625 1068 4689 etiam
1139 4623 1330 4687 hodie
1397 4644 1828 4705 agnoscamus
1895 4644 2011 4687 nos
2075 4623 2403 4706 obsignari
2475 4624 2813 4704 baptismo,

871 4721 935 4775 et
1002 4709 1259 4773 admitti
1322 4710 1392 4774 in
1461 4709 1742 4773 filiorum
1802 4708 1927 4772 Dei
1988 4730 2353 4782 numerum,
2413 4717 2486 4772 ut
2555 4720 2812 4773 tantum

870 4796 1253 4861 beneficium
1343 4807 1650 4877 tanquam
1740 4794 2463 4877 incomprehensibilem
2545 4795 2812 4859 thesau-

873 4903 1017 4945 rum
1071 4882 1489 4946 aestimemus
1534 4891 1600 4943 et
1644 4882 1875 4962 quanti
1919 4902 2039 4964 par
2083 4893 2183 4943 est
2228 4881 2558 4946 faciamus.
2645 4882 2815 4944 Nam

872 4966 1233 5049 baptismus
1321 4977 1421 5030 est
1507 4966 1695 5030 nobis
1782 4977 2031 5031 tessera
2118 4966 2379 5030 divinae
2459 4988 2615 5047 erga
2698 4988 2817 5030 nos

2519 313 2931 382 HOMILIA
2972 315 3189 383 LXII.
4659 320 4740 388 2OE

2911 505 3132 571 obrem
3174 516 3427 571 tantum
3461 528 3620 590 erga
3652 528 3768 572 nos
3791 507 3919 572 Dei
3958 505 4343 571 beneficium
4382 507 4749 589 magnifacere

2913 612 3032 658 nos
3091 603 3364 675 oportet,
3425 607 3485 657 et
3546 593 3834 659 vicissim
3902 594 4040 657 Deo
4101 591 4502 676 respondere,
4549 602 4603 656 et
4632 595 4752 659 veri-

2914 691 3113 743 tatem
3161 699 3326 761 quae
3372 679 3552 745 nobis
3596 680 3729 744 illic
3774 679 4157 762 proponitur
4202 678 4615 760 amplecti,ne
4646 678 4752 763 bsp-

2913 765 3181 829 tismum
3271 779 3568 830 nostrum
3660 765 4041 848 polluamus.
4155 762 4527 828 Cavendum
4596 763 4751 847 itaque

2912 872 3323 933 summopere
3381 873 3464 915 ne
3522 852 3803 915 stultitia
3861 861 4082 914 nostra
4141 861 4207 915 et
4249 849 4595 933 arrogantia
4626 872 4756 934 prae-

2911 936 3142 1018 cipites
3207 938 3508 1020 feramur,
3578 947 3646 1002 et
3710 937 3780 1000 in
3846 957 4069 1001 eorum
4138 956 4408 1001 numero
4471 935 4756 1016 habeamur,

2915 1025 3024 1105 qui
3092 1025 3497 1088 vocationem
3564 1023 3642 1085 ad
3705 1043 3900 1103 quam
3961 1021 4175 1086 vocati
4233 1032 4390 1085 sunt
4447 1042 4562 1084 non
4610 1034 4759 1087 attonÎ‡

2915 1108 3111 1171 dunt:
3170 1121 3241 1172 ut
3298 1108 3599 1173 solebant
3655 1109 3811 1172 olim
3871 1107 4098 1172 Iudaei
4158 1107 4622 1172 circumcisione
4666 1108 4760 1189 glo-

2915 1194 3091 1270 riari,
3162 1194 3323 1257 nihil
3392 1196 3609 1259 minus
3671 1207 3893 1259 tamen
3960 1213 4154 1275 quam
4214 1191 4410 1258 corde
4463 1192 4762 1260 circumcisi.

2914 1279 3166 1344 Idcirco
3244 1293 3376 1343 tam
3458 1281 3831 1361 frequentes
3896 1279 4197 1343 videmus
4260 1276 4447 1359 apud,
4495 1279 4764 1361 propheta

2916 1366 3330 1430 instiusmodi
3387 1365 3904 1444 obiurgationes:
3972 1364 4108 1428 Vos
4166 1385 4205 1427 a
4265 1384 4370 1428 me
4416 1365 4563 1429 estis
4596 1364 4766 1446 aversi,

2916 1472 3117 1534 quum
3182 1465 3397 1515 vestra
3452 1452 3703 1515 malitia
3759 1450 4006 1515 cultum
4068 1471 4292 1514 meum
4349 1449 4682 1533 reliquistis,
4722 1460 4766 1513 st

2918 1553 3135 1602 vestro
3192 1536 3436 1619 templo
3495 1549 3560 1600 et
3615 1550 3887 1601 externo
3947 1536 4062 1600 illo
4106 1535 4600 1602 circumcisionis
4634 1536 4765 1619 signo

2921 1623 3108 1687 valde
3165 1621 3557 1707 gloriamini,
3619 1643 3851 1706 meque
3912 1623 4096 1687 vobis
4154 1621 4298 1686 ideo
4349 1621 4688 1686 devinctum
4726 1627 4770 1684 st

2918 1709 3277 1790 obligatum
3328 1709 3766 1783 arbitramini:
3827 1718 3891 1772 et
3937 1709 4178 1774 idcirco
4222 1707 4407 1773 vobis
4449 1706 4525 1771 ad
4565 1704 4768 1789 quodvis

2920 1797 3236 1878 flagitium
3290 1794 3574 1859 habenas
3626 1795 3882 1873 laxatis,
3942 1793 4053 1859 sed
4116 1793 4337 1875 procul
4375 1814 4415 1857 a
4449 1813 4550 1857 me
4588 1791 4771 1873 profani

2918 1893 2984 1944 et
3043 1881 3224 1961 impii
3288 1880 3584 1945 homines
3630 1890 3855 1964 estote,
3918 1880 4078 1944 dicit.
4118 1879 4467 1944 Dominus.
4548 1877 4771 1942 Nositn-

2917 1988 3043 2048 que
3107 1965 3457 2048 diligenter
3513 1988 3881 2042 caveamus,
3943 1987 4027 2030 ne
4086 1967 4330 2031 nostris
4388 1960 4774 2049 pollutionibus

2918 2053 3314 2135 baptismum
3385 2065 3679 2115 nostrum
3749 2051 4154 2116 aboleamus:
4229 2048 4343 2116 sed
4412 2049 4616 2134 potius
4664 2044 4775 2112 illud

2919 2151 3225 2220 tanquam
3254 2138 3790 2220 pretiosissimum
3820 2151 4077 2202 nostrae
4113 2135 4568 2219 redemptionis
4605 2134 4780 2217 pignus

2918 2224 3304 2288 habeamus:
3366 2238 3431 2287 et
3480 2225 3688 2288 Deum
3750 2237 4003 2305 patrem
4064 2234 4130 2287 et
4188 2234 4583 2288 servatorem
4621 2238 4778 2302 spereÎ‡

2919 2330 3082 2387 mus,
3122 2311 3313 2372 modo
3349 2309 3415 2373 in
3454 2310 3661 2392 ipsius
3697 2311 3930 2374 timore
3967 2307 4400 2385 ambulemus,
4435 2306 4779 2388 debitumque

2918 2396 3042 2478 ipsi
3105 2396 3412 2459 honorem
3473 2409 3539 2458 et
3584 2395 3855 2477 gloriam
3906 2395 4283 2459 reddamus:
4338 2403 4516 2461 certo
4558 2388 4780 2476 persuasi

2920 2504 3048 2545 non
3109 2483 3353 2545 frustra
3404 2483 3610 2545 Deum
3675 2504 3792 2545 nos
3838 2479 3920 2544 ad
3964 2502 4034 2544 se
4078 2500 4367 2557 vocasse,
4424 2477 4537 2545 sed
4576 2488 4780 2543 externo

2918 2568 3028 2632 illo
3095 2567 3282 2648 signo
3350 2567 3574 2630 testari
3644 2587 3761 2631 nos
3825 2567 3893 2630 in
3956 2566 4163 2648 ipsius
4228 2567 4515 2631 filiorum
4578 2581 4782 2628 numero

2915 2652 3166 2719 censeri
3212 2666 3275 2717 et
3324 2652 3567 2728 haberi,
3629 2673 3755 2734 quo
3801 2652 4232 2718 discernimur
4274 2662 4343 2717 et
4388 2650 4784 2734 distinguimur

2917 2741 2998 2803 ab
3043 2741 3121 2803 iis
3165 2760 3325 2820 quos
3371 2761 3486 2820 pro
3531 2740 3668 2802 suis
3716 2759 3845 2802 non
3889 2740 4203 2822 agnoscit.

3089 2824 3230 2889 Iam
3279 2846 3432 2890 vero
3478 2827 3671 2909 agite,
3716 2829 3821 2889 ete.

3484 3302 3978 3386 HOMILIA
4026 3303 4296 3385 LXII.

3085 3510 3188 3575 28.
3242 3509 3416 3589 Quod
3451 3529 3642 3590 quum
3679 3509 3954 3573 audisset
3978 3508 4173 3573 Eliab
4206 3510 4418 3590 frater
4460 3509 4592 3573 eius
4626 3503 4791 3582 maior,

2910 3597 3186 3677 loquente
3231 3616 3297 3660 eo
3340 3615 3478 3659 cum
3520 3595 3691 3672 aliis,
3735 3596 3944 3659 iratus
3982 3600 4069 3659 est
4110 3599 4329 3660 contra
4352 3594 4591 3669 David,
4628 3596 4677 3656 et
4706 3589 4789 3653 ait:

2921 3683 3128 3762 Quare
3192 3682 3435 3763 venisti,
3503 3686 3561 3745 et
3624 3701 3818 3761 quare
3880 3681 4276 3762 dereliquisti
4333 3679 4642 3761 pauculas
4690 3674 4792 3739 {aas

2913 3788 3053 3832 oves
3090 3770 3162 3832 in
3198 3768 3432 3830 deserto
3451 3766 3486 3830 á¼“
3556 3766 3696 3848 Eyo
3742 3766 3885 3830 novi
3926 3765 4287 3846 superbiam
4329 3772 4509 3832 tuam
4548 3769 4599 3829 et
4635 3759 4791 3840 nequiÎ‡

2912 3856 3068 3917 tiam
3108 3854 3313 3918 cordis
3356 3854 3467 3930 tui,
3526 3855 3681 3933 quia
3722 3858 3790 3915 ut
3824 3852 4064 3916 videres
4093 3852 4429 3933 praelium
4472 3847 4789 3917 descendisti

2914 3940 3016 4003 29.
3068 3938 3154 4003 Et
3188 3939 3349 4001 dtzit
3375 3937 3626 4003 David.-
3680 3937 3845 4018 Quid
3875 3938 4048 4018 feci?
4098 3939 4408 4020 numquid
4443 3958 4564 4003 non
4602 3931 4789 3999 mueÎ‡

2913 4024 3050 4090 est?
3139 4025 3243 4090 30.
3299 4021 3388 4088 Ec
3443 4023 3772 4089 declinavit
3818 4022 4159 4103 paululum
4212 4024 4292 4087 ab
4349 4044 4421 4088 eo
4480 4023 4564 4088 ad
4616 4019 4790 4085 duam:

2913 4112 3194 4193 dixitque
3251 4111 3512 4174 eundem
3567 4129 3928 4189 sermonm,
3985 4115 4040 4173 et
4094 4110 4420 4191 respondit
4475 4109 4534 4172 ei
4580 4101 4791 4187 populus

2912 4198 3161 4261 verbum
3218 4196 3379 4261 sicut
3424 4195 3636 4276 prius.
3741 4196 3844 4261 31.
3903 4195 4151 4259 Audita
4206 4200 4357 4259 sunt
4414 4198 4615 4260 autem
4660 4184 4789 4252 aar&

2915 4303 3075 4363 quae
3128 4281 3415 4361 loquutus
3470 4286 3555 4345 est
3602 4279 3838 4360 David,
3897 4287 3952 4344 et
3994 4279 4385 4346 annunciata
4430 4282 4503 4344 iu
4542 4277 4789 4357 con-spatÎ‡

2919 4367 3095 4433 Saul.
3176 4368 3279 4432 32.
3328 4368 3437 4430 Ad
3481 4387 3656 4447 quem
3699 4386 3890 4448 quum
3928 4367 4155 4448 fuisset
4196 4367 4525 4442 adamus,
4568 4363 4788 4444 2â°qu

2915 4459 3001 4518 est
3044 4455 3134 4518 ei.-
3188 4453 3326 4517 Non
3369 4453 3649 4517 concidat
3690 4474 3792 4517 cor
3833 4454 4205 4534 cuiusquam
4245 4454 4314 4516 in
4358 4473 4449 4536 eo,
4495 4470 4595 4534 eqo
4630 4460 4790 4513 sem-Â³

2916 4546 3064 4604 tuus
3097 4541 3340 4606 vadam.
3390 4543 3443 4601 et
3470 4538 3765 4619 puqnabo
3807 4540 4113 4603 adversus
4138 4537 4574 4603 Phaistaeum.
4633 4523 4789 4597 3313

2915 4627 3008 4690 ait
3066 4625 3229 4690 Saul
3288 4626 3372 4688 ad
3445 4624 3689 4687 David.-
3750 4624 3892 4690 Non
3948 4624 4119 4689 vales
4174 4625 4465 4689 resistere
4522 4618 4790 4707 Phaistos

2916 4712 3046 4781 isti,
3115 4731 3224 4774 nec
3284 4730 3572 4793 puqnare
3638 4711 3941 4776 adversus
3984 4730 4153 4773 eum:
4224 4710 4380 4792 quia
4419 4727 4579 4789 puer
4613 4698 4790 4799 28,ss

2917 4803 3123 4861 autem
3158 4797 3260 4860 vir
3303 4796 3556 4860 bellator
3599 4801 3687 4860 est
3730 4796 3806 4860 ab
3852 4795 4262 4861 adolescentia
4306 4816 4453 4861 sua.
4521 4787 4791 4858 34.DmtÎ‡

2918 4904 3035 4965 que
3077 4882 3297 4948 David
3341 4882 3426 4944 ad
3475 4881 3660 4945 Saul:
3711 4881 4013 4947 Paseebat
4056 4901 4274 4946 servus
4319 4888 4472 4946 tuus
4500 4876 4689 4969 patri-5
4717 4888 4786 4934 Îœ

2914 4989 3173 5052 qreqem,
3235 4973 3288 5031 et
3344 4967 3619 5032 veniebat
3675 4967 3765 5032 leo
3820 4969 3914 5033 vel
3953 4987 4165 5044 ursuS,
4225 4972 4280 5032 et
4321 4964 4565 5032 tollebat
4601 4961 4787 5028 anch

875 5052 1384 5129 benevolentiae,
1474 5050 1641 5135 quod
1728 5052 1795 5116 in
1884 5074 1959 5116 eo
2046 5050 2386 5116 Christum
2453 5051 2814 5116 Dominum
2917 5056 2993 5119 de
3036 5054 3235 5119 medio
3269 5055 3492 5136 yreqis.
3560 5052 3664 5118 35.
3711 5050 3801 5118 Et
3835 5054 4255 5135 persequebar
4296 5073 4419 5128 eoa,
4465 5056 4520 5115 et
4544 5049 4784 5130 peractae-

876 5149 1174 5202 nostrum
1220 5139 1599 5214 vestiamus,
1663 5147 1729 5202 et
1771 5140 1837 5203 in
1886 5138 2069 5202 illum
2118 5139 2505 5217 inseramur,
2559 5148 2633 5202 ut
2677 5160 2813 5204 omÎ‡

875 5224 1057 5287 nium
1122 5224 1326 5307 ipsius
1394 5223 1712 5288 bonorum
1783 5225 2017 5289 fiamus
2082 5223 2451 5309 participes.
2568 5223 2814 5304 Quam-

2919 5142 3080 5214 bam,
3136 5140 3538 5220 eruebamque
3590 5141 3665 5203 de
3721 5160 3825 5203 ore
3878 5160 4111 5219 eorum,
4166 5143 4221 5204 et
4277 5138 4381 5202 illi
4422 5126 4784 5216 â€¹3er

2920 5227 3251 5292 adversum
3307 5245 3419 5306 me,
3474 5230 3527 5289 et
3582 5225 4109 5308 apprehendebam
4163 5228 4441 5290 mentum
4497 5237 4709 5294 eorum,
4748 5214 4783 5273 á½…
