5059 6059
813 307 941 372 399
2409 298 2817 365 HOMILIA
2866 297 3264 364 LXXVIII.
4689 301 4785 366 400

815 492 964 571 fuit,
1011 512 1210 575 quum
1256 489 1497 556 dicitur
1540 488 1730 573 Doeg
1775 487 1846 552 in
1892 488 2285 568 sanctuario,
2345 500 2654 571 tanquam
2702 488 2769 553 in

818 579 949 645 Dei
989 575 1377 661 praesentia,
1422 574 1655 640 fuisse:
1701 573 1816 640 sed
1859 574 1955 639 ita
2011 574 2225 640 solent
2260 574 2646 658 hypocritae
2684 575 2771 638 ri·

820 664 996 730 tibus
1051 661 1347 727 externis
1401 680 1728 726 summam
1788 657 2198 725 devotionem
2259 677 2322 724 et
2384 659 2774 744 religionem

821 749 1148 834 profiteri,
1210 746 1338 813 Dei
1382 754 1606 812 tamen
1651 745 1899 830 gloriae
1944 747 2014 810 in
2063 744 2278 812 cordis
2322 745 2772 830 penetralibus

819 855 1100 920 parvum
1135 833 1436 899 studiosi.
1481 832 1632 898 Hoc
1676 831 1917 897 nostris
1964 830 2367 914 temporibus
2410 832 2571 898 satis
2616 850 2772 895 con-

820 922 1124 1005 spicuum
1172 928 1274 985 est
1318 920 1389 983 in
1436 917 1661 982 multis
1705 917 2036 1001 primariis
2082 917 2419 1001 dignitatis
2479 926 2545 981 et
2588 929 2771 982 auto·

819 1007 1032 1073 ritatis
1088 1005 1268 1084 viris,
1332 1004 1445 1087 qui
1507 1004 1777 1068 missam
1837 1010 2037 1068 unam
2074 1014 2189 1068 aut
2224 1003 2505 1068 alteram
2548 1002 2773 1068 audire

828 1091 1088 1176 quidem
1150 1089 1569 1173 cupidissime
1625 1109 1695 1154 se
1738 1088 2076 1170 simulant,
2135 1099 2201 1155 et
2259 1100 2478 1154 tamen
2536 1109 2776 1171 pravas

824 1199 977 1244 θυαε
1035 1175 1426 1260 cupiditates
1482 1175 1703 1240 animo
1767 1174 2046 1239 volvunt
2104 1183 2174 1240 et
2218 1184 2546 1258 repetunt,
2611 1195 2774 1257 quas

822 1264 932 1329 vel
970 1261 1147 1329 domi
1203 1262 1304 1329 vel
1351 1263 1420 1325 in
1475 1259 1791 1327 cubiculis
1853 1259 1955 1324 vel
2010 1259 2269 1343 palatiis
2323 1262 2461 1326 suis
2507 1281 2774 1326 versare

823 1350 1041 1414 animo
1080 1369 1198 1432 per
1232 1347 1438 1412 otium
1478 1367 1607 1411 non
1645 1345 2027 1429 potuissent,
2074 1346 2200 1412 nisi
2238 1360 2499 1412 sanctae
2536 1345 2775 1411 missae

824 1434 1083 1502 devotio
1127 1443 1379 1498 mentes
1422 1430 1689 1497 illorum
1722 1434 1815 1497 sic
1850 1433 2185 1497 retineret.
2274 1431 2388 1513 Sic
2430 1431 2774 1515 plerosque

824 1521 989 1587 alios
1054 1518 1284 1586 videas
1348 1518 1419 1583 in
1486 1526 1728 1600 papatu
1795 1538 1947 1584 suas
2012 1516 2161 1584 illas
2227 1518 2772 1602 precatiunculas,

824 1627 990 1690 quas
1045 1606 1248 1671 Pater
1304 1612 1534 1669 noster
1592 1613 1658 1668 et
1710 1603 1859 1669 Ave
1915 1603 2132 1669 Maria
2191 1612 2446 1683 vocant,
2501 1604 2776 1688 ingemi-

826 1713 1006 1770 nare,
1051 1691 1248 1756 horas
1292 1709 1445 1755 suas
1491 1687 1983 1755 demurmurare
2020 1700 2085 1754 et
2122 1691 2201 1756 ab
2238 1689 2432 1756 altari
2476 1690 2547 1755 in
2593 1688 2772 1755 aliud

826 1778 1032 1844 altare
1093 1776 1456 1859 decurrere,
1523 1794 1845 1840 summam
1904 1774 2291 1858 religionem
2347 1796 2505 1860 prae
2563 1797 2634 1841 se
2676 1775 2771 1841 fe·

824 1873 1065 1930 rentes.
1156 1860 1292 1928 Sed
1349 1860 1576 1944 quales
1618 1859 1884 1927 obsecro
1941 1872 2096 1925 sunt
2137 1861 2400 1927 illorum
2457 1874 2529 1926 ut
2575 1861 2774 1944 pluri·

823 1969 1010 2014 mum
1077 1945 1552 2032 cogitationes?
1639 1945 1786 2034 Alii·
1843 1944 1923 2009 de
1984 1948 2200 2013 usuris
2265 1948 2589 2031 cogitant,
2657 1948 2773 2012 alii

826 2034 1055 2101 caedes
1100 2032 1523 2114 meditantur,
1584 2031 1695 2097 alii
1741 2031 2080 2098 adulteriis
2125 2044 2428 2112 uruntur,
2484 2033 2598 2098 alii
2642 2054 2775 2097 am·

823 2119 1064 2186 bitione
1108 2128 1175 2184 et
1218 2120 1492 2184 caeteris
1535 2116 1906 2184 huiusmodi
1946 2117 2121 2185 vitiis
2164 2119 2418 2184 animos
2460 2140 2613 2184 suos
2658 2141 2771 2183 ex-

827 2207 1027 2291 plent.
1117 2204 1422 2288 Denique
1467 2224 1668 2286 quum
1707 2202 2009 2289 Doegum
2056 2204 2126 2269 in
2164 2206 2537 2270 sanctuario
2573 2205 2773 2270 fuisse

826 2292 1131 2376 legimus,
1203 2302 1514 2375 tanquam
1575 2290 1645 2352 in
1707 2290 1998 2373 imagine
2060 2292 2209 2356 viva
2252 2292 2773 2372 contemplamur

826 2400 938 2444 eos
982 2378 1092 2460 qui
1138 2397 1455 2458 magnum
1502 2374 1762 2458 quidem
1809 2374 1936 2439 Dei
1980 2375 2189 2441 zelum
2237 2375 2394 2441 foris
2438 2376 2770 2453 simulant,

829 2475 898 2530 et
937 2472 1159 2528 tamen
1205 2462 1386 2528 intus
1431 2460 1809 2543 turpissima
1843 2462 2093 2544 flagitia
2138 2463 2474 2527 nutriunt:
2519 2462 2772 2528 Deum-

830 2570 959 2632 que
1019 2547 1317 2626 irrident,
1385 2566 1749 2630 nomenque
1810 2546 2017 2628 ipsius
2081 2557 2563 2613 sacrosanctum
2627 2570 2770 2630 pro·

831 2640 1075 2701 fanant.
1167 2634 1256 2698 Et
1316 2633 1577 2715 quidem
1637 2634 1767 2697 ista
1808 2632 2023 2716 Doegi
2068 2632 2398 2698 simulatio
2462 2634 2685 2718 procul
2735 2655 2773 2697 a

833 2742 989 2790 vera
1046 2719 1305 2802 pietate,
1374 2718 1705 2801 divinique
1772 2717 1985 2784 cultus
2051 2719 2423 2784 reverentia
2489 2720 2773 2785 abfuisse

832 2805 1114 2883 videtur,
1171 2826 1373 2887 quum
1433 2803 1757 2870 Davidem
1825 2802 1908 2867 ad
1971 2800 2236 2869 Saulem
2294 2803 2454 2869 falso
2521 2804 2772 2882 detulit,

829 2906 894 2960 et
939 2889 1367 2967 sacerdotum,
1417 2905 1491 2955 ut
1535 2889 1841 2972 deinceps
1886 2889 2272 2968 videbimus,
2317 2910 2512 2955 causa
2557 2889 2775 2955 caedis

829 2979 985 3044 fuit:
1055 2996 1184 3061 quo
1249 2976 1522 3043 crimine
1593 2977 1713 3040 suit
1777 2997 1996 3041 coram
2064 2974 2210 3040 Deo
2276 2988 2343 3041 et
2398 2975 2776 3041 hominibus

828 3064 1041 3148 magis
1080 3060 1522 3127 detestandus.

999 3149 1142 3213 Iam
1189 3146 1270 3212 ad
1318 3146 1569 3230 reliqua
1602 3167 1952 3231 pergamus
1996 3149 2064 3211 in
2112 3148 2233 3211 hac
2276 3144 2547 3212 historia
2590 3168 2776 3229 prae·

828 3238 1040 3320 cipue,
1085 3254 1320 3316 nempe
1366 3231 1687 3300 Davidem
1736 3255 1774 3296 a
1819 3232 2088 3297 Domini
2145 3235 2514 3299 sanctuario
2574 3234 2774 3299 fuisse

831 3338 1126 3389 coactum
1173 3317 1255 3384 ad
1301 3316 1507 3384 Achis
1548 3338 1773 3402 regem
1818 3340 2022 3382 unum
2068 3339 2153 3382 ex
2210 3318 2774 3385 Philisthaeorum

833 3407 1138 3490 satrapiis
1204 3404 1580 3503 confugere²
1660 3418 1726 3468 et
1789 3403 1885 3467 illi
1953 3425 2022 3469 se
2089 3406 2490 3486 permittere.
2604 3404 2776 3470 Nam

834 3509 1020 3558 erant
1074 3492 1361 3574 quinque
1406 3489 1965 3555 Philisthaeorum
2024 3491 2369 3575 principes,
2452 3493 2564 3574 qui
2624 3511 2777 3555 suas

839 3578 1208 3663 provincias
1267 3591 1577 3658 tanquam
1637 3597 1825 3658 reges
1881 3575 2282 3641 obtinebant.
2370 3575 2501 3643 Hic
2559 3590 2778 3641 autem

837 3663 1041 3729 Achis
1099 3660 1334 3727 dicitur
1391 3661 1797 3726 dominatum
1857 3661 2215 3727 obtinuisse
2268 3661 2547 3729 Gethae.
2650 3662 2780 3727 Hic

840 3752 1122 3833 primum
1168 3761 1439 3830 apparet
1481 3768 1671 3830 quam
1719 3768 1983 3827 gravem
2027 3748 2594 3829 persequutionem
2640 3748 2776 3813 Da·

840 3833 955 3899 vid
1014 3853 1242 3915 passus
1298 3832 1402 3909 sit,
1469 3834 1573 3898 cui
1639 3832 1868 3899 nullibi
1931 3834 2134 3898 tutius
2190 3832 2319 3896 fuit
2376 3834 2773 3916 praesidium

840 3939 1040 4004 quam
1127 3917 1296 4000 apud
1377 3918 1598 3983 hostes
1674 3918 1983 3984 ecclesiae
2053 3917 2181 3983 Dei
2261 3919 2773 4000 capitalissimos.

839 4006 1028 4071 Tunc
1092 4002 1266 4071 enim
1334 4005 1642 4086 temporis
1705 4004 2044 4069 Israelitae
2114 4005 2443 4070 continuis
2511 4005 2778 4089 praeliis

839 4091 1158 4159 adversus
1194 4088 1654 4169 Philisthaeos,
1697 4088 2242 4172 quemadmodum
2280 4101 2430 4154 ante
2469 4092 2776 4166 vidimus,

839 4190 908 4244 et
952 4176 1256 4258 deinceps
1313 4175 1519 4239 visuri
1577 4197 1822 4252 sumus,
1881 4175 2386 4241 exercebantur:
2444 4187 2511 4241 et
2554 4177 2777 4242 David

839 4260 1227 4348 quibusdam
1295 4260 1497 4344 copiis
1560 4262 1688 4326 iam
1757 4283 1869 4342 per
1934 4260 2194 4343 aliquod
2232 4274 2526 4344 ,tempus
2592 4284 2776 4345 prae·

832 4353 1069 4428 fuerat,
1115 4360 1180 4411 et
1224 4367 1568 4429 prosperos
1604 4366 1941 4412 successus
1978 4348 2296 4414 adversus
2334 4347 2776 4413 Philisthaeos

838 4435 1231 4501 obtinuerat.
1321 4433 1491 4497 Nam
1550 4452 1743 4514 saepe
1793 4431 1950 4499 Saul
2013 4433 2198 4498 illum
2247 4434 2557 4517 periculis
2601 4433 2777 4499 obie-

828 4534 1024 4598 cerat,
1085 4531 1150 4584 et
1207 4518 1391 4584 velut
1450 4516 1528 4583 ad
1590 4518 1922 4583 lanienam
1988 4517 2350 4584 dimiserat:
2418 4520 2535 4585 sed
2593 4519 2779 4584 Deus

833 4608 928 4673 illi
973 4606 1226 4672 felicem
1266 4626 1341 4670 ac
1386 4604 1642 4670 facilem
1682 4603 2013 4669 victoriam
2051 4605 2132 4669 de
2175 4605 2477 4671 hostibus
2520 4625 2811 4676 summo

839 4692 1062 4761 Saulis
1119 4711 1271 4757 cum
1330 4690 1665 4757 stomacho
1724 4706 1789 4754 et
1848 4688 2296 4774 indignatione
2351 4700 2777 4769 concesserat,

840 4792 916 4846 ut
953 4800 1080 4845 non
1117 4775 1383 4841 dubium
1422 4775 1507 4840 sit
1542 4777 1701 4858 quin
1740 4776 2100 4840 maximum
2136 4787 2202 4842 et
2240 4775 2780 4859 capitalissimum

841 4863 1393 4932 Philisthaeorum
1456 4860 1678 4927 odium
1734 4862 1806 4926 in
1860 4882 1930 4926 se
1988 4862 2392 4937 concitasset,
2450 4872 2518 4926 et
2575 4863 2782 4926 nomi·

843 4950 1051 5015 natim
1096 4949 1360 5033 egregio
1405 4957 1472 5011 et
1515 4946 1921 5013 memorabili
1966 4947 2081 5012 illo
2125 4949 2296 5013 facto
2342 4968 2548 5030 quum
2595 4947 2779 5014 Goli-

843 5035 1077 5102 athum
1141 5034 1523 5118 profligarat
1597 5042 1663 5099 et
1738 5033 2172 5099 interfecerat.
2291 5032 2514 5114 Quare
2580 5056 2777 5116 quum

847 5120 1084 5188 Davidi
1142 5119 1363 5184 nullus
1429 5120 1595 5185 alius
1653 5130 2022 5204 superesset
2080 5120 2309 5185 salutis
2356 5120 2534 5184 locus
2580 5141 2776 5202 quam

846 5209 914 5273 in
1013 5205 1297 5271 hostium
1397 5206 2002 5289 capitalissimorum
2096 5226 2332 5271 manus
2408 5206 2776 5289 confugere,

2874 487 3140 570 signum
3206 495 3308 552 est
3363 487 3575 570 ipsum
3634 489 3701 553 in
3763 487 4072 554 maximis
4130 488 4450 573 angustiis
4507 488 4697 553 fuisse
4740 500 4791 554 et

2878 572 3082 639 veluti
3127 570 3466 655 deplorata
3500 571 3731 657 salute,
3778 575 4045 657 vitaque
4080 595 4120 639 a
4154 574 4270 639 filo
4306 573 4651 658 pendente,
4687 594 4789 640 non

2876 660 3164 740 potuisse
3223 659 3353 723 nisi
3411 658 3805 724 horrendam
3867 660 4317 725 crudelitatem
4365 669 4431 725 et
4484 660 4788 725 saevitiam

2874 743 3433 809 Philisthaeorum
3479 745 3551 808 in
3596 765 3668 810 se
3711 754 4110 828 exspectare.
4200 747 4308 811 Ex
4365 765 4496 829 quo
4539 760 4788 828 apparet,
4922 730 4928 855 1

2876 851 2916 895 a
2960 829 3246 894 Domino
3293 828 3572 895 Davidis
3633 831 3831 895 fidem
3883 841 3952 896 et
4011 832 4398 915 patientiam
4456 829 4539 896 ad
4605 832 4787 896 vivum

2877 935 3080 997 usquc
3122 915 3324 980 fuisse
3367 916 3793 999 exploratam.
3842 916 4030 999 Quae
4067 917 4365 982 doctrina
4408 916 4610 983 hodie
4648 916 4788 983 nobis

2879 1023 2953 1066 eo
2999 1002 3208 1085 magis
3253 1012 3354 1065 est
3397 1003 3784 1077 necessaria,
3840 1023 3969 1085 quo
4014 1024 4243 1068 sumus
4288 1003 4700 1068 delicatiores
4744 1005 4789 1067 in
4922 970 4928 1045 Ι

2875 1089 2958 1153 iis
2994 1085 3281 1152 ferendis
3318 1086 3817 1167 calamitatibus,
3853 1109 4015 1172 quas
4049 1088 4234 1154 Deus
4271 1089 4593 1152 immittit.
4658 1087 4789 1152 Nam

2876 1173 2984 1237 vel
3044 1173 3314 1237 minimo
3369 1173 3503 1239 ictu
3564 1175 3857 1256 percussi
3916 1174 4143 1240 statim
4204 1173 4574 1257 deiicimur,
4640 1183 4703 1238 et
4752 1176 4789 1238 si

2876 1258 3064 1324 Deus
3126 1261 3299 1324 ictus
3363 1258 3789 1342 ingeminarit
3854 1260 4132 1325 nimium
4198 1280 4426 1325 severe
4484 1258 4789 1325 nobiscum

2877 1346 2984 1428 agi
3049 1346 3416 1428 querimur:
3499 1366 3575 1410 ac
3630 1344 3783 1411 licet
3845 1367 3976 1411 non
4043 1344 4262 1428 palam
4328 1357 4398 1411 et
4463 1357 4691 1428 aperte
4742 1346 4787 1409 in

2877 1430 3176 1513 querelas
3221 1429 3656 1508 effundamur,
3717 1431 4146 1497 nihilominus
4190 1442 4413 1497 tamen
4476 1431 4663 1497 intus
4713 1431 4789 1495 do·

2876 1516 3080 1581 lorem
3127 1516 3464 1598 coquimus
3523 1530 3589 1581 et
3644 1518 4254 1583 obmurmuramus:
4301 1515 4789 1600 quandoquidem
4922 1512 4928 1625 ι

2877 1602 3080 1687 igitur
3132 1613 3271 1666 tam
3330 1600 3619 1686 fragiles,
3679 1612 3945 1686 tamque
3988 1603 4407 1686 impatientes
4466 1623 4699 1668 sumus
4742 1614 4793 1667 ut

2877 1687 3323 1753 calamitatum
3370 1698 3438 1752 et
3472 1689 3893 1753 afflictionum
3931 1688 4449 1773 explorationem
4488 1691 4663 1753 ferre
4698 1710 4791 1752 non

2877 1775 3220 1858 possimus,
3287 1794 3362 1838 eo
3431 1774 3676 1839 maiore
3740 1794 3896 1838 cura
3958 1786 4025 1839 et
4090 1775 4452 1839 attentione
4518 1795 4691 1858 quae
4735 1774 4791 1837 ‹lc

2876 1859 3136 1925 Davide
3179 1858 3286 1924 hic
3331 1871 3923 1925 commemorantur
3966 1860 4186 1924 animo
4244 1870 4473 1925 nostro
4518 1872 4681 1926 sunt
4715 1882 4793 1925 cx·

2877 1944 3238 2030 pendenda.
3348 1944 3518 2010 Nam
3585 1944 3780 2010 hodie
3844 1944 4037 2011 multi
4109 1966 4296 2010 suam
4362 1945 4788 2011 fortitudinem

2876 2029 3274 2114 praedicant,
3314 2039 3407 2115 ‚et
3473 2051 3544 2097 se
3609 2032 3778 2097 mira
3843 2030 4162 2114 quaedam
4230 2051 4458 2113 passos
4519 2052 4643 2116 pro
4696 2030 4789 2095 Dei

2877 2117 3059 2181 cultu
3106 2114 3531 2198 persuadent:
3580 2116 3695 2183 sed
3738 2120 3883 2200 quis
3926 2138 3998 2182 se
4041 2117 4113 2181 in
4156 2125 4411 2182 tantam
4458 2137 4790 2200 persequu-

2879 2203 3075 2266 tionis
3120 2205 3460 2267 sacvitiam
3507 2214 3576 2268 et
3618 2205 3903 2269 furorem
3943 2203 4200 2269 venisse
4244 2201 4520 2267 iactabit
4565 2224 4683 2285 pro
4720 2224 4793 2265 re-

2879 2289 3120 2372 ligione
3164 2289 3525 2363 christiana
3568 2288 3834 2367 tuenda,
3877 2307 3951 2353 ut
3992 2297 4257 2355 coactus
4294 2289 4382 2351 sit
4416 2290 4488 2352 in
4538 2289 4789 2353 hostium

2877 2395 3113 2438 manus
3172 2395 3242 2438 se
3301 2374 3617 2439 coniicere
3678 2386 3986 2457 tanquam
4051 2375 4318 2439 unicum
4382 2374 4564 2437 vitae
4610 2376 4793 2456 profu·

2880 2460 3105 2544 gium?
3171 2459 3394 2523 Veluti
3439 2462 3494 2524 si
3540 2480 3698 2543 aper
3740 2482 3935 2526 canes
3979 2461 4241 2543 fugiens
4302 2462 4369 2523 in
4422 2459 4791 2525 venabulum

2880 2547 3121 2611 irruat:
3163 2558 3281 2609 aut
3324 2566 3556 2611 cervus
3599 2566 3638 2609 a
3680 2546 3950 2611 canibus
3994 2549 4088 2611 sic
4132 2555 4468 2628 urgeatur,
4533 2560 4608 2610 ut
4654 2560 4796 2609 metu

2880 2653 2950 2701 se
3007 2631 3117 2695 det
3172 2631 3239 2695 in
3302 2642 3571 2713 puteum
3614 2633 4065 2715 praecipitem:
4113 2632 4279 2713 quod
4328 2652 4537 2712 quum
4586 2630 4795 2695 Davidi

2879 2717 3230 2801 contigisse
3278 2717 3591 2794 videmus,
3637 2716 3964 2783 discamus
4013 2738 4135 2782 nos
4178 2716 4261 2781 ad
4305 2738 4386 2781 ea
4430 2737 4607 2800 quae
4649 2716 4795 2781 Deus

2879 2803 3225 2868 immiserit
3259 2805 3581 2886 patienter
3614 2803 3886 2868 ferenda
3928 2823 4335 2886 componere.
4418 2803 4525 2867 Ac
4570 2806 4631 2867 si
4667 2803 4797 2867 fone

2878 2909 3108 2954 sensus
3154 2890 3358 2954 nostri
3403 2899 3538 2953 tam
3582 2888 3824 2956 debiles
3870 2889 4133 2964 fuerint,
4180 2902 4253 2953 ut
4297 2886 4467 2953 nihil
4518 2889 4798 2971 perficere

2880 2975 3231 3057 possimus:
3312 2974 3527 3038 Deum
3593 2973 4076 3040 ardentioribus
4144 2975 4311 3039 votis
4378 2974 4799 3047 sollicitemus,

2878 3073 2952 3124 ut
2998 3059 3171 3125 vires
3214 3060 3352 3142 ipse
3396 3058 3585 3125 nobis
3626 3060 3947 3127 sufficiat:
3989 3059 4159 3143 quod
4196 3069 4432 3143 potest,
4481 3078 4553 3125 et
4589 3082 4658 3125 re
4690 3062 4800 3140 ip&

2880 3147 3074 3211 etiam
3112 3145 3299 3211 facit:
3345 3144 3517 3229 quod
3563 3146 3631 3210 in
3674 3144 3937 3211 Davide
3978 3145 4111 3210 Dei
4152 3167 4343 3211 servo
4392 3159 4715 3229 tanquam
4751 3144 4803 3209 iu

2879 3231 3140 3316 speculo
3185 3231 3368 3296 nobis
3411 3230 3565 3298 licet
3606 3232 4052 3313 contemplari.

3052 3317 3394 3384 Caeterum
3480 3319 3755 3382 tentatio
3821 3318 3932 3381 illa
3993 3320 4260 3400 gravior
4322 3317 4567 3384 fuisset
4632 3317 4806 3383 Davi·

2880 3402 3157 3486 demque
3217 3403 3483 3484 gravius
3538 3404 3859 3486 potuisset
3899 3403 4178 3483 afficere,
4236 3402 4294 3467 si
4342 3404 4699 3469 verborum
4739 3404 4808 3464 le-

2881 3489 3137 3555 nocinio
3183 3502 3252 3553 et
3298 3488 3627 3553 blanditiis
3683 3487 3916 3553 fuisset
3973 3487 4056 3552 ab
4114 3488 4420 3554 hostibus
4483 3487 4803 3556 delinitus:

2880 3597 3033 3639 nam
3102 3575 3244 3639 fieri
3312 3584 3564 3658 poterat
3628 3587 3701 3640 ut
3755 3572 4147 3641 Philisthaei
4206 3573 4551 3642 Davidem
4622 3586 4805 3639 trans-

2879 3660 3103 3745 fugam
3147 3661 3616 3739 existimantes,
3660 3669 3726 3724 et
3768 3681 3991 3744 regem
4028 3658 4301 3726 Saulem
4336 3663 4473 3743 ipsi
4504 3663 4807 3726 infensum

2879 3747 3177 3830 persequi
3222 3746 3305 3811 ad
3342 3765 3583 3828 poenas
3625 3745 4004 3830 fugientem,
4050 3767 4205 3810 eum
4240 3767 4397 3811 cum
4437 3745 4691 3831 gaudio
4728 3766 4813 3807 ex·

2879 3833 3191 3916 ciperent,
3257 3841 3323 3897 et
3392 3831 3646 3896 blandis
3719 3832 3939 3896 verbis
4019 3833 4363 3896 incautum
4437 3834 4809 3899 delinirent:

2880 3917 3151 4001 pulchre
3216 3938 3435 3983 secum
3503 3919 3607 4002 agi
3674 3930 4015 4000 putantes,
4093 3917 4353 4000 sibique
4418 3917 4811 4003 gratulantes

2881 4004 3080 4068 talem
3126 4016 3509 4086 tantumque
3556 4004 3771 4068 virum
3818 4004 3899 4068 ab
3935 4002 4258 4069 Israelitis
4303 4002 4657 4071 defecisse.
4720 4002 4809 4065 At·

2881 4112 3005 4172 que
3040 4090 3168 4155 ista
3216 4090 3352 4154 sere
3388 4100 3544 4153 sunt
3582 4090 4043 4172 primariorum
4082 4091 4379 4154 virorum
4423 4102 4636 4166 artes,
4680 4089 4809 4153 haee

2880 4175 3114 4255 studia,
3160 4186 3230 4240 ut
3275 4194 3386 4239 eos
3422 4174 3504 4239 ad
3541 4196 3610 4240 se
3650 4174 4226 4259 pollicitationibus
4263 4176 4636 4259 pelliciunt,
4678 4192 4809 4257 quos

2882 4261 3057 4327 viros
3127 4261 3323 4325 fortes
3387 4261 3604 4342 fuisse,
3668 4269 3738 4326 et
3802 4261 4008 4325 multa
4070 4261 4367 4344 pericula
4432 4261 4720 4328 subiisoe
4766 4270 4814 4322 et

2882 4347 3143 4430 egregie
3202 4346 3411 4411 multa
3467 4346 3746 4431 gessisse
3805 4345 3960 4411 belli
4027 4360 4320 4429 tempore
4383 4348 4704 4423 viderint,
4762 4356 4814 4406 nt

2883 4454 3015 4497 non
3059 4430 3342 4514 amplius
3387 4431 3607 4497 hostes
3652 4432 3853 4497 fuisse
3899 4433 4340 4497 meminerint.
4435 4434 4595 4500 Sibi
4642 4432 4811 4517 igitur

2880 4517 3085 4583 Achis
3141 4514 3493 4584 adventum
3540 4516 3821 4585 Davidis
3879 4519 4201 4602 gratulari
4247 4530 4538 4601 poterat,
4602 4534 4667 4584 et
4712 4516 4811 4581 vit·

2884 4605 3041 4668 tutis
3106 4603 3287 4668 illius
3332 4625 3581 4668 memor
3639 4604 3892 4669 hostem
3937 4604 4247 4683 oblivisci,
4305 4617 4377 4670 et
4419 4608 4713 4671 amicum
4750 4620 4809 4663 ex

2885 4690 3069 4755 hoste
3122 4690 3334 4755 facere
3392 4691 3631 4769 conari,
3692 4690 4216 4773 quandoquidem
4281 4693 4479 4758 rebus
4544 4688 4811 4774 angustis

2883 4774 2966 4840 ad
3019 4796 3089 4840 se
3143 4775 3563 4860 confugisset.
3670 4775 4086 4841 Tantundem
4145 4776 4352 4860 igitur
4408 4777 4496 4841 de
4558 4776 4807 4841 hostium

2883 4860 3129 4927 viribus
3195 4860 3562 4927 detractum
3624 4862 3999 4928 videbatur:
4068 4883 4144 4927 ac
4200 4863 4483 4946 proinde
4547 4884 4685 4928 non
4734 4856 4805 4922 illi

2881 4946 3340 5030 imputandum
3406 4948 3461 5012 si
3530 4968 3648 5030 pro
3708 4947 3919 5029 patria
3976 4954 4043 5012 et
4098 4969 4257 5032 rege
4317 4949 4594 5014 fortiter
4650 4962 4805 5011 antea

2883 5054 3024 5098 sese
3091 5034 3430 5115 gessisset:
3495 5033 3607 5098 sed
3675 5034 3894 5116 potius
3959 5034 4172 5117 gratia
4240 5047 4308 5100 et
4373 5030 4809 5101 benevolentis

2883 5118 3380 5184 conciliandum.
3490 5123 3712 5202 Atque
3792 5121 3956 5185 istae
4022 5130 4378 5203 potuerunt
4442 5142 4601 5186 esse
4664 5116 4803 5199 regi!

2888 5204 3089 5269 Achis
3135 5205 3692 5270 ratiocinationes:
3739 5226 3906 5287 quae
3950 5206 4007 5270 si
4050 5227 4208 5283 erga
4248 5204 4585 5273 Davidem
4632 5205 4801 5271 locum
