5059 6059
782 339 914 406 499

788 532 1053 616 quidem
1124 533 1544 616 conquerenti
1615 531 1786 616 parti
1873 529 2188 597 iustitiam
2277 530 2736 597 administrare

792 619 961 685 velle
1021 618 1353 697 simulant,
1415 618 1530 684 sed
1589 618 1857 683 interim
1916 616 2276 683 connivent
2318 625 2386 683 et
2445 617 2733 700 spatium

788 703 1081 789 fugiendi
1141 704 1335 768 alteri
1379 704 1767 771 concedunt.
1857 701 1991 770 Sed
2050 722 2187 767 non
2242 703 2334 768 ita
2379 702 2565 768 Deus
2625 703 2735 786 qui

787 790 1140 874 improbos,
1199 790 1455 856 etiamsi
1502 790 1846 876 fugientes,
1908 789 2171 872 reperit,
2216 797 2281 853 et
2324 810 2560 854 manus
2604 789 2735 853 illis

787 877 1030 954 iniicit,
1098 887 1296 959 atque
1361 875 1513 941 licet
1583 874 1965 941 furibundos
2033 883 2102 939 et
2173 875 2381 940 instar
2445 877 2732 939 ferarum

789 962 1188 1042 saevientes,
1248 971 1314 1026 et
1369 962 1662 1027 furentes
1729 960 1997 1026 domare
2058 961 2276 1038 novit,
2344 966 2410 1026 et
2473 975 2734 1044 tempus

788 1058 1234 1133 opportunum
1280 1046 1519 1113 iudicio
1574 1069 1691 1113 suo
1736 1047 2172 1131 praescripsit.
2262 1045 2491 1127 Quum
2536 1048 2736 1127 igitur

786 1133 1231 1200 innocentiam
1292 1141 1579 1199 nostram
1641 1133 2159 1216 patefecerimus,
2215 1139 2281 1198 et
2338 1154 2455 1198 nos
2515 1153 2732 1215 perse-

787 1218 1142 1304 quentibus
1178 1220 1336 1286 vitia
1364 1240 1484 1284 sua
1521 1218 1981 1297 detexerimus,
2026 1237 2139 1284 eos
2183 1227 2402 1282 tamen
2441 1218 2520 1282 ad
2555 1217 2733 1283 viam

788 1307 1145 1384 meliorem,
1184 1317 1249 1371 et
1283 1305 1363 1370 ad
1403 1305 1970 1371 mansuetudinem
1996 1324 2306 1370 revocare
2336 1302 2732 1383 studeamus,

789 1412 1029 1474 eosque
1103 1389 1184 1456 ad
1251 1392 1560 1456 vitiorum
1605 1391 2069 1474 poenitentiam
2124 1410 2244 1473 pro
2289 1398 2514 1455 nostra
2562 1389 2731 1454 virili

789 1478 1205 1543 deducamus.
1252 1477 1344 1542 At
1380 1477 1438 1543 si
1472 1478 1699 1542 moniti
1745 1498 1876 1541 non
1924 1476 2335 1560 resipuerint,
2381 1485 2447 1540 et
2493 1475 2735 1540 nostris

791 1562 1349 1631 cohortationibus
1416 1575 1479 1627 et
1549 1563 1847 1646 exemplo
1910 1559 1990 1627 ad
2073 1561 2406 1627 meliorem
2473 1561 2731 1645 frugem

789 1672 921 1716 non
968 1650 1250 1715 revocati
1289 1650 1553 1729 fuerint,
1599 1648 1711 1714 sed
1749 1647 2175 1733 pertinaciter
2210 1648 2280 1711 in
2319 1647 2570 1712 malitia
2593 1667 2736 1732 per-

788 1736 1254 1813 severaverint,
1300 1743 1439 1800 tum
1489 1736 1570 1800 ad
1616 1734 1835 1799 Deum
1884 1736 2099 1816 ipsum
2147 1752 2500 1815 provocare
2543 1753 2732 1816 coge-

789 1843 959 1905 mur,
1028 1821 1328 1903 diemque
1386 1820 1517 1886 illis
1574 1839 1791 1886 coram
1852 1820 1980 1883 Dei
2046 1819 2360 1884 tribunali
2419 1819 2730 1884 iudicium

786 1908 1093 1973 ultimum
1142 1905 1372 1984 dicere,
1418 1915 1485 1972 et
1527 1906 1830 1991 indignos
1875 1906 1986 1988 qui
2032 1906 2173 1969 istis
2219 1905 2549 1971 beneficiis
2591 1904 2732 1969 fru-

787 2003 986 2058 antur
1042 1990 1405 2073 ostendere,
1463 2013 1742 2075 quorum
1803 1991 2065 2057 tandem
2127 1990 2282 2055 olim
2343 2010 2560 2057 coram
2605 1990 2732 2055 Dei

789 2078 1101 2144 tribunali
1147 2078 1469 2143 rationem
1517 2077 1838 2143 reddituri
1883 2078 2037 2155 sint,
2097 2087 2165 2141 et
2221 2087 2377 2143 tunc
2422 2076 2733 2159 agnituri,

786 2173 1052 2248 crepent
1099 2164 1269 2247 licet,
1313 2175 1381 2229 et
1419 2163 1724 2229 dentibus
1769 2163 2096 2240 frendant,
2145 2163 2361 2236 nullas
2395 2181 2537 2227 esse
2582 2162 2735 2225 late·

786 2249 938 2316 bras
994 2249 1230 2333 quibus
1290 2250 1576 2332 ipsorum
1626 2248 1965 2332 turpitudo
2028 2250 2158 2332 tegi
2206 2250 2425 2330 possit.
2508 2246 2734 2328 Quare

788 2337 913 2403 hoc
975 2335 1261 2400 officium
1318 2346 1614 2399 nostrum
1678 2345 1778 2399 est
1819 2356 1977 2417 erga
2020 2335 2338 2413 inimicos,
2399 2342 2474 2399 ιιι
2518 2333 2733 2416 questi

786 2420 962 2504 apud
1007 2423 1180 2504 ipsos
1227 2421 1307 2486 de
1344 2421 1648 2485 omnibus
1695 2419 1894 2484 illatis
1933 2421 2117 2485 nobis
2161 2419 2438 2499 iniuriis,
2484 2431 2550 2483 et
2585 2437 2737 2485 con-

790 2509 999 2573 victos
1046 2506 1126 2570 dc
1171 2507 1624 2588 iniquitatibus
1669 2505 1799 2570 Dei
1844 2505 2061 2572 iudicii
2107 2506 2304 2570 minis
2351 2515 2732 2584 terreamus,

790 2605 859 2658 et
893 2613 1109 2659 coram
1135 2592 1278 2657 Deo
1304 2591 1473 2657 diem
1519 2593 1678 2674 ipsis
1715 2591 2020 2657 dicamus.
2071 2590 2420 2658 Caeterum
2452 2611 2732 2657 summo-

791 2699 946 2761 pere
1004 2698 1351 2743 caveamus
1409 2698 1493 2742 ne
1535 2678 1661 2742 Dei
1720 2698 1956 2742 nomen
2018 2687 2263 2743 temere
2323 2698 2729 2760 usurpemus,

789 2774 855 2830 et
921 2764 1412 2830 meminerimus
1478 2762 1843 2829 horrendae
1919 2762 2100 2828 illius
2170 2761 2730 2830 comminationis:

789 2849 1009 2916 Deum
1055 2871 1190 2913 non
1251 2849 1723 2933 permissurum
1784 2850 2053 2932 impune
2097 2849 2288 2929 ferre,
2347 2849 2454 2931 qui
2492 2869 2729 2913 nomen

787 2937 995 3019 ipsius
1040 2947 1284 3000 temere
1330 2944 1397 2999 et
1440 2936 1508 2999 in
1554 2955 1802 3000 vanum
1849 2935 2242 3017 acceperint.
2314 2936 2534 3021 Atque
2569 2934 2730 3000 haec

788 3022 1086 3088 doctrina
1142 3030 1244 3086 est
1307 3043 1382 3085 eo
1442 3020 1821 3103 diligentius
1881 3019 2323 3096 observanda,
2393 3040 2521 3104 quo
2583 3041 2730 3102 pro-

787 3107 1088 3174 cliviores
1124 3105 1206 3172 ad
1230 3128 1466 3172 nomen
1492 3106 1621 3171 Dei
1667 3116 1910 3172 temere
1935 3105 2384 3189 usurpandum
2430 3107 2733 3170 hominos

787 3193 1110 3260 videmus.
1172 3192 1388 3274 Quam
1436 3214 1628 3275 saepe
1673 3194 1846 3257 enim
1883 3192 2077 3256 multi
2121 3192 2338 3257 Deum
2389 3191 2732 3272 advocant,

788 3274 1165 3361 testemque
1197 3290 1263 3343 et
1297 3278 1578 3344 iudicem
1625 3278 1747 3344 sibi
1792 3278 1953 3361 ipsis
1993 3278 2229 3351 ferunt,
2276 3278 2388 3342 sed
2425 3278 2728 3355 inaniter,

788 3376 855 3431 et
875 3365 1376 3432 fraudulenter?
1420 3363 1599 3431 Sane
1624 3362 1841 3428 David
1867 3384 2035 3430 unus
2058 3372 2176 3428 aut
2197 3362 2363 3428 alter
2393 3364 2458 3428 in
2488 3364 2732 3429 mundo

788 3452 1171 3535 reperietur,
1238 3460 1306 3515 et
1346 3450 1536 3516 multi
1573 3451 1686 3533 qui
1723 3469 2090 3515 sermonem
2124 3450 2330 3532 ipsius
2367 3449 2731 3515 imitantur.

790 3536 925 3603 Sed
971 3556 1210 3619 quaeso
1254 3556 1381 3619 quo
1440 3535 1742 3615 candore,
1796 3555 2010 3618 quave
2070 3535 2469 3617 integritate,
2532 3557 2733 3619 quum

790 3622 903 3688 alii
947 3622 1193 3706 periuri
1238 3622 1395 3702 sint,
1438 3621 1550 3686 alii
1594 3629 2078 3686 sacrosanctum
2124 3620 2251 3686 Dei
2298 3642 2537 3687 nomen
2584 3642 2732 3704 pro-

788 3709 1037 3791 fanent,
1082 3720 1147 3773 et
1190 3708 1528 3773 simiarum
1560 3726 1741 3772 more
1777 3717 2032 3772 tantum
2069 3706 2409 3772 imitentur
2444 3706 2734 3773 fidelium

791 3794 919 3859 Dei
976 3814 1316 3859 servorum
1360 3813 1553 3859 voces
1598 3792 1762 3870 illas,
1818 3792 1997 3859 Deus
2040 3794 2215 3859 testis
2264 3798 2405 3859 esto.
2487 3792 2734 3874 Quam·

793 3880 1014 3946 obrem
1059 3900 1262 3961 quum
1299 3878 1381 3943 ad
1405 3878 1618 3943 Deum
1666 3898 2108 3962 provocamus,
2156 3887 2223 3943 et
2266 3899 2484 3944 coram
2530 3879 2734 3963 ipsius

796 3964 1115 4031 tribunali
1160 3963 1329 4048 parti
1390 3965 1803 4030 adversariae
1869 3964 2040 4029 diem
2110 3963 2408 4044 dicimus,
2486 3974 2737 4032 attente

795 4072 933 4117 rem
982 4061 1184 4116 totam
1221 4050 1682 4133 expendamus,
1729 4062 1795 4115 et
1830 4069 2048 4115 coram
2093 4051 2236 4134 ipso
2273 4053 2412 4115 sine
2456 4062 2736 4133 patrono

794 4158 1061 4204 causam
1103 4135 1443 4202 dicendam
1468 4136 1768 4211 sciamus,
1799 4145 1875 4201 ut
1909 4135 2202 4218 loquitur
2225 4135 2445 4201 David
2469 4136 2735 4202 Psalmo

797 4223 1092 4306 septim0.
1184 4219 1334 4302 Quo
1384 4221 1521 4287 loco
1580 4242 1650 4287 se
1709 4243 1842 4286 non
1901 4221 2351 4303 imprudenter
2406 4221 2485 4287 de
2530 4221 2737 4288 Saule

798 4309 1142 4393 loquutum
1189 4318 1486 4382 testatur,
1532 4305 1613 4371 ad
1660 4308 1878 4373 Deum
1923 4308 2097 4373 enim
2139 4323 2464 4392 provocat.
2521 4307 2733 4374 Haec·

800 4415 926 4478 que
972 4392 1270 4461 doctrina
1305 4391 1683 4458 meditanda
1718 4393 1905 4458 nobis
1942 4392 2294 4477 diligenter
2332 4394 2736 4477 proponitur,

800 4480 1007 4546 donec
1052 4501 1194 4545 eam
1287 4481 1438 4546 robe
1485 4478 1919 4544 didicerimus.
1990 4478 2331 4559 Quomodo
2375 4479 2581 4564 igitur
2623 4502 2737 4546 vo-

800 4566 1047 4632 candus
1091 4567 1179 4631 sit
1223 4501 1407 4631 Deus
1452 4566 1656 4646 testis,
1694 4585 1776 4629 ex
1820 4563 2098 4631 Davidis
2143 4565 2443 4648 exemplo
2490 4564 2739 4631 discere

695 4665 702 4672 ’
799 4651 971 4717 licet.
1042 4649 1232 4731 Quod
1280 4652 1593 4716 nimirum
1652 4650 1709 4717 si
1753 4650 2015 4733 quando
2059 4650 2300 4716 iniuste
2342 4671 2737 4728 accusemur,

803 4736 885 4801 ad
922 4757 1146 4819 preces
1170 4737 1642 4820 confugiamus,
1686 4742 1753 4801 et
1791 4735 2179 4802 intrinsecus
2203 4737 2329 4801 Dei
2368 4739 2740 4802 reverentia

803 4823 1164 4887 afficiamur
1222 4822 1404 4886 nulla
1457 4822 1679 4887 habita
1718 4821 2154 4887 humanarum
2202 4842 2417 4886 rerum
2466 4825 2737 4889 ratione.

804 4906 881 4974 Si
918 4909 1004 4974 sit
1040 4907 1222 4973 nobis
1257 4907 1653 4972 conscientia
1689 4907 1875 4973 testis
1909 4909 2313 4973 innocentiae
2347 4909 2490 4974 sine
2519 4919 2740 4975 osten-

806 4994 1083 5074 tatione,
1151 4996 1206 5060 si
1272 4994 1578 5060 obtestari
1645 5003 1713 5060 et
1769 4993 1953 5076 queri
2017 4994 2191 5059 iuste
2257 4996 2609 5075 possimus,
2675 5004 2741 5060 et

803 5101 1092 5163 expanso
1138 5095 1489 5164 apertoque
1532 5079 1723 5145 corde
1768 5079 1981 5146 dicere
2037 5080 2207 5157 licet,
2256 5079 2481 5145 Iustus
2525 5103 2596 5147 es
2641 5082 2737 5146 iu·

803 5165 929 5231 dex
953 5165 1255 5246 Domine,
1303 5165 1382 5231 de
1427 5173 1655 5231 nostra
1698 5187 1892 5232 causa
1936 5165 2139 5250 igitur
2181 5167 2348 5230 ferto
2392 5167 2737 5233 iudicium:

805 5263 962 5319 tunc
1017 5261 1268 5319 certum
1329 5261 1447 5329 est,
1527 5272 1644 5317 nos
1700 5273 1912 5335 neque
1974 5254 2196 5337 lingua
2256 5273 2467 5336 neque
2521 5255 2736 5320 verbis

2365 340 2775 408 HOMILIA
2822 339 3208 408 LXXXVI.
4603 347 4690 413 500

2837 530 3000 597 falso
3038 531 3252 596 Deum
3299 530 3576 596 iudicem
3623 531 4067 611 advocaturos,
4115 541 4192 597 ut
4219 532 4431 598 David
4471 547 4690 617 precatus

2838 623 2939 683 est
2981 615 3199 682 Deum
3249 625 3323 681 ut
3371 615 3691 683 indicaret
3741 618 3919 683 inter
3975 638 4046 683 se
4089 627 4156 683 et
4200 616 4479 685 Saulem.
4546 621 4689 687 Porro

2836 723 3031 785 quum
3073 700 3292 767 Deum
3337 704 3547 787 ipsum
3596 702 3822 768 David
3864 702 4140 770 advocat
4181 704 4430 788 psalmo
4470 705 4566 770 illo
4599 729 4697 790 sep-

2839 790 3018 869 timo,
3063 798 3127 852 et
3172 789 3252 853 de
3288 809 3484 855 causa
3539 809 3653 855 sua
3712 799 3787 854 ut
3830 789 4070 855 iudicet
4127 801 4446 874 precatur,
4504 798 4703 871 testans,

2836 894 2907 939 se
2951 895 3211 958 semper
3255 896 3413 958 erga
3449 875 3719 941 Saulem
3759 884 4002 940 rectam
4051 885 4335 942 mentem
4373 876 4705 943 habuisseet

2837 958 3098 1025 fidelem
3142 980 3406 1042 operam
3452 961 3579 1044 ipsi
3624 981 3921 1037 navasse,
3981 970 4049 1026 et
4101 982 4289 1026 suam
4335 965 4704 1029 innocentiam

2837 1046 3140 1113 omnibus
3198 1055 3502 1112 testatam
3565 1048 3822 1123 fecisse,
3892 1068 4203 1131 magnam
4271 1049 4707 1114 consolationem

2838 1152 2922 1196 ex
2982 1151 3059 1196 eo
3120 1131 3337 1215 potuit
3394 1133 3565 1216 perci
3615 1154 3741 1210 ere,
3803 1140 3868 1198 et
3930 1134 4053 1199 hac
4108 1132 4346 1199 fiducia
4398 1132 4628 1200 Saulem
4660 1147 4708 1199 ut

2838 1217 2995 1284 fecit
3038 1238 3258 1283 coram
3304 1217 3431 1284 Dei
3482 1220 3562 1282 tri
3611 1217 3792 1283 unali
3838 1219 4089 1284 sistere.
4135 1217 4566 1300 Quamobrem
4602 1221 4711 1284 hinc

2838 1303 3164 1370 discamus
3210 1303 3409 1369 variis
3453 1305 3714 1370 iniuriis
3756 1317 3823 1369 et
3858 1305 4275 1371 contumeliis
4319 1306 4585 1372 lacessiti
4616 1327 4711 1370 mn·

2839 1389 3112 1455 destiam
3156 1391 3386 1469 colere,
3444 1405 3517 1454 ιιι
3558 1411 3777 1455 coram
3822 1390 3966 1455 Deo
4009 1392 4281 1467 sineere,
4345 1403 4415 1457 et
4447 1394 4576 1458 sine
4610 1391 4713 1456 fuco

2836 1485 3130 1541 nostram
3192 1476 3632 1542 innocentiam
3695 1477 3987 1560 proferre
4025 1477 4353 1558 possimus
4397 1486 4463 1542 et
4504 1479 4715 1542 eandem

2836 1561 3011 1644 apud
3060 1562 3359 1627 homines
3418 1560 3498 1626 de
3540 1560 3728 1627 nobis
3785 1562 4158 1645 opinionem
4218 1564 4518 1629 retinere.
4595 1563 4715 1628 Nam

2836 1649 2892 1712 si
2939 1657 3197 1712 tantum
3245 1647 3541 1713 homines
3584 1647 3749 1730 bene
3794 1647 3874 1713 de
3919 1647 4110 1713 nobis
4153 1650 4506 1732 opinentur
4542 1659 4601 1715 et
4634 1670 4719 1713 nos

2837 1735 3098 1816 propria
3141 1734 3535 1799 conscientia
3578 1734 3955 1819 redarguat,
4000 1744 4069 1799 et
4100 1735 4281 1800 intus
4317 1736 4576 1800 infinita
4604 1736 4720 1799 vitia

2837 1820 3194 1899 foveamus,
3240 1840 3369 1902 qua
3415 1818 3627 1884 fronte
3674 1831 3967 1886 nostram
4011 1821 4459 1887 innocentiam
4496 1821 4721 1905 profere-

2839 1926 3003 1981 mus,
3071 1903 3423 1988 Deumque
3472 1904 3754 1971 iudicem
3798 1906 3969 1988 parti
4016 1907 4434 1972 adversariae
4480 1907 4720 1972 feremus

2837 1989 3060 2071 Quare
3120 2012 3250 2055 non
3306 1990 3468 2056 satis
3524 2002 3626 2056 est
3681 1990 3763 2055 ad
3824 1991 4039 2057 Deum
4098 2012 4478 2074 provocare,
4531 1992 4642 2057 nisi
4678 1989 4725 2055 id

2836 2078 2979 2141 sine
3018 2077 3161 2142 fuco
3206 2087 3274 2141 et
3316 2097 3476 2142 sana
3511 2077 3908 2143 conscientia
3944 2078 4078 2157 fiat,
4124 2079 4311 2142 multi
4357 2080 4534 2144 enim
4567 2078 4727 2161 hypo·

2836 2163 3040 2228 critae
3087 2164 3363 2227 nimium
3420 2160 3839 2247 impudenter
3883 2164 3964 2228 ad
4009 2165 4225 2229 Deum
4285 2183 4628 2248 provocare
4659 2182 4727 2227 sc

2837 2249 2993 2323 lent,
3040 2258 3108 2312 et
3151 2269 3222 2313 se
3265 2247 3348 2312 ab
3391 2249 3570 2312 omni
3606 2248 3797 2333 culpa
3832 2248 4068 2314 liberos
4103 2252 4489 2316 existimare
4523 2251 4574 2314 si
4596 2247 4727 2331 apud

2839 2333 3139 2399 homines
3181 2333 3416 2399 bonam
3476 2334 3718 2399 famam
3765 2343 3828 2398 et
3872 2336 4395 2401 aestimationem
4441 2337 4728 2400 retineant.

2843 2417 2976 2486 Sed
3021 2440 3096 2485 eo
3132 2419 3409 2485 candore
3455 2431 3521 2484 et
3563 2420 3935 2486 sinceritate
3972 2420 4413 2487 accedendum
4462 2423 4540 2487 ad
4564 2421 4730 2485 Deum

2841 2516 2962 2587 est,
3010 2526 3142 2587 qua
3187 2504 3514 2571 Davidem
3558 2506 3880 2584 videmus,
3947 2507 4501 2590 quemadmodum
4544 2505 4729 2572 etalio

2838 2590 2978 2657 loco
3030 2592 3243 2657 Deum
3305 2592 3503 2656 etiam
3559 2593 3872 2658 invocans
3929 2603 4074 2657 orat
4135 2601 4211 2657 ut
4268 2615 4469 2659 renes
4526 2613 4658 2660 suos
4689 2605 4733 2656 et

2839 2677 3265 2761 cogitationes
3301 2687 3643 2756 scrutetur,
3699 2699 3826 2761 quo
3871 2699 4076 2762 purus
4118 2700 4342 2745 coram
4405 2681 4543 2763 ipso
4582 2698 4733 2762 appa·

2839 2771 2998 2841 reat,
3051 2773 3119 2828 et
3161 2763 3230 2828 in
3279 2763 3606 2829 fornacem
3650 2765 3901 2845 coniici,
3964 2774 4037 2829 ut
4082 2775 4401 2847 tanquam
4441 2785 4657 2831 aurum
4688 2773 4732 2827 et

2836 2859 3188 2933 argentum
3212 2860 3635 2934 expurgetur.
3680 2849 3818 2915 Nos
3850 2851 4055 2936 igitur
4087 2851 4141 2915 si
4176 2851 4325 2916 sine
4370 2853 4519 2917 fuco
4560 2848 4735 2915 testari

2836 2955 3053 3000 coram
3093 2933 3238 3000 Deo
3274 2956 3635 3017 possumus,
3680 2957 3799 3000 nos
3834 2957 3965 3001 non
4007 2936 4288 3019 amplius
4332 2956 4559 3003 amore
4576 2934 4737 3002 nostri

2835 3021 3134 3098 retineri,
3194 3040 3406 3105 neque
3460 3021 3832 3105 arrogantia
3890 3022 4078 3087 nobis
4144 3023 4453 3105 ingenita
4506 3033 4734 3105 turgere,

2838 3116 2977 3171 tum
3038 3127 3189 3173 vere
3248 3126 3464 3172 coram
3523 3105 3690 3186 Deo,
3758 3118 3823 3171 et
3875 3128 4094 3174 coram
4156 3108 4542 3175 hominibus
4593 3109 4736 3172 inno-

2837 3193 3118 3259 centiam
3166 3204 3460 3258 nostram
3506 3193 3682 3257 tueri
3716 3195 4091 3275 poterimus,
4131 3194 4491 3278 Deumque
4532 3203 4738 3259 nonnae

2837 3298 3071 3344 causae
3114 3278 3415 3357 iudicem,
3460 3288 3529 3344 et
3570 3279 3967 3364 integritatis
4012 3289 4245 3345 testem
4291 3279 4612 3348 advocare
4642 3297 4737 3342 non

2837 3363 3356 3429 formidabimus.

3012 3450 3101 3514 Et
3151 3450 3231 3515 de
3290 3450 3433 3515 istis
3492 3448 3828 3516 hactenus.
3903 3449 4007 3514 Ad
4068 3450 4269 3517 aliam
4336 3451 4738 3535 quaestionem

2838 3543 3267 3611 transeamus,
3312 3556 3480 3618 quae
3522 3534 3628 3601 hic
3666 3535 4014 3615 suboritur,
4052 3535 4412 3603 licueritne
4457 3535 4681 3603 Davidi
4710 3554 4740 3598 a

2840 3622 3124 3686 Domino
3172 3619 3252 3686 de
3289 3619 3493 3687 Saule
3542 3620 3895 3688 vindictam
3939 3622 4296 3705 postulare.
4342 3624 4576 3708 Neque
4604 3621 4737 3687 enim

2838 3715 3095 3772 tantum
3140 3706 3564 3790 prohibemur
3605 3708 3933 3774 abstinere
3976 3708 4245 3788 ultione,
4319 3711 4443 3775 sed
4488 3709 4740 3776 iubemur

2837 3793 3031 3858 etiam
3079 3813 3196 3875 pro
3237 3792 3321 3858 iis
3357 3815 3397 3860 a
3439 3793 3671 3876 quibus
3713 3793 4020 3860 iniuriam
4056 3795 4356 3877 patimur
4381 3797 4593 3861 Deum
4632 3813 4741 3876 pre-

2836 3881 2991 3957 cari,
3036 3889 3107 3943 et
3142 3879 3419 3945 iniurias
3464 3880 3792 3963 patienter
3834 3880 4131 3956 tolerare,
4177 3899 4255 3945 ac
4303 3880 4592 3965 denique
4630 3879 4738 3944 vin-

2838 3964 3047 4029 dictae
3111 3965 3379 4030 minime
3442 3965 3658 4048 cupidi
3726 3986 3886 4032 esse.
3975 3966 4066 4031 Et
4129 3976 4359 4032 tamen
4427 3966 4633 4032 David
4688 3984 4741 4028 eo

2838 4050 3150 4115 devenire
3194 4050 3456 4118 videtur
3499 4063 3564 4114 et
3607 4072 3689 4115 ex
3733 4061 3920 4135 parte
3943 4050 4068 4116 Dei
4109 4065 4542 4137 praeceptum
4574 4052 4741 4118 obser·

2838 4157 2998 4203 vare
3037 4136 3117 4201 de
3158 4156 3228 4201 se
3273 4156 3407 4201 non
3466 4136 3838 4204 ulciscendo
3894 4139 4197 4203 manibus
4241 4141 4551 4222 propriis,
4604 4137 4741 4203 etin

2837 4222 3317 4305 compensando
3361 4221 3607 4287 malum
3643 4222 3830 4304 bono,
3887 4230 3956 4287 et
3996 4221 4421 4289 admonendo
4467 4224 4654 4292 Saule
4685 4220 4741 4285 de

2838 4307 3112 4393 perfidia
3136 4318 3201 4373 et
3223 4308 3629 4385 crudelitate,
3673 4330 3875 4393 eoque
3898 4307 4305 4375 dehortando
4347 4333 4439 4376 ne
4474 4313 4543 4377 in
4564 4309 4740 4376 eadem

2839 4402 3307 4477 perseveraret,
3353 4393 3465 4460 sed
3505 4394 3712 4459 altera
3734 4417 3815 4460 ex
3854 4407 4041 4478 parte
4060 4395 4261 4461 officii
4297 4397 4549 4462 oblitus
4585 4414 4739 4480 quum

2841 4479 3058 4545 addit:
3102 4479 3192 4545 Et
3231 4480 3571 4547 ulciscatur
3614 4501 3712 4545 me
3748 4481 4063 4548 Dominus
4106 4500 4185 4545 ex
4226 4485 4302 4548 te.
4351 4481 4548 4564 Quae
4586 4477 4741 4547 verbu

2841 4566 3165 4649 quendam
3212 4567 3349 4630 irae
3371 4575 3437 4630 et
3470 4566 3801 4633 vindictae
3842 4570 4063 4652 ignem
4107 4566 4445 4633 oecultum
4486 4567 4741 4635 videntur

2842 4651 3148 4717 indicare.
3190 4651 3317 4718 Ubi
3354 4652 3853 4734 observandum,
3896 4673 4082 4736 posse
4125 4673 4247 4720 nos
4276 4655 4741 4737 quidemDeum

2842 4737 3157 4804 advocare
3200 4737 3483 4804 iudicem
3522 4745 3588 4803 et
3632 4747 3852 4804 tamen
3894 4741 4038 4805 sine
4070 4739 4441 4822 iracundia,
4518 4749 4583 4806 et
4632 4737 4739 4802 sino

2842 4822 3055 4889 studio
3098 4823 3482 4907 perditionis
3523 4844 3749 4890 eorum
3794 4844 3835 4889 a
3875 4823 4110 4909 quibus
4154 4826 4607 4908 opprimimur.
4656 4821 4739 4888 Sic

2843 4909 2965 4976 hoc
3009 4908 3147 4975 loco
3191 4908 3408 4977 David
3455 4909 3670 4975 Deum
3722 4931 3916 4976 orans
3970 4920 4046 4978 ut
4101 4931 4171 4977 se
4216 4910 4591 4990 ulciscatur,
4642 4927 4736 4974 uon

2842 4996 3092 5078 expetit
3115 4994 3333 5062 Saulis
3376 4996 3719 5062 interitum
3764 5006 3881 5061 aut
3922 4996 4377 5063 confusionem
4423 5000 4533 5082 qui
4573 4995 4737 5081 potius

2840 5103 2923 5147 ex
2970 5082 3191 5146 animo
3238 5080 3508 5149 Saulem
3553 5082 3636 5147 ad
3687 5083 4020 5148 meliorem
4080 5093 4378 5150 mentem
4424 5086 4648 5158 venire,
4692 5089 4737 5143 et

2840 5167 3010 5233 seria
3053 5168 3454 5251 poenitentia
3489 5167 3569 5234 ad
3605 5168 3827 5234 Deum
3865 5169 4163 5236 converti
4198 5179 4516 5252 optasset.
4556 5167 4733 5252 Quum

2838 5253 3044 5338 igitur
3110 5252 3328 5320 Deum
3401 5255 3564 5338 petit
3616 5264 3690 5321 ut
3760 5275 3831 5321 se
3901 5253 4116 5339 ipsum
4190 5255 4576 5341 ulciscatur,
4640 5249 4731 5316 Du'
